1914 3184
973 742 1116 789 VIII.

707 875 812 926 DE
859 875 1385 927 CHERSONESO.

861 1029 1226 1054 ψ

346 1159 368 1175 ⁶
384 1152 615 1193 OnmmNEs
643 1151 694 1191 de
717 1151 976 1192 Chersoneso
1001 1158 1043 1192 et
1072 1151 1352 1214 philippicam
1378 1149 1477 1190 te1t1
1482 1164 1549 1190 ι111
1572 1148 1795 1203 Dionysius

290 1209 388 1249 Hal.
413 1209 492 1262 Ep.
513 1208 544 1248 I.
567 1209 620 1248 ad
645 1208 893 1248 Ammaeum
915 1223 955 1261 p
980 1220 1075 1262 737.
1102 1210 1195 1261 738.
1227 1207 1267 1246 in
1291 1207 1454 1260 Olymp.
1481 1218 1565 1256 109,
1588 1221 1625 1245 a
1650 1219 1689 1258 3.
1712 1206 1795 1258 (ar—

288 1266 441 1305 chonte
479 1265 694 1327 Sosigene)
733 1264 907 1311 confert
936 1279 1017 1317 quo
1048 1278 1158 1304 anno
1194 1278 1239 1303 re
1267 1278 1337 1302 vel
1339 1278 1364 1302 ιι
1398 1277 1469 1302 eas
1505 1261 1672 1302 habitas
1706 1276 1798 1301 esse

288 1321 474 1375 ipsalum
505 1321 743 1361 orationum
777 1325 1029 1371 ιι10·ι11111011ιι
1065 1319 1252 1373 applime
1285 1319 1546 1358 confirmant.
1608 1317 1796 1358 Habitae

287 1377 396 1417 enim
429 1381 538 1424 sunt,
563 1377 661 1415 dum
692 1376 951 1429 Philippus
942 1392 982 1415 m
1009 1375 1190 1416 Thracia
1211 1376 1472 1421 versabatur
1497 1378 1539 1414 et
1563 1373 1793 1427 expeditio·

288 1448 382 1473 nem
409 1433 497 1486 jam
529 1433 569 1471 in
604 1432 867 1485 Hellesponti
899 1432 1089 1486 regiones
1120 1432 1384 1479 moliebatur
1413 1446 1488 1484 per
1514 1445 1653 1483 quam,
1681 1429 1795 1469 brevi

288 1494 384 1542 post
425 1494 674 1542 susceptam
710 1489 874 1541 Olymp.
907 1503 994 1540 109,
1022 1503 1049 1539 4
1086 1488 1334 1528 Perinthum
1374 1487 1588 1527 obsidione
1629 1485 1796 1533 clausit,

287 1545 518 1598 deindeque
556 1544 815 1597 Byzantium
878 1545 929 1584 V.
959 1560 1018 1584 01.
1048 1545 1098 1584 de
1130 1545 1239 1584 Chel
1242 1558 1328 1583 son.
1362 1559 1399 1597 p
1434 1556 1499 1597 90
1533 1555 1598 1596 93,
1632 1557 1698 1593 94,
1728 1544 1794 1594 98,

294 1614 383 1645 100,
410 1615 498 1651 104.
526 1612 613 1653 105.
649 1600 754 1639 Phil.
780 1601 862 1640 ΙΙΙ.
885 1615 925 1653 p.
951 1613 1039 1653 115,
1067 1601 1153 1647 118,
1179 1613 1266 1639 120.
1330 1598 1584 1639 Accuratius
1606 1604 1797 1651 tempora

288 1657 596 1710 exploraturus,
625 1656 858 1695 orationem
887 1657 938 1695 de
964 1657 1161 1697 Oherson.
1185 1655 1319 1695 hieme
1350 1655 1538 1695 habitam
1566 1669 1667 1701 esse,
1691 1668 1796 1707 quae

289 1714 482 1760 doceant,
503 1712 637 1752 multa
663 1712 856 1760 invenies,
879 1727 1105 1765 eorumque
1134 1711 1313 1765 primum
1336 1716 1379 1751 et
1400 1710 1674 1751 clarissimum
1703 1724 1797 1749 con-

288 1769 426 1808 tinent
456 1769 584 1808 verba
620 1769 746 1808 haec:
785 1769 830 1807 οὐ
860 1771 934 1819 γὰρ
965 1770 1062 1808 οὕτω
1099 1768 1135 1819 γ’
1159 1768 1294 1817 εὐήθης
1328 1768 1436 1806 ἐστὶν
1464 1769 1570 1817 ὑμῶν
1601 1767 1725 1807 οὐδεὶς
1755 1765 1797 1807 ὃς

287 1825 562 1874 ὑπολαμβάνει
583 1825 652 1863 τὸν
674 1826 874 1864 Φίλιππον
894 1828 970 1864 τῶν
990 1826 1062 1873 μὲν
1085 1826 1127 1864 ἐν
1149 1822 1286 1876 Θρᾴκῃ
1313 1825 1709 1871 κακῶν-ἐπιθυμεῖν,
1735 1822 1797 1861 καὶ

288 1883 385 1931 ὑπὲρ
410 1884 477 1919 τοῦ
504 1884 624 1920 ταῦτα
652 1884 796 1929 λαβεῖν
819 1881 890 1920 καὶ
917 1882 1086 1921 πόνους
1113 1881 1184 1920 καὶ
1209 1884 1449 1932 χειμῶνας,
1479 1880 1540 1918 καὶ
1566 1879 1653 1919 τοὺς
1679 1878 1797 1929 ἐσχά-

289 1954 377 1978 τους
409 1937 605 1978 κινδύνους
632 1936 853 1986 ὑπομένειν,
877 1941 952 1976 τῶν
977 1938 1019 1976 δὲ
1039 1935 1229 1986 Ἀθήνησι
1255 1936 1425 1985 λιμένων
1452 1935 1638 1974 καὶ-οὐκ
1671 1935 1797 1973 ἐπιθυ-

289 1998 392 2043 μεῖν,
419 1994 524 2032 ἀλλὰ
554 1996 672 2031 ταῦτα
702 1994 774 2041 μὲν
801 1992 934 2032 ἐάσειν
960 1994 1055 2042 ὑμᾶς
1088 1993 1207 2044 ἔχειν,
1240 1993 1335 2041 ὑπὲρ
1361 1993 1402 2031 δὲ
1434 1995 1509 2030 τῶν
1539 1994 1710 2040 μελινῶν
1737 1990 1798 2029 καὶ

290 2053 365 2088 τῶν
388 2050 539 2100 ὀλυρῶν
555 2053 630 2087 τῶν
653 2049 695 2087 ἐν
711 2051 791 2089 τοῖς
808 2050 992 2101 Θρᾳκίοις
1013 2053 1136 2099 σιροῖς
1157 2050 1204 2088 ἐν
1225 2051 1280 2102 τῷ
1308 2047 1522 2100 βαράθρῳ
1548 2045 1798 2099 χειμάζειν.

291 2120 330 2157 p.
362 2118 450 2144 100.
516 2103 621 2144 lbid.
653 2118 692 2157 p.
726 2117 779 2155 90
808 2104 920 2155 (coll.
951 2106 1024 2155 98)
1063 2090 1327 2144 undecimiun
1363 2104 1452 2157 jam
1487 2116 1671 2143 mensem
1705 2115 1798 2141 cum

291 2160 475 2200 Thracia
510 2159 776 2213 expeditione
812 2166 1061 2213 occupatum
1098 2175 1187 2200 esse
1223 2160 1461 2214 Philippum
1494 2157 1799 2198 Demosthenes

292 2216 405 2256 (licit.
476 2216 600 2255 Hanc
636 2215 766 2269 igitur
804 2216 1093 2270 plaecedentis
1129 2215 1227 2256 anni
1263 2231 1357 2256 vere
1397 2219 1651 2268 susceperat
1689 2213 1799 2266 quod

293 2272 403 2312 idem
424 2272 514 2311 loco
535 2272 724 2324 proxime
745 2272 1015 2335 praecedenti
1042 2272 1136 2312 aliis
1158 2287 1208 2312 ex
1230 2271 1490 2326 argumentis
1516 2269 1795 2332 probavimus.

296 2328 344 2367 In
368 2327 591 2367 Thraciam
623 2327 753 2381 ioitur
783 2327 816 2366 si
850 2328 1180 2368 Anthesterione
1206 2342 1346 2367 mense
1373 2332 1448 2367 aut
1470 2324 1798 2388 Elaphebolione

293 2383 423 2423 movit
458 2382 688 2435 Philippus
722 2383 860 2423 oratio
891 2384 942 2423 de
973 2384 1172 2423 Cherson.
1202 2383 1363 2437 Olymp.
1390 2396 1479 2433 109
1507 2395 1530 2435 3
1566 2380 1799 2420 Posideone

294 2445 370 2480 aut
392 2438 634 2479 Gamelione
664 2439 812 2479 habita
843 2439 938 2479 sit³.
1001 2440 1091 2490 Quo
1123 2439 1164 2477 in
1196 2444 1384 2492 tempore
1414 2438 1496 2478 alia
1519 2451 1681 2491 quoque
1707 2451 1798 2476 ora-

295 2495 422 2536 tionis
443 2499 695 2549 argumenta
717 2495 973 2548 conspirant.
1037 2494 1205 2535 Etenim
1226 2510 1266 2548 p.
1285 2508 1339 2547 94
1359 2494 1661 2534 Demosthenes
1683 2492 1798 2532 audi-

295 2557 435 2592 torum
456 2551 617 2591 animos
638 2551 822 2591 advertit
842 2551 896 2591 ad
919 2550 1135 2590 imminens
1157 2565 1251 2590 ver:
1286 2550 1343 2601 ἆρ’
1362 2551 1475 2601 ὁρᾶτε
1497 2550 1559 2589 καὶ
1578 2549 1797 2600 λογίζεσθε,

295 2607 324 2647 ὦ
346 2609 381 2647 ἀ.
399 2606 499 2653 Ἀθ.,
521 2607 592 2656 τὴν
612 2608 802 2646 ἐπιοῦσαν
823 2607 927 2658 ὤραν
952 2610 1019 2646 τοῦ
1050 2609 1169 2652 ἔτους,
1201 2609 1253 2648 εἰς
1282 2606 1329 2656 ἣν
1358 2606 1498 2657 ἔρημόν
1521 2621 1622 2646 τινες
1652 2606 1798 2644 οἴονται

295 2667 376 2703 δεῖν
396 2663 465 2703 τὸν
479 2662 784 2712 “Ελλήσποντον
803 2664 907 2711 ὑμῶν
928 2666 1088 2712 ποιῆσαι
1110 2663 1171 2702 καὶ
1190 2666 1428 2713 παραδοῦναι
1449 2663 1650 2713 Φιλίππῳ;
1686 2675 1726 2713 p.
1744 2672 1796 2713 93

295 2733 422 2758 novas
443 2733 493 2758 ex
518 2717 770 2758 Macedonia
788 2718 1087 2772 Thessaliaque
1108 2718 1282 2771 copiasc
1269 2717 1406 2758 accire
1424 2716 1662 2769 Philippum
1683 2715 1796 2762 dicit,

295 2774 490 2813 nimirum
525 2779 572 2814 ut
608 2773 832 2828 incipiente
868 2789 961 2814 vere
998 2774 1195 2814 continuo
1231 2773 1270 2813 in
1308 2772 1571 2826 Hellesponti
1608 2771 1798 2825 regiones

295 2834 505 2875 moveret,
540 2830 766 2883 eodemque
791 2830 880 2869 loco
905 2834 1049 2870 or·at01
1070 2835 1238 2870 veretur
1263 2843 1313 2868 ne
1337 2827 1563 2882 Philippus*
1583 2830 1797 2880 exspecta-

673 2959 690 2975 ἃ
708 2952 798 2981 Conf.
820 2953 957 2983 Clinton.
978 2953 1060 2982 Fast.
1083 2952 1162 2985 Heu.
1181 2952 1239 2981 vol.
1261 2960 1286 2980 2.
1305 2962 1333 2990 p.
1353 2959 1419 2989 145.
