1935 3205
673 172 791 210 vim
813 171 1073 211 EFATIo.
1488 173 1622 211 xxxvii

115 278 254 312 dustria
285 278 341 313 M.
365 278 520 314 Simonis
550 279 719 320 Fabricii,
751 279 1074 327 NI«rcopiberlmzi,
1106 278 1252 319 Franci,
1284 279 1474 325 ‹liliqentvr
1507 280 1624 313 obscr-

114 347 229 376 valae.
290 342 524 389 Interspersa
546 350 633 378 sunt
655 342 883 378 lectionibus
905 342 1117 391 Augustani
1143 342 1289 391 judicia
1310 342 1356 377 (le
1385 342 1486 389 ipsis,
1510 343 1625 377 inter-

114 404 202 439 dum
236 413 273 440 et
303 409 560 454 conjecturae,
592 407 672 442 sine
704 415 879 442 auctore:
917 419 1034 453 penes
1065 420 1124 441 mc
1156 415 1281 441 tamen
1314 414 1458 441 certum
1490 415 1558 444 cst.
1582 420 1626 442 ea

115 482 191 504 non
214 483 235 505 a
256 470 349 505 Sim.
374 471 560 511 Fabricio,
584 472 648 507 sed
680 472 726 506 ab
754 472 836 519 ipso
854 472 993 506 Wolfio
1015 484 1096 507 csse
1118 471 1300 519 profecta.
1347 472 1508 506 Videtur
1529 485 1621 519 quo-

115 545 188 581 que
203 533 313 569 Wolf
327 534 517 569 delectum
541 535 672 571 fecisse
695 536 842 570 illarum
865 536 1087 575 lectionum,
1111 548 1186 570 non
1213 548 1358 574 omncs,
1383 548 1475 582 (pias
1498 535 1623 571 Fabri·

114 597 193 632 cius
221 597 253 633 ei
285 598 514 639 tradidisset,
538 598 765 646 publicasse.
825 599 899 635 Sed
923 600 1171 635 vehementer
1192 600 1228 634 in
1261 600 1323 634 illo
1353 600 1503 634 delectu
1536 612 1623 647 pec-

114 662 235 702 cavit;
267 662 388 697 multa
407 663 522 698 etiam
553 663 662 698 aliter
693 663 870 710 prodidit,
894 671 1008 709 atque
1035 663 1069 698 in
1101 663 1181 710 ipso
1203 663 1332 698 codice
1356 664 1488 710 reperi.
1548 664 1622 699 Sed
1640 674 1741 696 xxxv

113 725 184 760 huc
216 726 261 761 de
293 739 333 762 re
367 726 480 774 paulo
513 735 598 774 post
632 727 815 774 pluribus.
876 727 1046 762 Pertinet
1080 727 1153 762 huc
1189 727 1303 762 etiam
1339 728 1432 762 alius
1467 728 1573 763 locus
1606 742 1625 764 e

114 788 242 824 Wolfii
282 790 521 826 dedicatione
562 791 678 826 totius
716 792 841 838 operis
882 791 1181 828 Demosthe-nich
1224 804 1257 838 p.
1290 804 1324 835 4.
1386 792 1540 826 “Nunc
1580 792 1625 826 ad

113 852 248 888 MStos
269 854 420 889 codices
440 854 581 890 rede0''
599 855 833 898 ait.—Quae
852 855 1014 889 W'olfius
1035 855 1095 889 hic
1117 855 1169 889 ait
1190 855 1235 889 de
1256 855 1375 890 literis
1403 855 1501 889 illius
1523 855 1625 889 codi-

112 917 165 952 cis
187 918 342 953 minutis
363 926 401 953 et
422 918 594 959 exoletis,
617 932 710 966 quas
731 927 845 967 negat
866 918 924 954 vel
948 919 1127 954 adhibitis
1158 919 1320 966 specillis
1350 919 1563 966 perspicere
1586 932 1624 954 sc

111 981 293 1028 potuisse,
314 994 391 1017 non
412 995 565 1029 possum
587 983 677 1018 satis
698 983 839 1018 mirari.
898 983 999 1018 Nolo
1022 983 1198 1030 equidem
1221 982 1384 1018 frontem
1409 986 1488 1030 ejiis
1510 995 1621 1017 accu-

111 1058 205 1081 sare.
249 1046 318 1080 Vir
348 1047 529 1082 honestus
560 1059 636 1081 non
658 1047 808 1082 videtur
838 1047 925 1082 (lata
954 1060 1070 1094 opera
1098 1048 1282 1082 mentitus
1313 1060 1393 1082 esse
1424 1047 1623 1092 sciensque

111 1108 301 1145 fefellisse.
352 1110 642 1151 Verumtamen,
666 1111 694 1145 si
716 1123 807 1146 vera
837 1111 929 1146 dixit
954 1111 1220 1151 h.l.Wolfi11s,
1250 1124 1321 1147 nac
1352 1119 1504 1158 oportet
1535 1123 1621 1145 eum

109 1186 232 1220 paene
254 1186 409 1210 caecum
428 1173 552 1210 fuisse.
594 1175 741 1211 Vellem
766 1175 942 1222 equidem
966 1187 1099 1210 omncs
1120 1176 1269 1211 codices
1290 1174 1621 1215 Demosthenicos,

111 1249 206 1284 quos
227 1246 390 1274 tractare
412 1239 503 1273 mihi
523 1239 643 1279 licuit,
665 1247 742 1275 tam
771 1240 950 1286 pulchris,
974 1248 1050 1274 tam
1074 1240 1293 1287 perspicuis,
1316 1248 1392 1274 tam
1415 1238 1622 1285 grandibus

108 1301 240 1344 literis,
258 1310 335 1337 tam
357 1303 468 1350 plane
489 1311 525 1338 et
547 1303 748 1351 explicate,
772 1304 853 1338 sine
874 1303 1163 1345 abbreviamus,
1182 1304 1341 1350 scriptos
1363 1302 1489 1345 fuisse,
1507 1311 1622 1350 atque

109 1365 171 1400 hic
202 1373 259 1400 est
278 1367 524 1414 Augustanus
555 1367 725 1401 omnium
759 1367 938 1414 optimus.
998 1366 1163 1407 Literae,
1186 1366 1322 1413 quibus
1353 1373 1530 1401 exaratus
1559 1366 1622 1401 ille

110 1436 178 1470 est,
202 1429 413 1477 quadruplo
444 1433 606 1478 majores
634 1438 733 1471 sunt,
756 1438 868 1477 atque
899 1438 984 1465 sunt
1014 1430 1148 1465 literae
1176 1429 1358 1465 Bavarici.
1418 1430 1556 1465 Forma
1586 1437 1623 1464 et

108 1493 316 1540 proceritas
352 1493 549 1528 literarum
581 1502 760 1541 totusque
794 1494 947 1529 habitus
977 1494 1193 1541 scriptionis
1222 1506 1374 1541 prorsus
1405 1501 1462 1529 cst
1491 1492 1622 1528 similis

108 1557 329 1604 scripturae,
352 1570 426 1604 qua
456 1566 632 1593 exaratus
663 1566 720 1594 est
748 1558 867 1594 codex
899 1557 1228 1600 membranaceus,
1250 1559 1351 1593 unde
1379 1557 1623 1592 Constantini

109 1621 426 1670 porphyrogeniti
447 1622 712 1658 Ceremoniale
743 1623 1002 1670 Byzantinum
1034 1630 1120 1670 post
1150 1622 1348 1658 Leichium
1381 1622 1494 1662 edidi,
1517 1624 1623 1670 cujus

109 1685 318 1732 scripturae
341 1685 534 1732 specimen
558 1698 603 1720 ex
626 1698 713 1721 aere
735 1686 883 1721 caelato
904 1697 1124 1733 expressum
1152 1694 1309 1733 prostat.
1368 1685 1511 1720 Similis
1532 1685 1622 1720 item

109 1756 166 1784 est
196 1749 458 1784 Pentateucho
499 1749 752 1785 bibliothecae
791 1757 942 1785 nostrae
974 1749 1166 1791 Paulinae,
1204 1752 1310 1798 cujus
1350 1749 1544 1797 specimen
1576 1749 1621 1784 cl.

108 1812 308 1848 Fischerus
329 1812 457 1848 edidit.
515 1811 700 1860 Superest
723 1812 846 1848 adhuc
874 1813 938 1848 ille
965 1813 1083 1848 codex
1106 1814 1300 1862 Augustae
1316 1813 1620 1848 Vindelicorum.

110 1876 303 1924 Inspiciat‚
334 1877 551 1923 cuicunque
585 1876 697 1924 copia
730 1877 958 1924 inspiciendi
993 1877 1086 1912 erit:
1124 1877 1282 1919 videbit,
1316 1885 1401 1912 uter
1434 1884 1619 1916 nostrum,

108 1939 271 1976 Wolfius
305 1953 352 1976 an
388 1953 471 1990 ego,
506 1953 638 1976 verum
675 1940 826 1977 dixerit.
894 1941 1053 1977 Utinam
1093 1942 1287 1988 specimen
1328 1941 1481 1988 aliquod
1520 1940 1621 1975 illius

108 2004 250 2039 codicis
279 2004 442 2040 fideliter
476 2005 628 2040 chartae
664 2005 747 2040 oleo
777 2005 948 2040 imbutae
983 2005 1208 2052 inscriptum
1243 2005 1483 2039 sumsissem!
1546 2004 1622 2039 Sed

108 2068 188 2115 ipse
209 2069 426 2104 nesciebam
447 2069 545 2104 hanc
566 2076 685 2103 artem
707 2068 843 2103 ductus
863 2069 1058 2104 literarum
1087 2069 1140 2103 ita
1165 2068 1393 2115 excipiendi,
1416 2068 1620 2115 parcebam

108 2132 240 2173 oculis,
261 2131 486 2167 festinabam
509 2132 680 2167 codicem
698 2144 810 2179 quam
833 2133 996 2179 primum
1019 2132 1065 2167 ad
1087 2132 1262 2167 dominos
1283 2132 1490 2173 remittere,
1506 2144 1620 2179 quem

107 2209 249 2231 annum
281 2208 404 2243 paene
433 2208 549 2243 penes
578 2208 640 2231 me
669 2196 899 2237 habuissem,
921 2196 1097 2232 nolebam
1127 2208 1215 2231 eum
1239 2196 1385 2232 alienae
1405 2196 1494 2231 fidei
1515 2208 1620 2231 com-

108 2260 273 2295 mittere.
331 2259 523 2306 Quicquid
554 2267 622 2300 est,
645 2259 851 2308 grandibus
881 2259 1220 2308 pulcherrimisque
1249 2267 1286 2294 et
1315 2259 1416 2294 lectu
1446 2259 1620 2306 planissi-

108 2323 179 2358 mis
208 2323 327 2358 literis
357 2330 414 2358 est
445 2330 547 2358 totus
577 2331 762 2363 exaratus,
784 2323 855 2358 nisi
877 2323 978 2370 quod
1009 2330 1265 2358 atramentum
1296 2323 1521 2370 plerumque
1550 2323 1618 2358 fla-

106 2387 249 2427 vescit3
283 2400 357 2434 quo
384 2387 437 2429 fit,
469 2395 511 2422 ut
541 2387 586 2422 ad
619 2387 813 2423 lucernam
848 2388 992 2437 legenti
1026 2387 1119 2422 nihil
1150 2388 1393 2435 perspicuum
1427 2395 1618 2435 appareat.

106 2450 163 2486 De
184 2463 295 2486 sensu
319 2451 479 2498 quisque
501 2464 568 2487 suo
590 2451 744 2499 quidem
765 2452 872 2487 testis
893 2460 950 2487 est
971 2451 1218 2487 certissimus.
1279 2451 1375 2500 Ego,
1398 2452 1462 2499 qui
1484 2464 1617 2499 parum
1634 2467 1754 2490 xxxv1

107 2515 227 2550 oculis
256 2515 417 2558 valeam,
448 2523 486 2550 et
517 2515 647 2551 nescio
680 2528 726 2550 an
762 2515 887 2551 minus
922 2515 1051 2555 etiam,
1080 2528 1192 2563 quam
1229 2515 1308 2562 ipse
1328 2515 1446 2556 Wolf,
1477 2515 1523 2550 de
1559 2515 1619 2551 die

107 2586 237 2614 tamen
266 2579 368 2614 hunc
398 2579 664 2627 Augustanum
700 2579 885 2621 codicem,
918 2579 1183 2615 ducentesimo
1217 2578 1295 2614 fere
1329 2587 1415 2626 post
1445 2587 1619 2626 quartam

108 2641 337 2677 W'olfianam
371 2643 642 2678 Demosthenis
677 2643 884 2679 editionem
919 2656 1033 2684 anno,
1064 2643 1139 2691 legi
1173 2642 1404 2690 planissime.
1466 2642 1620 2677 Scholia

107 2713 236 2740 autem
264 2705 367 2740 illius
397 2706 537 2741 codicis
567 2713 654 2740 sunt
679 2706 744 2741 illa
764 2706 917 2753 quidem
939 2706 985 2741 ab
1007 2706 1140 2741 eadem
1171 2718 1300 2747 manu,
1323 2705 1442 2740 literis
1472 2705 1519 2740 ad
1543 2705 1619 2741 for-

106 2781 207 2804 mam
234 2769 386 2816 quidem
420 2769 618 2809 similibus,
645 2769 708 2804 sed
742 2768 863 2804 multo
893 2769 1169 2809 minutissimis,
1198 2777 1235 2804 et
1265 2781 1351 2804 cum
1382 2769 1619 2818 compendiis

105 2832 217 2881 longe
244 2831 415 2880 plurimis
440 2840 552 2879 atque
579 2832 873 2868 intricatissimis
897 2841 1062 2868 exarata.
1122 2832 1196 2867 Sed
1220 2832 1265 2868 de
1293 2832 1349 2867 his
1373 2833 1616 2879 postmodum

107 2909 174 2930 suo
206 2896 303 2939 loco,
335 2908 422 2931 eum
454 2895 501 2931 de
534 2896 606 2931 hoc
641 2896 772 2931 codice
806 2898 1028 2945 Augus-taho
1064 2896 1234 2944 pluribus
1269 2909 1391 2945 agam.
1451 2897 1618 2932 Diversis

106 2959 210 2995 hisce
231 2959 459 2996 lectionibus
481 2959 621 2995 codicis
641 2960 850 3008 Augustani
878 2960 1049 3008 subjecta
1076 2968 1163 2995 sunt
1184 2960 1221 2995 in
1244 2960 1409 2996 editione
1426 2960 1618 2996 Wolfiana
