1914 3184
285 103 368 141 248
806 106 882 144 DE
916 106 1273 146 SYMMORIIS.

286 211 420 259 putat,
443 207 594 248 afferat
614 208 740 248 hacc:
767 208 869 251 ‘'Ems
890 212 962 259 μὲν
994 211 1030 249 οἱ
1058 212 1342 250 πλουσιωτατοι
1362 213 1692 263 παρακρουόμενοι
1722 213 1791 262 την

285 267 403 301 πόλιν
436 264 509 303 σὺν
539 280 655 303 πεντε
690 281 750 303 και
784 265 823 313 ἓξ
857 268 1176 316 τριηραρχοῦντες
1208 266 1344 317 μέτρια
1377 267 1601 317 ἀνήλισκον,
1624 269 1792 320 ἡσυχίαν

285 317 383 368 ἦγον
409 319 524 358 οὑτοι·
559 319 689 367 ἐπειδη
720 321 759 358 δὲ
787 322 905 359 ταῦτα
936 324 1085 360 κατεῖδε
1109 322 1374 372 Δημοσθένης,
1399 324 1537 372 νόμους
1567 323 1679 373 ἔθηκε
1705 323 1791 364 τοὺς

284 375 525 421 τριακοσίους
551 379 808 436 τριηραρχεῖν,
832 391 892 414 και
913 376 1070 425 βαρεῖαι
1091 379 1306 427 γεγόνασιν
1335 379 1374 416 αἱ
1395 379 1634 430 τριηραρχίαι
1657 396 1688 417 κ.
1706 395 1738 417 τ.
1759 395 1790 417 ε.

286 427 480 490 Harpom
481 429 567 468 atio
598 429 726 482 icitur
760 434 803 469 et
826 429 1059 470 Boeckhius
1089 431 1166 471 sibi
1202 431 1373 471 invicem
1406 438 1656 486 repugnant.
1718 433 1791 472 Ille

284 483 393 522 enim
418 488 558 524 censet
582 485 635 523 ad
661 485 792 538 legem
813 500 838 525 a
860 485 1142 526 Demosthene
1162 487 1302 534 latam,
1326 502 1407 551 qua
1428 488 1604 528 trecenti
1625 492 1791 528 tantum

283 538 325 577 in
346 539 577 592 synnnoriis
597 540 990 594 fuerint,pertine1e
1012 541 1080 582 71177
1102 543 1152 581 (16
1173 543 1405 596 symmoriis
1428 543 1646 596 quinorum
1667 544 1791 583 deno-

284 608 375 632 rum
397 596 535 642 verba,
558 595 624 634 1776
645 601 785 636 autem
807 597 859 637 ad
882 601 1056 650 tempus,
1081 598 1190 651 quod
1221 598 1298 652 legi
1329 614 1354 639 a
1378 599 1659 640 Demosthene
1680 599 1791 639 latae

282 651 520 703 praecessit
556 652 882 715 symmoriasque
920 653 1000 692 dici
1040 654 1094 693 ab
1132 654 1345 708 Hyperide
1385 654 1512 694 etiam
1552 654 1789 703 societates,

282 720 385 758 quas
418 706 544 758 quini,
576 707 675 753 seni,
698 708 760 747 vel
793 708 905 760 quini
935 709 1028 749 (16777
1063 709 1102 748 777
1134 709 1305 763 singulis
1337 710 1570 763 sylnmoriis
1603 710 1790 751 coierint.

286 761 393 800 Mihi
424 766 572 802 neuter
600 762 750 802 vidisse
778 777 918 803 verum
944 764 1118 804 videtur.
1180 765 1368 806 Primum
1398 765 1521 814 6777777,
1544 780 1624 818 (1770
1654 765 1791 805 minus

283 831 377 856 677777
412 817 748 871 Harpocratione
784 819 931 872 (17777706
967 820 1095 859 (167706
1128 821 1443 874 symmoriarum
1475 822 1701 861 7·61’67·77777ι76
1735 821 1791 861 ad

282 872 426 925 legem,
449 888 531 926 qua
552 879 762 914 tlecentos
793 875 846 914 77(1
867 880 909 915 tl
912 890 1018 915 urai
1021 876 1138 916 617776
1163 890 1313 915 munus
1334 877 1642 930 exsequendum
1661 891 1687 917 a
1709 877 1791 917 De-

282 928 498 968 mosthene
520 934 686 969 coactos
708 944 796 969 esse
827 930 938 977 dicit,
962 931 1136 984 impedit
1164 932 1352 984 7(1,(1770(1
1384 933 1593 972 celebrata
1613 932 1682 972 71177
1701 932 1790 995 lege

280 983 385 1023 tr1e1
386 998 432 1023 77
434 984 562 1031 617767
586 999 709 1037 quam
730 986 902 1038 pertulit
920 986 1222 1027 Demosthenes
1240 988 1337 1027 Ol.1
1359 1001 1417 1027 70.
1439 1001 1470 1026 7.
1475 1002 1587 1034 ,77077
1610 988 1789 1028 trecenti

282 1039 371 1086 6017,
395 1040 479 1087 66(1,
503 1055 595 1079 677777
616 1045 741 1081 antea
762 1041 863 1080 7771771
885 1042 1106 1095 quicquam
1128 1043 1169 1082 in
1196 1043 1273 1082 1706
1304 1057 1453 1082 munus
1474 1020 1787 1096 impendissent,

277 1095 365 1147 jam
415 1096 619 1135 maximos
668 1096 709 1135 in
760 1097 1045 1137 trierarchiam
1096 1103 1285 1151 sumptus
1333 1100 1468 1138 facere
1517 1099 1789 1152 jubebantur

284 1150 516 1190 Boeckhius
547 1157 689 1192 autem
721 1153 859 1192 nescio
890 1168 970 1206 quo
997 1154 1089 1206 17776
1121 1154 1247 1193 etiam
1278 1155 1511 1202 societates,
1536 1169 1652 1217 quas·
1659 1155 1786 1207 quini,

282 1207 380 1254 seni,
402 1208 464 1246 7’(1
486 1208 598 1260 (1777777
621 1208 746 1247 deni
738 1223 777 1247 m
800 1209 970 1262 singulis
1002 1209 1234 1262 sJi‘nmmiis
1256 1209 1441 1256 607677771,
1465 1210 1729 1262 sstnmorz'as
1717 1225 1788 1263 ap-

282 1263 456 1314 pellatas
487 1278 575 1302 esse
606 1268 779 1303 statuat.
843 1265 961 1315 Quod
993 1265 1025 1304 si
1048 1280 1188 1304 verum
1219 1270 1340 1313 esset,
1364 1266 1544 1305 maxima
1564 1269 1658 1305 orta
1679 1271 1788 1306 esset

281 1318 465 1357 confusio
506 1333 556 1357 ex
597 1320 740 1359 eadem
782 1334 918 1359 rerum
961 1321 1214 1361 diversarum
1254 1321 1546 1374 appellatione.
1611 1321 1788 1362 Accedit

282 1374 391 1426 (1770(1
414 1374 718 1415 Demosthenes
748 1390 806 1414 07·
833 1376 884 1415 (16
914 1391 1059 1428 61777777.
1080 1392 1119 1429 p.
1151 1378 1236 1422 ⁵82,
1262 1389 1325 1415 2¹.
1357 1379 1504 1439 183,3.
1536 1390 1594 1415 10.
1619 1389 1683 1439 23.
1709 1389 1786 1426 24„

280 1429 382 1468 ubi
372 1444 460 1482 ipse
481 1431 681 1483 (jusmodi
704 1431 924 1471 societates
948 1431 1014 1470 777
1011 1432 1181 1482 6777077176
1209 1432 1440 1484 6177777707776
1462 1432 1787 1485 607717777(νί1;,17776

279 1498 503 1538 nunquam,
527 1487 873 1538 quemadmodum
902 1466 1135 1526 Boeckhius
1166 1477 1264 1527 fecit
1291 1488 1787 1540 2.p.106‚3ymmorias

280 1540 352 1579 sed
385 1548 526 1593 parus
564 1556 867 1592 &annonarum
903 1557 954 1595 771
949 1543 1098 1595 pellat.
1161 1543 1279 1611 Quod
1312 1549 1451 1582 autem
1493 1543 1568 1582 1706
1604 1543 1693 1582 1060
1733 1544 1787 1583 ad

211 1592 452 1635 36017(167777
484 1597 767 1635 t<stimonium
801 1612 825 1636 ,7
849 1597 1001 1637 Photio
1024 1613 1059 1636 v.
1091 1600 1299 1648 ναυκραρία
1331 1602 1540 1637 6(7·’777177777
1573 1604 1785 1650 provocat,

279 1650 332 1697 id,
356 1665 447 1690 cum
474 1666 524 1689 77(
528 1666 715 1695 6677777776
739 1653 791 1691 ad
824 1653 934 1705 quod
966 1658 1130 1706 tempus
1161 1654 1420 1692 referendum
1453 1653 1519 1700 sit,
1542 1654 1786 1706 appellatio-

279 1721 371 1745 nem
403 1707 513 1746 illam
538 1708 832 1747 Demosthenis
864 1709 995 1748 aetati
1028 1708 1205 1748 attribui
1236 1723 1357 1761 posse
1390 1723 1649 1762 nequaquam
1677 1723 1785 1748 com-

278 1762 442 1814 probat.
513 1763 576 1801 Ut
607 1777 702 1802 vero
740 1764 793 1802 ad
816 1764 1111 1803 Demosthenis
1144 1769 1328 1803 aetatem
1359 1764 1579 1817 pertineat,
1611 1764 1785 1818 intelligi

278 1823 417 1856 tamen
440 1832 520 1857 non
542 1823 683 1870 potest
705 1818 783 1857 nisi
805 1819 855 1858 de
878 1834 927 1858 ea
948 1819 1255 1865 distributione,
1274 1834 1397 1872 quam
1420 1819 1723 1859 Demosthenes
1743 1820 1784 1859 in

277 1886 335 1911 or.
359 1873 410 1912 de
432 1887 575 1925 symm.
598 1874 771 1927 rogavit,
794 1888 926 1927 neque
947 1889 1043 1914 vero
1065 1875 1116 1914 (16
1147 1889 1195 1914 ea
1226 1874 1516 1927 descriptione,
1538 1889 1619 1927 qua
1640 1874 1681 1913 in
1703 1875 1784 1914 sin-

275 1928 381 1980 gulis
403 1929 635 1981 symmoriis
656 1929 769 1982 quini
794 1930 887 1969 deni
917 1930 1139 1970 societates
1166 1930 1353 1976 coierint,
1376 1944 1468 1969 cum
1489 1930 1549 1969 ita
1571 1929 1785 1983 octoginta

276 1983 415 2035 potius
438 1998 569 2037 neque
591 1999 687 2024 vero
709 1989 889 2031 eentum,
913 2000 1088 2038 quarum
1111 1985 1318 2025 Clidemus
1343 1985 1594 2025 mentionem
1615 1986 1782 2033 fecerat,

276 2039 486 2078 orirentur
506 2039 765 2092 symmoriae.
829 2041 892 2079 Ut
914 2041 1043 2094 igitur
1059 2042 1113 2080 77(1
1130 2041 1253 2080 finem
1274 2040 1574 2094 perveniamus,
1592 2040 1784 2093 equidem

276 2093 332 2132 sic
355 2099 522 2134 statuo:
556 2095 694 2147 priore
718 2095 942 2148 1111)677(176
965 2096 1204 2136 testimonio
1235 2097 1288 2135 ab
1312 2096 1648 2149 Harpocratione
1675 2110 1783 2135 eom-

276 2155 508 2190 memorato
541 2165 622 2189 non
656 2151 865 2202 inte‹›··1um
899 2166 1114 2190 numerum
1151 2166 1305 2199 eorum,
1330 2151 1398 2203 qui
1430 2151 1513 2191 sint
1544 2151 1585 2190 in
1613 2151 1784 2204 singulis

277 2218 320 2256 61
325 2219 519 2249 nunonis
539 2220 679 2244 verum
702 2211 805 2258 quot
826 2206 1105 2259 principatum
1124 2211 1295 2246 teneant
1317 2212 1359 2246 et
1380 2221 1446 2245 res
1467 2206 1672 2259 617777770777
1674 2220 1782 2245 trum

277 2259 337 2298 ita
358 2259 666 2307 administrent,
688 2266 735 2299 ut
757 2261 937 2313 7(17(17706
968 2261 1075 2300 cives
1102 2262 1142 2300 in
1165 2262 1378 2300 consilium
1400 2262 1485 2300 fele
1506 2276 1587 2300 non
1608 2260 1779 2301 adhibe-

276 2318 363 2358 ant,
386 2315 457 2353 sed
480 2292 763 2362 trierarchiae,
786 2330 909 2368 (17777777
931 2330 1022 2354 677777
1055 2317 1298 2368 compendio
1320 2331 1394 2355 suo
1415 2317 1622 2364 locabant,
1646 2331 1781 2369 sump-

277 2376 344 2407 tus
366 2370 552 2407 conferre
569 2370 757 2421 jubeant,
781 2371 956 2409 definiri.
1019 2371 1096 2420 Qui
1120 2372 1285 2424 quidem
1306 2371 1620 2423 symmoriarum
1643 2375 1782 2411 status

276 2425 352 2462 sub
373 2424 495 2463 finem
528 2425 730 2464 orationis
752 2426 1026 2478 Olynthiaeae
1057 2427 1261 2465 secundae
1292 2426 1519 2466 luculenter
1549 2426 1780 2479 descriptus

276 2479 370 2518 tilis
402 2494 456 2517 (7·
448 2484 507 2526 tt,
531 2484 578 2519 ut
604 2480 697 2532 1777(
724 2480 972 2542 1111)(717166
994 2486 1065 2520 17777
1060 2496 1208 2534 7(17777777
1239 2482 1415 2521 trecenti
1446 2486 1611 2521 tantum
1642 2487 1781 2522 essent

276 2535 558 2585 stmoritae,
594 2535 706 2587 (1777777
742 2536 835 2574 (1(777
873 2536 912 2574 777
950 2536 1121 2586 singulis
1162 2537 1406 2598 6177777707776,
1444 2541 1586 2589 posset
1625 2536 1777 2576 dicere.

279 2589 370 2628 Etsi
390 2595 531 2629 autem
559 2591 659 2629 haec
682 2591 833 2632 omnia
858 2606 963 2643 qua(
990 2592 1040 2630 (1(
1062 2591 1196 2644 (17777776
1228 2592 1344 2630 (167776
1374 2592 1690 2654 6177777707777777777
1711 2606 1779 2631 ex—

276 2644 613 2705 17176777’7777776,77(1
644 2650 822 2698 tempus,
845 2647 954 2699 quod
986 2647 1217 2686 orationem
1248 2647 1298 2685 (16
1329 2647 1559 2699 6177777707776
1590 2647 1778 2686 habitam

277 2699 507 2739 insecutum
530 2705 606 2746 est,
631 2715 706 2739 nei.
700 2716 750 2753 ,71
744 2716 775 2739 6
797 2702 850 2740 ,7(1
872 2701 913 2741 7(1
935 2702 1031 2747 117·,6
1055 2702 1095 2740 777
1118 2702 1228 2756 quod
1250 2716 1296 2740 or
1298 2702 1384 2741 atio
1407 2702 1576 2754 Olynth.
1599 2703 1779 2742 secunda

276 2754 930 2808 incidit,Ol.107‚4.1›e1tinere
953 2756 1257 2804 77(16771777·,1706
1284 2762 1423 2796 tamen
1444 2757 1549 2803 1060,
1570 2761 1618 2796 ut
1638 2757 1691 2796 ab
1714 2771 1777 2804 60,

276 2810 384 2860 quod
416 2810 481 2848 hic
503 2814 543 2849 tr
545 2770 738 2850 actandu.
745 2826 768 2848 77
802 2811 1061 2863 sumpsimus,
1086 2817 1272 2864 tempore
1304 2788 1611 2851 exelwlereliius
1636 2815 1678 2850 et
1709 2825 1776 2849 ex-

277 2864 603 2909 imunimus—nius,
628 2867 947 2918 perstringenda
977 2872 1109 2906 erant.
1178 2867 1387 2913 7¹2·‹2c‹‚·2nfos,
1411 2882 1512 2918 (17706
1529 2867 1616 2917 jam
1637 2866 1777 2919 attigi-
