1934 3179
278 129 361 169 306
841 127 955 167 PRO
988 127 1238 167 CORONA.

278 233 385 279 dum,
407 232 506 272 sicat
526 231 650 271 eidem
671 231 920 270 Demostheni
937 245 1012 283 pro
1038 230 1289 283 Cteseplwntm
1313 230 1419 282 qaod
1436 238 1566 270 tamen
1587 232 1646 271 ita
1668 245 1792 271 emen—

279 288 404 334 davit,
432 294 475 328 ἰα’
507 288 766 327 necessitatem
796 286 844 324 sid
865 286 1056 338 fizeiemli
1090 286 1308 333 ostemlmt,
1338 286 1608 341 invidiamque
1639 301 1792 326 onmem

280 344 323 383 in
354 358 441 383 eum
473 349 672 396 repererat,
704 342 773 395 qussi
803 342 870 381 Ιιοο
900 356 937 382 se
968 342 1154 395 coepisset.
1194 341 1409 381 Plutarch.
1438 343 1548 382 Mor.
1571 358 1610 396 p.
1633 357 1706 395 54¹
1740 342 1790 381 E.

277 399 327 440 ‘O
351 399 381 439 δ’
402 399 458 439 ἐπ’
478 400 606 440 αὐτοῖς
627 399 850 450 ψεγόμενος
871 399 926 439 οἶς
950 398 1187 448 κατώρθωκε,
1212 398 1272 436 καὶ
1297 398 1519 438 παντάπασι
1542 400 1794 450 συγγνωστός

282 457 366 494 ἐστι
396 457 457 494 καὶ
484 456 679 504 ἄμεμπτος
707 453 950 505 ἐγκωμιάζων
970 455 1018 492 τὰ
1038 453 1305 504 πεπραγμένα·
1340 457 1446 493 δοκεῖ
1469 456 1541 505 γὰρ
1563 455 1630 493 οὐκ
1656 456 1793 494 ὀνειδί-

280 518 370 559 ζειν,
399 510 488 550 ἀλλ’
513 511 809 560 ἀπολογεῖσθαι.
843 512 954 548 τοῦτο
983 512 1077 560 γοῦν
1098 511 1282 560 λαμπρὰν
1303 512 1353 563 τῷ
1378 510 1624 559 Δημοσθένει
1651 527 1793 560 παρρη-

281 568 373 606 σίαν
396 567 521 605 ἐδίδου
552 566 613 605 καὶ
640 566 709 604 τὸν
736 566 849 616 κόρον
877 564 1018 616 ἀφῄρει
1046 569 1120 604 τῶν
1151 566 1333 610 ἐπαίνων,
1357 566 1412 606 οἶς
1439 568 1543 615 παρὰ
1571 565 1698 605 πάντα
1725 566 1794 605 τὸν

280 624 405 674 λόγον
427 624 522 671 ὁμοῦ
543 638 579 660 τι
600 621 669 660 τὸν
689 622 784 671 ὑπὲρ
807 621 1006 671 στεφάνου
1031 621 1221 673 κέχρηται.
1264 621 1490 661 DISSEN.

341 689 434 729 227,
458 680 497 716 6.
528 678 612 726 ἐμοὶ
639 677 700 716 καὶ
729 676 991 729 Κτησιφῶντι]
1025 676 1091 716 Sic
1114 691 1176 729 pr.
1202 676 1242 715 S.
1305 676 1390 715 Alii
1422 677 1514 716 libri
1545 691 1687 716 omnes
1710 678 1796 726 ἐμοί

279 752 319 774 τε
345 734 406 773 καὶ
430 737 497 773 Κτ.
560 732 799 785 Utrumque
826 732 905 771 diei
937 732 1099 786 potuit;
1135 747 1230 772 nam
1253 733 1362 785 quod
1393 733 1636 773 Sehaeferus
1667 747 1794 772 anno-

281 789 401 837 tavit⁷
425 803 507 827 non
538 789 626 842 pati
659 789 766 828 hanc
793 788 1011 828 formulam
1043 788 1275 828 encliticam
1297 788 1436 835 videri,
1461 788 1795 842 quandoquidem

281 845 586 885 Demosthenes
609 850 651 884 et
673 844 900 897 Ctesiphon
927 849 975 884 ut
1003 845 1096 891 duo
1121 859 1201 883 non
1233 850 1280 884 ut
1311 845 1446 891 ambo,
1471 845 1718 898 cogitentul
1741 844 1795 884 ad

280 901 323 940 id
358 901 476 941 facile
518 900 760 963 respondeii
797 905 937 953 potest
970 901 1081 953 quod
1121 900 1333 953 respondit
1370 900 1581 948 Dissenus
1616 901 1667 940 de
1702 914 1795 939 con-

277 956 525 1020 junctione
514 956 582 1010 agi
605 956 646 994 in
668 956 813 995 eadem
834 971 991 996 caussa.
1038 956 1116 996 Est
1137 960 1277 996 tamen
1295 973 1335 996 τε
1353 956 1417 995 foi
1420 962 1530 997 tasse
1552 957 1639 996 solo
1656 971 1700 995 ei
1702 970 1795 996 rore

284 1013 377 1053 libr
368 1013 443 1053 ιιι·ιί
465 1012 662 1051 omissum
683 1012 724 1050 in
748 1011 787 1051 S.
817 1012 882 1050 hic
905 1018 946 1052 et
967 1027 1006 1065 p.
1032 1025 1125 1063 227,
1152 1025 1213 1064 29.

342 1081 435 1120 227,
460 1082 497 1119 9.
531 1069 681 1109 εὐνοίας
714 1069 774 1107 καὶ
805 1069 1117 1121 φιλανθρωπίας]
1150 1068 1378 1108 Aeschines
1404 1068 1568 1108 dixerat
1596 1084 1635 1121 p.
1660 1071 1724 1119 84.
1747 1068 1796 1107 σὺ

283 1124 311 1164 δ’
331 1126 418 1164 οὔτε
438 1124 525 1175 περὶ
546 1127 611 1173 τῆς
632 1125 767 1165 οὐσίας
797 1125 885 1163 οὔτε
912 1125 998 1175 περὶ
1019 1127 1087 1163 τοῦ
1109 1125 1286 1174 σώματος
1308 1126 1394 1164 οὔτε
1416 1125 1502 1175 περὶ
1524 1127 1587 1173 τῆς
1608 1125 1796 1174 ἐπιτιμίας

281 1182 460 1234 ἀγωνίζῃ·
493 1181 598 1220 ἀλλὰ
624 1181 710 1231 περὶ
731 1182 834 1222 τίνος
862 1181 969 1220 ἐστὶν
991 1181 1089 1233 αὐτῷ
1112 1181 1134 1230 ἡ
1157 1179 1330 1229 σπουδή;
1366 1182 1450 1231 περὶ
1475 1184 1630 1232 χρυσῶν
1652 1179 1796 1231 στεφά-

283 1254 360 1276 νων
383 1238 444 1276 καὶ
476 1235 724 1287 κηρυγμάτων
748 1237 790 1275 ἐν
811 1239 861 1290 τῷ
884 1237 1029 1289 θεάτρῳ
1055 1238 1159 1287 παρὰ
1190 1236 1276 1277 τοὺς
1308 1237 1456 1285 νόμους.
1520 1235 1650 1275 Vides
1672 1250 1796 1288 quam

283 1292 446 1346 egregie
478 1292 782 1332 Demosthenes
813 1292 1077 1345 respondeat.
1140 1291 1248 1331 Erat
1278 1291 1386 1331 onim
1418 1294 1692 1342 φιλανθρωπία
1718 1306 1795 1331 vox

282 1348 525 1402 gratissima
542 1347 889 1392 Atheniensibus2
919 1362 1015 1387 nam
1030 1347 1320 1401 gloriabantur
1336 1348 1412 1387 hac
1428 1347 1593 1395 virtute,
1612 1348 1663 1387 cf.
1676 1348 1794 1388 Orat.

284 1404 376 1444 ιιι1ν.
402 1403 566 1457 Leptin.
590 1419 627 1457 p.
649 1418 746 1456 490
794 1403 1018 1443 DISSEN.

344 1472 436 1505 227
458 1473 519 1498 ιι.
553 1461 638 1510 περὶ
664 1460 1222 1522 τούτων-ἀπολογουμένου]
1246 1460 1362 1500 (itat
1385 1460 1587 1513 Georgius
1617 1460 1713 1499 Lec
1701 1474 1796 1512 ape-

285 1530 361 1555 nus
385 1516 581 1568 Excerpt.
605 1530 653 1554 ex
678 1516 911 1555 Giammat.
934 1531 974 1568 p
995 1516 1063 1568 5.8
1087 1530 1169 1554 non
1192 1515 1278 1555 sine
1301 1515 1424 1555 vitio:
1459 1515 1645 1555 xitiosius
1667 1515 1796 1555 etiam

288 1572 470 1611 Lexieon
494 1572 627 1612 Palis
649 1571 760 1624 apud
784 1574 997 1611 ()5annum
1019 1572 1073 1611 ad
1097 1571 1271 1610 Philem.
1295 1586 1334 1624 p.
1361 1584 1454 1624 257.
1498 1571 1747 1611 SCHAEF.

345 1640 440 1678 227,
465 1628 898 1681 13.1<a†77yop⁷mevcov]
936 1644 1277 1678 κατηγορουμειηωι
1304 1627 1508 1681 Georgius
1541 1627 1637 1667 [9οι
1624 1641 1794 1680 ‘mellus

342 1740 498 1791 ὁμοίως]
535 1741 672 1789 ὁμοίως
694 1753 775 1778 non
797 1739 994 1779 cohaeret
1015 1754 1107 1778 cum
1130 1740 1303 1786 ἀκοῦσαι,
1323 1739 1395 1778 sed
1417 1754 1509 1778 eum
1530 1740 1646 1788 ὑμῶν.
1687 1753 1712 1778 α
1736 1754 1796 1778 «νο-

286 1795 343 1835 bris
367 1796 515 1835 cunctis
536 1795 709 1848 pariter,
732 1800 906 1848 excepto
928 1795 1101 1841 nemine„
1130 1794 1254 1833 nobili
1286 1794 1518 1848 ignobilive,
1542 1799 1713 1847 potente
1741 1810 1794 1835 an

284 1851 459 1899 infirmo,
483 1865 579 1890 sene
601 1865 653 1890 an
671 1851 834 1903 juvene,
849 1857 939 1904 peto
960 1856 1075 1904 atquc
1095 1850 1288 1889 contendo.
1331 1850 1524 1889 REISK.

345 1919 438 1955 227,
467 1920 522 1959 15.
557 1906 972 1959 Σόλων-δημοτικὸς]
1007 1907 1073 1945 Sic
1096 1906 1313 1959 Aristoph.
1342 1906 1444 1946 dicit
1475 1906 1513 1944 in
1545 1905 1652 1945 Nub.
1677 1919 1794 1957 1190.

286 1966 305 2002 6
328 1965 467 2003 Σόλων
489 1965 508 2002 6
531 1963 700 2003 παλαιὸς
720 1963 768 2011 ἦν
785 1961 1000 2013 φιλόδημος
1021 1963 1240 2013 τὴνφύσιν.
1295 1962 1425 2015 Saepe
1449 1976 1544 2001 vero
1567 1961 1662 2001 Solo
1680 1976 1795 2002 voca-

286 2025 356 2058 tur
378 2019 588 2068 δημοτικὸς,
609 2020 922 2067 δημοτικώτατος,
945 2020 994 2058 cf.
1015 2018 1229 2058 Plutarch.
1249 2018 1385 2057 Solon.
1404 2033 1436 2057 c.
1458 2020 1518 2057 16.
1542 2018 1792 2071 Bergmann.

286 2075 339 2114 ad
368 2075 542 2114 lsocrat.
568 2074 777 2127 Areopag.
800 2088 833 2113 c.
858 2087 894 2123 7.
917 2089 956 2126 p.
981 2086 1046 2127 97.
1108 2074 1331 2114 Caeterum
1361 2074 1465 2114 bene
1497 2074 1692 2113 observat
1722 2074 1751 2113 J
1755 2088 1796 2113 ιι-

286 2130 450 2170 cobsius
472 2130 635 2169 laudeni
660 2129 821 2169 Solonis
843 2129 908 2168 hie.
930 2130 1049 2168 simul
1071 2134 1245 2182 propter
1266 2144 1314 2169 ea
1335 2129 1515 2182 positam
1533 2129 1674 2177 videri,
1691 2144 1795 2182 quae

290 2186 520 2225 Aeschines
542 2186 707 2225 dixerat
729 2201 768 2238 p.
792 2198 856 2236 90.
906 2184 1129 2224 DISSEN.

346 2254 439 2293 227,
467 2242 524 2280 18.
547 2242 688 2293 αἰτίας]
729 2241 1048 2281 Ονὶηιὶιιαΐῖοιιαε.
1102 2241 1211 2280 Vide
1240 2241 1523 2281 definitionem
1551 2241 1796 2281 Demosthe—

287 2297 350 2336 nis
373 2297 412 2335 in
432 2297 550 2336 (hat.
568 2297 659 2335 adv.
680 2297 859 2336 Audi-ot.
883 2311 922 2349 p.
942 2302 1038 2335 000.
1101 2297 1238 2347 Quare
1261 2299 1377 2336 αἰτίαι
1398 2302 1438 2336 et
1462 2298 1657 2346 διαβολαὶ,
1680 2298 1796 2336 αἰτίαι

288 2359 330 2392 et
351 2354 524 2402 λοιδορία
541 2352 787 2404 junguntur.
832 2351 1054 2391 DISSEN.

349 2408 724 2459 ὁρῶν-διαβολὰς]
767 2406 1020 2446 Scholiastes
1052 2407 1353 2461 Hermogenis:
1389 2408 1515 2446 διττὸν
1547 2409 1589 2446 τὸ
1620 2411 1685 2457 τῆς
1716 2412 1795 2448 δια-

288 2467 411 2513 βολῆς
433 2465 567 2512 ὄνομα.
615 2464 679 2502 ἐπί
705 2480 745 2501 τε
773 2465 847 2512 γὰρ
873 2466 938 2511 τῆς
964 2466 1151 2513 διαβολῆς
1178 2465 1291 2511 αὐτῆς
1312 2463 1662 2509 (calumniatione,
1687 2468 1733 2502 ut
1754 2464 1794 2503 in

289 2519 445 2573 vulgari
474 2532 662 2557 sermone
687 2517 906 2571 accipitur)
932 2518 1119 2564 τάττεται,
1144 2520 1193 2560 ὡς
1213 2522 1316 2569 παρὰ
1340 2519 1566 2572 Μενάνδρῳ
1599 2520 1666 2559 οὐκ
1688 2521 1796 2558 ἔστιν

289 2576 375 2614 οὐδὲ
405 2574 592 2623 διάβολος
623 2577 740 2624 γραῦς
762 2575 886 2613 ἔνδον.
930 2574 992 2613 καὶ
1020 2575 1081 2613 ἐπὶ
1109 2577 1173 2622 τῆς
1202 2576 1445 2625 κατηγορίας,
1469 2576 1519 2616 ὡς
1541 2575 1796 2624 Δημοσθένης

289 2632 332 2669 ἐν
353 2634 402 2683 τῷ
431 2631 516 2679 περὶ
544 2630 742 2679 στεφάνου
769 2630 903 2679 φησίν·
938 2631 1012 2680 ὁρῶ
1044 2632 1116 2680 γὰρ
1144 2631 1202 2669 ὅτι
1228 2632 1295 2670 τὰς
1329 2631 1451 2672 αἰτίας
1483 2631 1544 2669 καὶ
1570 2634 1636 2671 τὰς
1663 2634 1795 2680 διαβο-

288 2689 360 2727 λὰς
373 2711 439 2725 -.
483 2685 675 2724 REISK.

348 2752 444 2793 227,
474 2753 536 2779 20.
569 2740 798 2791 παρελθεῖν]
840 2739 954 2780 Citat
981 2741 1021 2779 h.
1050 2741 1075 2780 l.
1105 2741 1417 2794 Harpocration
1439 2756 1472 2779 v.
1496 2745 1707 2790 παρελθεῖν
1732 2741 1792 2779 in-

289 2801 528 2849 terpretans
550 2797 636 2834 ἀντὶ
657 2799 723 2834 τοῦ
747 2798 911 2844 νικῆσαι.
973 2796 1112 2835 Simile
1134 2797 1305 2836 ductum
1336 2811 1361 2835 a
1391 2797 1651 2836 certantibus
1673 2810 1793 2834 cursu

290 2866 360 2890 seu
393 2850 587 2904 pedestri,
622 2865 692 2889 seu
728 2850 923 2902 equestri,
956 2866 1026 2890 seu
1060 2852 1201 2897 curuli,
1229 2857 1271 2891 et
1304 2851 1651 2891 contendentibus
1686 2851 1794 2889 inter

290 2921 377 2945 sese
400 2911 675 2959 praevertere.
719 2905 910 2944 REISK.
