1934 3179
252 129 336 171 270
552 132 666 173 PRO
700 133 1070 175 RHODIORUM
1107 135 1458 176 LIBERTATE.

249 232 487 273 Artaxerxe
509 234 618 275 inter
639 236 820 275 Graecos
851 236 1071 277 conciliata
1095 237 1269 278 Lesbiae
1294 238 1484 280 civitates
1515 242 1756 282 autonomia

246 287 485 341 aliquandiu
517 290 669 331 fruitae
701 306 788 331 esse
811 291 1013 332 videntur.
1076 293 1256 333 Easdem
1286 299 1382 347 post
1412 295 1572 350 Olymp.
1603 311 1691 345 102.
1713 312 1754 348 4.

246 357 353 384 novo
383 345 493 385 inter
514 346 794 386 Athenienses
825 352 866 387 et
890 348 1240 389 Lacedaemonios
1261 350 1426 390 foedere
1446 351 1558 392 facto
1580 353 1756 393 Atheni-

247 399 404 439 ensium
426 402 616 454 partibus
636 403 826 443 addictas
846 403 971 443 fuisse
992 405 1204 457 probabile
1225 411 1302 445 est.
1355 406 1459 446 Post
1479 408 1573 447 belli
1596 409 1756 449 socialis

247 459 438 510 tempora
469 457 761 510 eligarchicam
792 459 1043 513 reipublicae
1063 460 1238 501 formam
1263 462 1485 515 Mytilenes
1519 463 1756 505 institutam

247 525 335 551 esse
373 526 424 552 ex
458 513 498 552 h.
528 513 553 552 l.
586 513 880 554 Demosthenis
913 516 1095 569 (Olymp.
1125 529 1214 567 107,
1240 519 1296 567 2.)
1329 523 1517 571 apparet.
1579 520 1757 570 Quinam

247 567 453 620 principes
475 568 683 609 immutati
714 569 963 624 reipublicae
994 577 1131 611 status
1161 578 1352 613 auctores
1373 574 1526 614 fuerint
1552 589 1633 614 non
1654 576 1756 616 satis

247 623 390 676 liquet.
453 624 558 663 Mihi
581 629 721 665 tamen
745 626 896 666 Persas
926 628 979 667 ad
1002 642 1089 667 rem
1115 628 1226 668 illam
1248 629 1538 682 perficiendam
1559 645 1754 684 magnum

246 678 440 718 habuisse
480 686 735 721 momentum
776 682 887 722 haud
930 684 1132 723 absonum
1173 684 1347 724 videtur.
1409 686 1689 726 Artaxerxem
1730 703 1755 727 a

247 734 439 782 Charete.
459 735 527 788 qui
546 736 820 777 Pharnabazo
841 738 992 778 bellum
1014 743 1160 779 contra
1181 754 1319 794 regem
1341 742 1614 782 commoventi
1635 757 1753 796 opem

246 790 413 838 tulerat,
442 791 666 841 irritatum,
695 808 777 833 una
805 809 899 834 cum
921 795 1151 835 Artemisia
1173 796 1325 836 Carum
1355 797 1498 850 regina
1530 798 1755 851 optimates

247 846 433 886 Rhodios
454 848 507 887 ad
528 848 688 900 plebem
706 850 1019 903 opprimendam
1040 851 1246 904 adjuvisse
1264 857 1441 893 constat.
1494 853 1607 893 Hinc
1625 857 1753 908 suspi—

246 916 317 941 cor
340 902 563 943 Persarum
584 905 843 957 potissimum
861 907 980 960 culpa
998 907 1152 947 factum
1175 922 1264 947 esse
1280 913 1327 948 ut
1347 909 1612 962 Mytilenaeis
1635 910 1754 951 liber-

244 962 313 998 tas
343 958 587 1012 eriperetur.
649 961 809 1014 Olymp.
841 975 927 1011 107.
964 963 1140 1003 Carmen
1171 978 1196 1003 a
1230 964 1512 1005 Demosthene
1547 970 1606 1020 (p.
1637 980 1751 1018 1019,

250 1015 333 1065 19.)
368 1021 735 1056 connnemoratum
761 1018 982 1071 Mytilenes
1005 1019 1224 1071 tyrannide
1247 1020 1427 1073 potitum
1449 1035 1536 1061 esse
1557 1022 1752 1062 arbitror.

247 1069 466 1110 PLEHN.
502 1071 687 1112 Lesbiae.
722 1088 760 1125 p.
801 1076 866 1125 76.
928 1074 1046 1114 Conf.
1077 1079 1183 1114 orat.
1217 1076 1303 1126 περὶ
1336 1077 1550 1126 συντάξεως
1585 1093 1624 1131 p.
1662 1079 1752 1125 168,

250 1136 313 1179 15.
346 1127 408 1165 ἐπὶ
429 1130 578 1176 πολλῆς
602 1130 675 1177 μὲν
704 1130 868 1180 ἡσυχίας
902 1132 963 1169 καὶ
985 1132 1140 1181 ἐρημίας
1170 1133 1276 1180 ὑμῶν
1297 1133 1316 1170 ὁ
1340 1135 1618 1182 Μυτιληναίων
1640 1136 1755 1183 δῆμος

246 1182 515 1229 καταλέλυται,
541 1185 603 1222 ἐπὶ
624 1188 774 1233 πολλῆς
796 1185 825 1224 δ’
849 1186 1011 1236 ἡσυχίας
1033 1188 1052 1224 ὁ
1072 1185 1241 1226 Ῥοδίων.

307 1241 397 1288 196,
422 1240 459 1276 6.
483 1239 688 1293 ἐάσουσιν]
718 1240 748 1279 Ι.
772 1255 806 1279 e.
829 1241 872 1280 οὐ
894 1242 1194 1282 καταλύσουσιν.
1256 1242 1586 1283 SCHAEFER.

303 1295 413 1332 ἴσα-τι
452 1293 546 1347 γὰρ]
592 1295 671 1333 His
714 1296 870 1349 subjice
914 1296 1047 1336 tacita
1085 1297 1366 1351 cogitatione:
1419 1301 1554 1339 τούτου
1594 1301 1753 1351 γευομέ-

246 1365 326 1396 νου,
343 1349 546 1401 lwefireto,
563 1350 603 1389 id
626 1355 689 1390 est
709 1353 814 1401 ὑμῶν
831 1354 872 1391 ἐκ
888 1353 1011 1402 μέσου
1028 1354 1310 1405 ἀναιρεθέντων
1329 1352 1352 1403 ἢ
1370 1356 1752 1396 καταδουλωθέντων.

247 1404 437 1443 REISK.

308 1463 397 1513 196.
437 1472 500 1511 27.
540 1465 930 1517 ‹rv1⁹es30v>oe15077crav]
976 1468 1165 1505 Auctores
1192 1467 1329 1518 factos
1367 1481 1453 1506 esse.
1515 1466 1581 1506 Sic
1622 1468 1753 1507 multo

245 1515 379 1556 rarius
406 1517 558 1557 (licitur
583 1521 926 1568 συμβουλεύεσθαι
954 1535 1076 1574 quan]
1103 1524 1402 1571 συμβουλεύειν.
1435 1523 1751 1573 συμβουλευομέ-

247 1589 325 1611 νων
339 1572 415 1612 hoc
430 1587 551 1612 sensu
566 1574 628 1613 bis
642 1576 857 1628 usurpavit
876 1577 1115 1629 Xenophon
1128 1577 1289 1617 Hellen.
1306 1581 1342 1624 6,
1357 1590 1396 1630 5,
1412 1591 1479 1630 34.
1504 1578 1751 1618 SGHAEF.

306 1641 397 1679 197,
426 1642 440 1667 1
455 1642 487 1668 1.
519 1631 562 1668 ἐν
584 1631 745 1672 ἐκείνοις
766 1636 846 1673 τοῖς
870 1633 1032 1683 καιροῖς]
1063 1633 1220 1683 Quibus
1244 1633 1313 1679 illi.
1336 1634 1664 1674 Atheniensibus
1685 1635 1753 1674 de-

247 1683 378 1732 victis.
402 1689 522 1724 erant
543 1686 834 1738 potent-issimi.
896 1688 1227 1727 SCHAEFER.

312 1752 397 1791 197,
436 1754 496 1794 13.
529 1743 565 1780 οἱ
596 1743 668 1790 μὲν
708 1743 837 1794 ἔχοιεν
870 1743 918 1783 ἂν
951 1746 1090 1797 εἰπεῖν]
1132 1744 1277 1798 Argivi
1312 1744 1490 1798 quidem,
1527 1745 1559 1783 si
1593 1746 1753 1785 exsules

246 1800 405 1835 vestros
440 1796 779 1837 Lacedaemoniis
815 1799 1134 1852 deposcentibus
1169 1800 1453 1848 tradidissent,
1486 1801 1563 1840 hoc
1598 1802 1752 1854 potuis—

245 1856 339 1891 sent
360 1866 571 1892 excusare.
632 1853 824 1893 REISK.

307 1918 397 1960 197,
429 1921 487 1960 15.
523 1910 630 1958 ὑμεῖς
650 1911 866 1950 δὲ-αὐτοῦ
895 1911 1059 1965 ἐκείνου]
1093 1911 1237 1952 Citant
1259 1911 1417 1952 Anecd.
1441 1912 1573 1952 Bekk.
1596 1928 1633 1966 p.
1662 1925 1751 1965 147.

245 1963 297 2002 in.
363 1964 692 2004 SOHAEFER.

300 2021 390 2070 μὲν]
420 2020 632 2061 Omittunt
655 2021 813 2061 Anecd.
832 2022 963 2061 Bekk.
986 2022 1010 2062 l.
1033 2036 1067 2062 c.
1129 2022 1459 2062 SOHAEFER.

308 2088 398 2126 197,
428 2078 487 2114 16.
521 2081 597 2116 τῶν
628 2077 797 2131 δούλων]
834 2078 977 2128 Qualis
1006 2078 1086 2118 fuit
1112 2078 1351 2125 Artemisia,
1385 2078 1534 2132 quippe
1565 2082 1748 2132 ὕπαρχος.

246 2131 399 2170 Omnes
421 2131 528 2170 enim
550 2132 590 2171 in
613 2147 739 2186 regno
763 2133 932 2173 Persico
954 2137 1084 2174 δοῦλοι
1105 2139 1274 2187 praeter
1294 2149 1420 2173 unum
1442 2148 1593 2189 regem.
1638 2136 1690 2175 V.
1713 2152 1751 2190 p.

252 2188 340 2239 198,
366 2200 429 2226 22.
491 2188 822 2228 scHAEFER.

310 2254 397 2295 197,
430 2245 487 2281 18.
518 2242 696 2294 ἣ-ἦ--]
734 2245 846 2284 Usus
867 2245 969 2285 satis
990 2246 1119 2285 mirus
1143 2246 1328 2299 adeoque
1351 2247 1495 2297 ἄλογος
1522 2247 1752 2300 particulae

245 2297 528 2350 disjunctivae.
590 2304 765 2350 Λογικῶς
786 2301 842 2339 sic
866 2301 1129 2341 scribendum
1144 2302 1223 2341 fuit
1242 2318 1249 2341 :
1284 2302 1456 2351 οὐδαμῶς
1472 2303 1602 2344 ἄλλως
1621 2302 1643 2352 ἢ
1665 2304 1752 2344 τοὺς

244 2354 757 2406 πονηροτάτους-χρήμασι
788 2357 928 2397 πείσας
959 2357 1176 2408 κεκράτηκε.
1239 2357 1321 2397 Sed
1342 2357 1443 2397 talia
1465 2363 1652 2398 oratores
1680 2373 1751 2412 pa-

244 2423 335 2448 rum
357 2414 517 2449 curant.
578 2410 909 2450 SCHAEFER.

308 2476 396 2515 197,
421 2476 485 2517 27.
520 2467 575 2507 οἷς
597 2466 644 2505 ἂν
665 2466 895 2520 προέληται]
934 2467 1118 2507 Subaudi
1147 2482 1169 2507 e
1199 2468 1435 2521 praemissis
1468 2470 1608 2521 ἐχθρὸς
1639 2469 1750 2509 εἶναι.

245 2519 436 2559 REISK.
499 2521 666 2575 Ellipsis
687 2523 920 2574 syntactica
942 2537 963 2562 e
985 2523 1210 2563 rarioribus
1233 2539 1362 2578 eaque
1384 2524 1536 2573 durior,
1555 2539 1647 2564 cum
1669 2539 1751 2564 non

244 2576 467 2628 praecedat
489 2578 594 2616 ὄντα.
656 2577 988 2618 SOHAEFER.

308 2633 394 2682 198,
447 2634 485 2671 6.
549 2633 671 2686 αὐτοὶ]
738 2633 799 2672 Illi
850 2635 1039 2674 extranei
1091 2639 1205 2688 puta⁷
1257 2650 1282 2675 a
1331 2635 1479 2689 quibus
1532 2636 1749 2676 vexamini.

305 2743 396 2794 198,
426 2755 485 2781 11.
522 2745 561 2782 τί
588 2743 716 2793 δήποτ’
750 2747 792 2783 ἐν
815 2746 1007 2798 Βυζαντίῳ
1030 2763 1062 2785 κ,
1085 2763 1116 2786 τ.
1139 2745 1198 2799 λ.]
1236 2746 1453 2786 Sententia
1479 2751 1554 2794 est,
1578 2746 1750 2800 impuni-

244 2801 334 2836 tate
355 2797 615 2850 proditorum
637 2800 872 2839 confirmari
893 2801 1121 2840 audaciam.
1156 2801 1346 2841 WOLF.
1409 2802 1542 2841 Immo
1563 2808 1751 2841 oratores

244 2851 311 2891 isti
350 2853 667 2892 Atheniensium
709 2860 1005 2908 comparantur
1044 2871 1136 2895 cum
1178 2858 1413 2897 oratoribus
1456 2857 1749 2910 Byzantiorum

245 2907 567 2960 consiliariisque
598 2910 861 2949 Artemisiae.
923 2911 1022 2949 Illos
1056 2916 1199 2951 orator
1231 2913 1332 2951 dicit
1362 2918 1436 2952 aut
1468 2912 1749 2964 imprudentes
