1914 3184
254 120 337 161 172
751 117 830 156 DE
864 113 1272 155 CHERSONESO.

253 239 444 265 caussam
476 223 751 264 discriminis?
810 222 907 260 Hoc
930 221 1095 273 quidem
1124 219 1163 257 in
1191 218 1378 272 pluribus
1406 217 1762 258 enuntiationibus

252 282 493 320 observasse
522 279 622 319 mihi
645 279 796 324 videor,
820 277 861 315 in
884 282 999 315 recta
1021 274 1331 315 constructione
1353 275 1397 313 οὐ
1418 278 1510 317 etc„
1533 273 1573 311 in
1596 272 1764 325 obliqua

250 337 302 386 μὴ
324 340 402 376 ete.
425 335 538 388 poni,
563 335 686 387 idque
708 333 818 372 nullo
840 333 893 372 ad
916 345 1081 370 sensum
1102 329 1349 369 discrimine.
1403 327 1734 369 SCHAEFER.

306 404 394 443 ¹03·
409 404 429 431 2
434 404 473 443 3.
490 392 586 430 ἄντι
599 393 775 438 λυπῆσθε
789 389 839 442 τῷ
855 387 1032 440 πολέμῳ]
1049 387 1096 425 Si
1112 399 1232 438 quam
1246 399 1264 424 e
1279 384 1371 424 bello
1388 384 1607 424 molestiam
1621 383 1764 434 ceperi-

250 447 314 486 tis.
366 447 678 499 Interpretatur
698 445 806 483 hunc
827 443 962 482 locum
983 458 1023 496 p.
1048 453 1138 494 147.
1162 442 1345 492 ἡγοῦνται
1366 442 1452 492 γὰρ,
1477 442 1546 479 ἐὰν
1565 441 1638 489 μὲν
1658 441 1765 488 ὑμεῖς

252 502 498 551 ὁμοθυμαδὸν
527 503 567 540 ἐκ
598 505 684 550 μιᾶς
714 501 867 550 γνώμης
889 499 1091 537 Φίλιππον
1117 498 1327 546 ἀμύνησθε,
1353 497 1528 535 κάκείνου
1560 494 1766 545 κρατήσειν

251 559 347 606 ὑμᾶς
368 558 429 596 καὶ
451 559 580 597 αὐτοῖς
605 555 726 595 οὐκέτ’
751 556 912 594 ἔσεσθαι
937 557 1178 603 μισθαρνεῖν,
1202 552 1255 591 ἂν
1286 552 1317 590 δ’
1340 552 1426 591 ἀπὸ
1459 555 1546 589 τῶν
1577 551 1765 600 πρώτων

253 613 466 663 θορύβων
492 612 825 661 αἰτιασάμενοί
853 626 981 650 τινας
1011 609 1123 659 πρὸς
1149 608 1198 646 τὸ
1227 608 1403 657 κρίνειν
1432 606 1677 657 τράπησθε,
1702 606 1765 644 αὐ-

253 668 312 707 τοὶ
337 670 409 717 μὲν
430 669 574 707 τούτων
597 669 898 718 κατηγοροῦντες
923 663 1107 715 ἀμφότερ’
1128 664 1243 712 ἕξειν,
1268 664 1329 702 καὶ
1357 661 1444 713 παρ’
1462 664 1551 711 ὑμῖν
1573 660 1767 710 εὐδοκιμή-

254 740 340 763 σειν
366 724 427 762 καὶ
457 722 542 773 παρ’
568 724 716 762 ἐκείνου
748 721 923 774 χρήματα
953 723 1169 772 λήψεσθαι,
1199 720 1295 768 ὑμᾶς
1321 717 1349 757 δ’
1373 719 1468 768 ὑπὲρ
1496 719 1549 757 ὧν
1577 720 1637 756 δεῖ
1662 718 1767 765 παρὰ

254 780 398 818 τούτων
434 781 541 829 δίκην
581 782 737 828 λαβεῖν,
775 779 879 827 παρὰ
919 780 994 815 τῶν
1033 777 1129 825 ὑπὲρ
1170 776 1275 824 ὑμῶν
1311 775 1516 824 εἰρηκότων
1552 772 1764 822 λήψεσθαι.

256 834 481 874 FRANK.

319 904 408 942 103,
435 892 499 929 26.
535 891 598 928 ἵνα
632 888 890 940 κατηγορῶσι]
939 886 999 926 Ut
1032 885 1108 938 ipsi
1143 888 1256 937 (nos)
1290 888 1498 929 accusent.
1532 897 1614 922 non
1649 897 1766 923 accu-

254 950 400 985 sentur
424 948 467 997 (a
489 945 627 992 nobis)
652 958 887 997 poenasque
920 941 1167 996 proditionis
1190 941 1305 988 dent,
1326 940 1367 979 id
1389 939 1499 992 quod
1521 944 1636 978 certo
1658 938 1766 977 futu-

254 1015 346 1039 rum
384 1001 535 1047 vident,
578 1000 609 1039 si
648 999 763 1039 vobis
806 998 1046 1051 Philippum
1087 997 1251 1036 hostem
1290 1010 1379 1036 esse
1422 993 1762 1048 persuaserimus,

257 1056 483 1095 FRANK.

319 1125 410 1161 104,
428 1114 466 1151 6.
492 1114 525 1151 εἰ
546 1112 644 1151 τοῦτ’
663 1110 884 1162 ἐξελέγχοι]
923 1109 1019 1148 Hoc
1041 1114 1117 1155 est.
1142 1109 1186 1155 si,
1210 1113 1356 1148 nostra
1378 1107 1428 1145 de
1449 1120 1551 1159 pace
1574 1105 1768 1158 opinione

255 1167 454 1214 refutata,
476 1168 613 1221 palam
635 1166 917 1220 profiteretur,
941 1179 983 1204 se
1006 1164 1155 1203 bellum
1179 1164 1297 1203 nobis
1319 1163 1521 1202 intulisse.
1558 1160 1751 1200 WOLF.

320 1237 408 1273 104,
435 1225 471 1263 8.
497 1224 646 1275 ὥσπερ]
687 1222 758 1261 Ad
781 1223 913 1271 ὥσπερ
935 1220 1111 1259 subaudi
1135 1221 1296 1270 ἔφησεν.
1342 1217 1539 1258 REISK.

321 1292 408 1328 104,
434 1294 471 1329 9.
496 1280 583 1318 οὐδὲ
605 1279 785 1328 Φεραίοις
813 1278 1001 1327 πρότερον
1024 1295 1055 1315 κ.
1071 1292 1102 1314 τ.
1118 1277 1177 1328 λ.]
1218 1274 1395 1327 Sopater
1425 1274 1479 1313 ad
1510 1273 1766 1325 Herlnogen.

256 1350 296 1387 p.
320 1347 415 1387 312.
440 1335 521 1374 εἶτα
552 1337 596 1388 τῇ
626 1336 677 1375 εἰς
706 1335 851 1373 ἄτοπον
883 1333 1071 1385 ἀπαγωγῇ
1104 1332 1392 1370 κατεσκεύασεν
1418 1331 1546 1370 οὕτως·
1580 1329 1667 1367 οὐδὲ
1694 1329 1769 1378 γὰρ

257 1392 436 1440 Φεραίοις
458 1391 645 1441 πρότερον
665 1389 760 1440 πρὸς
784 1390 827 1427 τὰ
848 1388 956 1439 τείχη
978 1387 1249 1437 προσβάλλων
1271 1391 1351 1426 etc.
1401 1383 1597 1424 REISK.

314 1446 520 1497 πρότερον]
580 1445 791 1484 Pheraeos
828 1442 948 1486 enim,
984 1442 1051 1495 qui
1085 1442 1149 1482 Ol.
1180 1442 1271 1487 108,
1305 1455 1326 1481 2
1362 1442 1614 1486 defecerant,
1643 1438 1768 1491 ‘prius

261 1515 387 1554 quam
410 1501 565 1547 Oritas,
581 1500 644 1539 (⁴.)l.
665 1513 759 1551 109,
782 1513 811 1538 1.
835 1498 876 1537 in
898 1502 1151 1551 potestatem
1174 1512 1290 1536 suam
1312 1497 1485 1550 redegit.
1531 1496 1591 1535 Of.
1615 1509 1655 1547 p.
1678 1507 1769 1547 113,

263 1568 328 1596 21.
379 1558 578 1607 Πρότερον
599 1555 708 1595 enim
732 1560 774 1594 et
796 1553 840 1603 ἐξ
858 1555 977 1605 ἀρχῆς
997 1554 1162 1606 adjecta
1184 1558 1293 1601 sunt,
1316 1557 1363 1592 ut
1384 1553 1487 1591 ordo
1508 1565 1646 1590 rerum
1667 1555 1769 1590 tem-

264 1611 376 1665 poris
399 1611 614 1650 notatione
636 1610 891 1649 definiretur.
945 1610 974 1647 F
981 1609 1165 1648 RANK.

322 1679 412 1718 104,
436 1670 494 1705 16.
525 1667 569 1705 οὐ
600 1665 947 1716 γὰρ-Φίλιππος]
990 1665 1037 1702 111
1062 1664 1169 1703 Phil.
1196 1664 1274 1703 lV.
1298 1679 1338 1717 p.
1364 1675 1453 1713 ¹472
1480 1664 1544 1704 28.
1575 1666 1671 1715 post
1697 1662 1768 1700 Φί-

259 1728 405 1763 λιππος
426 1721 597 1762 additur
619 1723 674 1769 οὕ,
698 1721 748 1759 (le
766 1735 846 1773 quo
867 1720 1106 1759 Alexander
1127 1720 1177 1759 de
1200 1720 1367 1773 Figuris
1389 1718 1622 1758 sententiae
1642 1732 1683 1770 p.
1701 1718 1768 1769 36,

267 1791 300 1817 1.
328 1778 419 1829 (vol.
452 1780 489 1816 8.
518 1792 557 1830 p.
587 1790 682 1829 445.
707 1775 950 1823 0‹‘1.Walz.)
979 1775 1265 1826 ἐπαναλέγεται
1292 1776 1574 1828 (repetuntur)
1605 1775 1651 1812 τὰ
1683 1774 1770 1811 ὀνό-

258 1850 370 1883 ματα.
424 1834 519 1872 οἷον·
550 1833 597 1882 ἦν
623 1849 729 1877 ποτε,
757 1832 816 1880 ἦν,
845 1830 873 1870 ὦ
905 1831 1040 1881 ἄνδρες
1063 1830 1279 1880 Ἀθηναῖοι,
1310 1833 1352 1870 ἐν
1378 1831 1422 1884 τῇ
1454 1833 1616 1869 πολλῶν
1641 1828 1768 1882 ψυχῇ.

262 1890 427 1928 κάκεῖνο·
462 1889 506 1927 οὐ
539 1891 611 1939 γὰρ
633 1887 696 1938 ὑφ’
715 1885 1075 1940 αὐτῷ’ποιήσασθαι
1105 1887 1173 1934 τὴν
1201 1887 1319 1925 πόλιν
1346 1887 1534 1934 βούλεται
1560 1886 1768 1928 Φίλιππος,

261 1943 318 1983 οὔ.
354 1958 614 1997 nequaquam„
680 1943 777 1981 Alia
809 1942 997 1995 exempla
1027 1942 1148 1994 hujus
1177 1941 1513 1987 constructionis,
1536 1939 1659 1979 etiam
1687 1938 1770 1978 De-

261 1999 533 2043 mosthenica„
558 1998 766 2051 congessit
789 1997 1008 2037 Elmsleius
1029 1997 1082 2036 ad
1106 1996 1231 2050 Soph.
1258 1998 1327 2049 Aj.
1347 2009 1442 2047 970.
1490 1994 1740 2035 SOHAEF.

326 2067 413 2104 104,
439 2065 504 2106 25.
529 2053 859 2104 ἀποτυμπανίσαι]
903 2053 1095 2092 Reiskius
1117 2052 1159 2091 in
1184 2053 1274 2091 lnd.
1302 2052 1484 2092 Graecit.
1510 2049 1770 2102 vertit-fusti-

258 2110 413 2162 9ati0ne
433 2123 584 2148 necare.
635 2109 792 2148 Anccd.
814 2108 945 2149 Bekk.
965 2124 1004 2162 p.
1030 2109 1117 2158 198,
1141 2121 1204 2147 20.
1222 2109 1583 2157 Ἀποτυμπανίσαιε
1617 2106 1660 2144 τὸ
1682 2122 1770 2155 τυμ-

262 2165 370 2217 πάνῳ
402 2166 637 2211 ἀποκτεῖναι,
661 2166 682 2203 ὅ
709 2165 780 2214 πέρ
804 2165 887 2204 ἐστι
917 2166 1034 2213 ξύλον
1056 2165 1187 2213 ὥσπερ
1215 2165 1403 2213 ῥόπαλον.
1471 2162 1580 2201 Α(1(1.
1606 2161 1704 2200 ibid.
1728 2175 1767 2213 p.

262 2222 361 2273 438,
386 2222 558 2260 12-16.
608 2219 940 2259 SOHAEFER.

325 2288 418 2325 104,
442 2275 506 2313 28.
530 2275 759 2326 προβόλοις]
799 2274 918 2314 Citat
940 2275 979 2313 h.
1003 2274 1028 2313 l.
1054 2274 1309 2326 Harpocrat.
1334 2288 1369 2312 v.
1393 2276 1597 2322 πρόβολοι,
1623 2271 1770 2310 Pollux

264 2343 306 2382 5,
328 2342 415 2381 134.
450 2329 645 2368 REISK.
707 2330 760 2368 V.
780 2330 906 2369 etiam
924 2329 1083 2368 Anecd.
1100 2328 1229 2367 Bekk.
1245 2344 1284 2381 p.
1304 2330 1396 2381 289,
1415 2341 1478 2378 25.
1516 2327 1768 2366 SCHAEF.

329 2397 415 2434 104,
442 2398 506 2433 29.
530 2387 700 2433 ὑβρίζειν
720 2385 832 2436 ὑμᾶς]
874 2385 931 2423 Η.
956 2385 980 2423 l.
1006 2383 1230 2436 improprie
1256 2384 1412 2423 dictum
1440 2387 1622 2436 arguunt
1644 2383 1770 2422 verba

263 2439 409 2480 statim
430 2439 655 2492 sequentia,
680 2454 784 2492 quae
806 2439 1113 2479 excusationem
1140 2439 1262 2491 hujus
1283 2439 1477 2478 dictionis
1499 2439 1674 2477 habent:
1709 2439 1769 2476 οὐ-

263 2498 330 2534 δὲν
350 2497 606 2546 γὰρ-τοῦτο.
658 2494 721 2533 Cf.
748 2495 917 2534 Lucian.
941 2494 1096 2534 Soloec.
1117 2508 1150 2533 c.
1180 2508 1237 2533 10.
1262 2495 1319 2533 ὅτι
1341 2495 1383 2532 τὸ
1404 2496 1476 2543 μὲν
1498 2496 1543 2532 σὲ
1565 2495 1770 2543 ὑβρίζειν

263 2552 306 2589 τὸ
330 2550 440 2600 σῶμά
461 2552 544 2589 ἐστι
565 2550 607 2588 τὸ
626 2550 710 2595 σὸν,
729 2551 812 2599 ἤτοι
833 2554 1002 2602 πληγαῖς
1022 2550 1044 2599 ἢ
1066 2553 1220 2599 δεσμοῖς
1241 2549 1262 2598 ἦ
1285 2550 1346 2588 καὶ
1368 2550 1478 2601 ἄλλῳ
1497 2547 1635 2601 τρόπῳ·
1663 2549 1706 2586 τὸ
1728 2550 1769 2587 δὲ

266 2608 329 2647 εἰς
350 2607 415 2650 σὲ,
439 2606 534 2644 ὅταν
556 2607 609 2646 εἵς
631 2622 664 2644 τι
685 2610 759 2644 τῶν
782 2609 862 2645 σῶν
883 2607 1061 2656 γίγνηται
1082 2606 1103 2654 ἡ
1124 2607 1245 2654 ὕβρις.
1297 2606 1358 2644 καὶ
1382 2607 1456 2655 γὰρ
1478 2605 1586 2645 ὅστις
1606 2607 1770 2654 γυναῖκα

264 2662 409 2711 ὑβρίζει
430 2661 499 2709 τὴν
521 2661 607 2709 σὴν,
632 2663 695 2701 εἰς
722 2662 772 2699 σὲ
795 2663 940 2710 ὑβρίζει
963 2679 992 2699 κ.
1008 2677 1038 2698 τ.
1056 2665 1093 2698 λ.
1140 2660 1364 2699 FRANK.

326 2727 415 2768 105,
440 2729 471 2754 1.
505 2715 643 2767 πόθεν]
685 2715 919 2755 Subaudias
950 2717 1135 2754 ἄλλοθεν.
1199 2715 1253 2754 V.
1277 2720 1363 2754 not.
1387 2715 1441 2755 ad
1464 2713 1590 2766 Soph.
1616 2712 1765 2752 Trach.

263 2783 358 2823 390.
381 2770 471 2809 coll.
496 2774 582 2809 not.
605 2771 659 2809 ad
681 2770 828 2823 Oedip.
853 2771 899 2810 C.
922 2783 1018 2821 474.
1082 2770 1167 2810 Nec
1195 2776 1335 2810 tamen
1361 2771 1462 2810 haec
1484 2769 1567 2808 veri
1592 2767 1768 2807 nominis

265 2826 417 2879 ellipsis
450 2830 526 2865 est.
590 2825 714 2865 Dicas
735 2826 997 2865 dialecticam.
1061 2825 1115 2864 V.
1140 2840 1245 2878 quae
1279 2840 1409 2878 nuper
1439 2824 1577 2864 monui
1606 2823 1647 2861 in
1677 2822 1765 2861 Ind.

267 2880 338 2919 Gr.
357 2881 410 2920 ad
431 2881 579 2920 noviss.
599 2881 698 2920 edit.
721 2880 832 2933 Lips.
852 2881 1054 2920 Hecubae
1078 2881 1252 2920 Porsoni
1271 2895 1310 2932 p.
1332 2895 1340 2919 1
1361 2894 1372 2919 1
1391 2894 1420 2919 1.
1437 2881 1476 2918 b.
1514 2877 1765 2917 SCHAEF.
