1935 3205
148 158 169 184 ,
668 131 700 169 l’
712 131 747 170 lt
760 131 792 170 A
812 130 843 169 ις
861 130 892 169 κ·
904 131 937 169 Α
952 130 985 169 T
998 130 1012 169 1
1026 130 1072 167 o.
1592 131 1627 168 iv

112 250 149 284 p.
174 249 236 283 30,
267 249 323 284 15.
355 238 426 272 liae
455 250 598 284 paucae
626 245 713 272 sunt
740 238 920 284 reliquiae
951 238 1172 285 superstites
1204 238 1238 272 in
1272 245 1377 284 parte
1409 238 1528 285 prima
1558 237 1628 272 l)e-

113 301 434 337 mosthenicorum
458 314 630 349 operum.
681 302 883 349 Supplevit
905 310 1032 337 autem
1056 302 1272 337 deficientia
1293 302 1473 349 pleraque
1497 314 1631 335 manus

112 366 339 401 recentiora
362 379 398 413 p.
418 376 453 411 5,
475 367 508 400 8.
533 366 620 401 indc
644 379 761 413 usque
783 366 827 401 ad
851 379 885 413 p.
903 376 966 412 35,
987 376 1020 411 7.
1043 366 1174 400 decem
1199 365 1309 400 foliis.
1360 366 1418 400 Ab
1441 366 1510 400 liae
1531 378 1631 400 nova

114 442 230 464 manu
252 438 408 465 exarata
428 430 619 476 appellare
641 430 745 465 soleo
775 431 810 465 in
843 430 939 465 libro
960 430 1189 465 variantium
1211 432 1485 476 supplemeulmn
1509 431 1628 475 Anqu-

111 494 207 528 stani
228 495 352 540 primi.
410 494 443 528 Α
466 507 503 541 p.
525 505 590 540 ⁴35,
612 505 645 540 7.
675 495 762 530 inde
793 495 939 541 reliqua
967 495 1096 529 onmia
1126 494 1170 529 ad
1198 496 1311 530 finem
1343 507 1459 540 usqne
1481 499 1633 527 vetusta

114 570 249 592 manus
287 557 513 605 primigenia
552 559 736 593 exaravit.
797 558 838 592 In
876 566 1045 593 extremo
1080 559 1154 593 fine
1188 559 1329 593 codicis
1368 558 1522 593 demum
1556 556 1631 591 duo

112 622 356 669 reperiuntur
387 621 476 657 folia
506 623 641 657 mirum
670 623 707 656 in
739 622 895 657 modum
925 635 946 657 a
971 622 1165 658 vermibus
1195 635 1359 662 corrosa,
1388 621 1568 668 fumoque
1594 628 1631 655 et

115 686 268 734 pulvere
289 686 480 722 sordidata
500 694 539 722 et
559 686 767 735 denigrata,
791 694 831 720 ut
853 687 910 720 vix
934 686 1007 734 legi
1029 694 1172 733 queant
1193 700 1213 721 a
1236 700 1269 734 p.
1288 699 1324 732 4,
1350 698 1358 720 1
1377 698 1407 721 1.
1432 687 1516 729 ἡμᾶς
1534 687 1633 718 πλεῖν

115 750 161 785 ad
183 763 217 797 p.
240 751 276 791 6,
299 761 334 797 5.
355 752 405 786 τὶς
425 750 541 785 οὕτως.
601 750 803 785 Orationes
830 750 866 784 in
890 749 961 784 hoc
983 750 1114 784 codice
1139 763 1219 785 sese
1246 757 1534 797 consequuntur
1556 760 1632 783 non

114 814 246 849 ordine
278 813 434 862 vulgari,
465 813 529 848 sed
568 814 663 848 hoc:
697 812 932 859 Philippicae
963 826 1109 853 omneS‚
1145 814 1277 849 eodem
1314 814 1456 854 ordine,
1489 826 1563 860 quo
1595 813 1632 847 in

115 876 218 911 libris
244 877 418 925 vulgatis.
448 877 486 911 in
508 877 798 912 Androtionem.
830 877 866 911 in
894 876 1068 912 Midiam.
1100 877 1137 912 in
1161 877 1444 912 Aristocraten).
1477 890 1543 924 pro
1569 889 1632 911 co-

113 953 218 976 rona.
249 941 296 976 de
324 940 418 975 falsa
444 940 647 989 legatione.
678 941 716 975 in
737 940 1007 976 Timocratem.
1038 941 1075 976 in
1098 941 1314 988 Leptinem.
1347 941 1385 976 in
1407 941 1633 988 Aristogito-

115 1016 216 1040 nem.
252 1004 288 1039 in
320 1004 534 1040 Cononem.
566 1004 604 1039 in
635 1004 845 1040 Calliclem.
882 1004 919 1038 in
950 1004 1284 1052 Olympiodorum.
1321 1005 1357 1039 in
1392 1003 1633 1052 Dionysodo-

114 1081 211 1103 rum.
249 1069 287 1103 in
309 1068 511 1116 Aphobum
543 1068 653 1104 duae.
690 1081 757 1116 pro
780 1068 922 1103 Phano.
959 1069 997 1103 in
1022 1070 1232 1103 Onetorem
1264 1069 1372 1104 duae.
1410 1068 1446 1103 in
1471 1068 1634 1104 Pantae-

114 1141 259 1168 netum.
290 1133 329 1167 in
360 1132 567 1168 Lacritum.
600 1133 637 1167 in
664 1132 967 1167 Nausimachum
1000 1139 1038 1167 et
1063 1132 1336 1179 Xenopithem.
1368 1133 1404 1167 in
1435 1132 1633 1167 Phormio-

114 1209 215 1232 nem.
246 1197 284 1231 in
305 1196 574 1232 Zenothemin.
606 1209 672 1243 pro
697 1196 936 1231 Phormione.
966 1196 1002 1230 in
1025 1196 1264 1242 Apaturium.
1297 1198 1327 1229 οἱ
1348 1198 1635 1240 συμβουλευτικοὶ

118 1267 158 1305 (a
187 1273 221 1307 p.
244 1272 306 1306 95.
334 1261 379 1295 ad
410 1262 509 1306 ¹30·)
544 1273 611 1307 pro
644 1272 786 1295 corona
825 1259 1080 1301 trierarchica,
1114 1272 1209 1306 quae
1249 1260 1370 1295 oratio
1403 1260 1458 1295 bis
1489 1260 1527 1295 in
1561 1261 1633 1296 hoc

117 1324 248 1359 codice
287 1332 344 1359 est
383 1324 536 1371 scripta,
568 1324 661 1359 locis
695 1324 796 1358 inter
835 1336 874 1359 se
911 1323 1043 1370 procul
1082 1323 1236 1363 dissitis,
1274 1332 1311 1358 et
1350 1337 1435 1358 cum
1475 1324 1635 1360 mirifica

115 1387 326 1423 lectionum
351 1387 621 1434 discrepantia,
644 1395 686 1422 ut
713 1387 886 1434 exempla
905 1387 1018 1436 hujus
1045 1387 1227 1422 orationis
1249 1400 1267 1423 e
1289 1387 1483 1423 codicibus
1509 1388 1634 1423 diver-

116 1464 241 1486 sarum
263 1451 473 1486 editionum
499 1460 624 1486 sumta
643 1451 847 1486 videantur
875 1463 968 1486 esse.
1000 1451 1176 1487 universe
1198 1452 1386 1499 posterius
1414 1452 1632 1499 exemplum

115 1515 231 1563 priori
267 1523 324 1551 est
356 1515 606 1551 emendatius.
675 1515 775 1551 Sunt
808 1524 936 1551 tamen
972 1516 1045 1551 loci
1082 1516 1236 1563 quidam
1274 1529 1402 1551 rursus
1434 1517 1472 1551 in
1508 1517 1632 1564 priore
1647 1526 1745 1549 LX111

116 1579 408 1620 emendatiores,
440 1592 554 1627 quam
588 1580 624 1615 in
657 1580 870 1627 posteriori.
906 1588 992 1627 post
1024 1580 1129 1615 illam
1162 1588 1255 1615 orat.
1286 1593 1353 1627 pro
1389 1580 1635 1616 trierarchica

117 1656 259 1678 corona
288 1643 460 1690 sequitur
488 1656 543 1679 or.
574 1644 610 1678 in
643 1644 917 1679 Macartatum.
954 1644 992 1678 in
1024 1643 1260 1679 Leocharen.
1297 1645 1336 1679 in
1366 1644 1556 1680 Boeotum
1587 1645 1634 1680 de

117 1707 286 1747 nomine,
311 1715 391 1742 tum
424 1707 470 1742 de
500 1707 600 1743 dote.
632 1708 670 1743 in
701 1707 900 1755 Spudiam.
931 1708 968 1742 in
998 1708 1255 1743 Timotheum.
1285 1708 1323 1743 in
1355 1708 1632 1743 Nicostratum.

116 1771 155 1806 in
177 1771 452 1818 Phaenippum.
482 1771 519 1806 in
543 1772 748 1818 Polyclem.
778 1772 818 1807 in
838 1771 1083 1807 Eubulidem.
1111 1772 1150 1807 in
1165 1772 1431 1808 Theocrinem.
1460 1772 1498 1807 in
1518 1772 1634 1808 Ever-

117 1847 207 1883 gum
230 1842 267 1870 et
289 1835 565 1870 Mnesibulum.
624 1835 700 1871 Sed
721 1836 832 1885 hujus
853 1835 960 1871 adest
985 1835 1226 1871 solummodo
1247 1835 1413 1870 initium.
1471 1836 1576 1871 Ordo
1596 1837 1635 1871 in

118 1898 330 1947 digerendis
359 1906 471 1934 oratt.
493 1899 609 1935 Dem.
638 1907 832 1947 spectatus
862 1899 909 1934 ab
939 1899 1011 1934 hoc
1041 1899 1195 1934 librario
1225 1907 1291 1934 aut
1320 1899 1446 1934 nullus
1476 1908 1546 1941 est,
1571 1909 1636 1936 aut

118 1970 221 1998 certe
243 1975 375 2010 parum
398 1961 573 2012 diligens.
611 1963 737 1998 Primo
757 1963 842 1999 loco
863 1963 991 2011 posuit
1011 1963 1273 2011 Olynffliacas,
1293 1971 1372 1998 turn
1396 1963 1635 2010 Philippicas,

118 2026 255 2061 deinde
285 2026 470 2074 publicas,
503 2039 662 2074 quarum
697 2027 819 2074 prima
851 2026 922 2061 fuit
956 2027 1105 2062 ratione
1140 2026 1287 2066 aetatis,
1320 2034 1358 2061 et
1394 2027 1440 2061 ab
1471 2027 1637 2074 antiquis

119 2089 241 2136 primo
270 2089 356 2124 loco
392 2090 516 2136 posita
546 2090 610 2124 illa
644 2090 683 2124 in
712 2089 1018 2129 Androtionen1;
1054 2090 1220 2136 denique
1255 2090 1429 2137 privataS,
1461 2088 1526 2124 sed
1559 2089 1635 2137 pri-

118 2161 292 2188 vatarum
323 2164 451 2187 rursus
481 2161 570 2188 sunt
599 2153 744 2200 aliquot
771 2152 922 2193 classes,
955 2166 1048 2200 quas
1078 2154 1176 2188 inter
1200 2165 1241 2188 se
1272 2153 1494 2200 permiscuit
1522 2153 1638 2188 libra-

119 2217 196 2251 rius
226 2216 434 2265 Augustani
461 2216 625 2258 codicis,
657 2217 814 2266 ingessit
841 2217 943 2252 enim
972 2217 1010 2251 in
1040 2217 1184 2252 medias
1209 2219 1288 2252 τοὺς
1313 2217 1634 2261 συμβουλευτικούς.

119 2281 291 2321 Veteres,
313 2292 334 2314 a
362 2292 524 2327 quorum
551 2280 665 2316 modo
693 2280 886 2316 dividendi
912 2281 1147 2322 recessimus,
1169 2281 1222 2316 ita
1248 2281 1421 2316 solebant
1446 2281 1638 2316 orationes

120 2345 233 2380 Dem.
255 2344 494 2385 distribuere,
523 2357 620 2391 quae
647 2344 865 2380 distributio
893 2353 1042 2380 servata
1072 2352 1128 2380 est
1153 2345 1191 2379 in
1215 2344 1400 2380 Bavarico
1429 2344 1572 2385 codice,
1595 2353 1638 2380 ut

120 2408 215 2444 aliae
249 2415 377 2444 essent
409 2410 508 2454 λόγοι
538 2408 767 2448 Ὀλυνθιιικοὶ,
804 2407 868 2443 alii
901 2409 1112 2447 Φιλιππικοὶ,
1145 2407 1207 2443 alii
1241 2410 1539 2452 συμβουλευτικοὶ,
1575 2408 1638 2443 alii

120 2473 291 2516 δημόσιοι,
313 2471 375 2506 alii
398 2473 633 2517 παρα-γραφαὶ,
656 2472 719 2507 alii
741 2473 962 2518 ἐπιτροπικοὶ,
984 2471 1047 2506 alii
1068 2473 1240 2507 ἷὸιωτικοί.
1298 2471 1406 2514 Quae
1428 2471 1502 2506 Sint
1522 2471 1640 2518 Olyn-

122 2536 283 2579 thiaeae,
307 2547 403 2582 quae
425 2535 671 2583 Philippicae,
693 2548 779 2571 curn
803 2543 953 2571 constet
974 2536 1075 2571 inter
1095 2548 1241 2579 omnes,
1263 2536 1317 2570 nil
1344 2535 1481 2570 attinet
1501 2534 1639 2569 dicere.

122 2602 163 2633 Οἱ
192 2601 479 2643 συμβουλευτικοὶ
508 2607 597 2634 sunt
627 2601 706 2645 περὶ
735 2601 940 2644 συντάξεως,
970 2601 1047 2643 περὶ
1080 2602 1288 2644 συμμοριῶν,
1320 2599 1404 2643 ὑπὲρ
1434 2600 1638 2643 Μεγαλοπο·

122 2666 238 2703 λιτῶν,
259 2664 344 2708 ὑπὲρ
361 2663 498 2697 Ῥοδίων
524 2664 728 2708 ἐλευθερίας,
755 2664 832 2708 περὶ
859 2667 925 2696 τῶν
949 2665 1034 2707 πρὸς
1053 2662 1280 2706 Ἀλέξανδρον
1305 2663 1487 2704 συνθηκῶν.
1545 2660 1635 2696 Ora-

124 2726 248 2760 tiones
268 2725 306 2760 in
335 2725 476 2760 caussis
497 2725 658 2771 publicis
685 2725 810 2760 dictae
832 2733 931 2766 sunt,
953 2726 990 2759 in
1016 2725 1201 2760 Bavarico
1223 2725 1375 2771 quidem
1403 2724 1547 2765 codice,
1568 2724 1640 2759 hae

125 2796 163 2824 et
189 2789 260 2824 hoc
288 2788 445 2824 ordine:
478 2789 559 2822 κατὰ
578 2788 832 2833 Ἀνδροτίωνος,
860 2789 935 2832 περὶ
962 2791 1023 2821 τοῦ
1049 2790 1236 2832 στεφάνου,
1257 2790 1334 2833 περὶ
1358 2790 1416 2831 τῆς
1441 2802 1638 2834 παραπρεσ-

122 2854 228 2894 βείας,
258 2854 342 2898 πρὸς
367 2853 545 2895 Λεπτίνην,
567 2852 649 2885 κατὰ
675 2852 828 2891 Μειδίου,
861 2851 942 2885 κατὰ
966 2853 1264 2896 Ἀριστοκράτους,
1297 2852 1377 2885 κατὰ
1402 2851 1640 2896 Τιμοκράτους,

126 2917 207 2951 κατὰ
234 2915 539 2963 Ἀριστογείτονος.
598 2915 809 2963 Epitropici
840 2922 940 2953 sunt.
970 2927 1036 2950 seu
1067 2914 1111 2950 de
1143 2922 1249 2963 gesta
1279 2915 1336 2951 sui
1366 2915 1496 2958 tutela,
1526 2923 1639 2951 oratt.
