1914 3184
279 142 361 180 118
896 135 975 175 DE
1008 133 1175 175 PACE.

281 247 398 283 δοκεῖ.
449 244 670 293 κατηγορῶν
700 242 773 292 γὰρ
802 242 822 279 ὁ
856 239 979 290 ῥήτωρ
1006 239 1209 291 Αἰσχίνου,
1243 237 1355 277 οὐδὲν
1386 238 1550 278 ἔλαττον
1581 237 1699 280 αὐτὸν
1730 239 1790 278 καὶ

282 300 344 339 ἐπὶ
375 300 494 352 τούτῳ
525 299 702 344 αἰτιᾶται,
729 298 788 336 ὅτι
819 292 1378 344 συνεβούλευσενἈθηναίοις
1396 292 1662 345 Ἀμφικτύονα
1693 294 1792 334 εἶναι

280 355 538 407 ψηφίσασθαι
569 354 781 392 Φίλιππον.
828 353 870 390 ἐν
896 349 924 404 ᾧ
953 351 1022 390 οὖν
1054 351 1204 389 ἐκεῖνον
1235 353 1376 399 πικρῶς
1406 350 1608 399 διέβαλλε,
1634 352 1714 391 πῶς
1744 349 1793 389 ἂν

284 411 398 452 αὐτὸς
439 409 627 460 ἐθάρρησε
667 407 854 459 γενέσθαι
889 407 1142 455 σύμβουλος;
1197 404 1332 444 Locus
1367 404 1568 445 orationis
1603 406 1654 445 de
1688 405 1793 445 falsa

284 465 504 519 legatione⁷
527 464 661 504 tribus
681 462 801 503 annis
825 461 1007 515 (Olymp.
1034 474 1120 511 109,
1146 462 1202 511 2.)
1225 465 1321 513 post
1351 461 1581 501 orationem
1611 462 1662 500 de
1692 474 1793 514 pace

283 521 466 569 habitae,
489 524 553 560 est
574 535 612 573 p.
638 531 734 573 375.
762 518 832 558 ubi
855 517 1086 556 Aeschines
1117 516 1268 555 dicitur
1288 520 1487 556 συνειπεῖν
1507 518 1625 566 μόνος
1652 517 1729 555 τῶν
1751 518 1794 556 ἐν

284 579 329 631 τῇ
361 579 474 616 πόλει
504 575 661 615 πάντων
686 575 899 624 ἀνθρώπων
929 572 1078 626 legatis
1107 571 1288 625 Philippi
1320 572 1556 625 psephisma
1582 572 1794 625 postulan-

285 633 398 672 tibus
421 632 471 672 de
494 631 689 684 Philippo
710 629 820 669 inter
841 629 1170 682 Amphictyones
1194 626 1441 680 recipiendo.
1502 628 1617 678 Quae
1638 628 1794 667 Jacob-

286 688 370 727 sius
406 688 447 726 in
482 687 648 740 Proleg.
676 701 716 739 p.
746 698 839 734 240,
863 699 922 737 sq.
954 685 1015 724 ita
1051 698 1144 723 cum
1180 683 1368 723 oratione
1405 684 1456 722 de
1490 698 1590 736 pace
1625 682 1666 722 in
1701 697 1795 722 con-

286 744 470 783 cordiam
500 742 688 796 redigere
721 740 882 781 studuit
913 744 960 779 ut
991 739 1033 778 in
1065 739 1297 793 posteriore
1328 739 1516 779 oratione
1547 739 1796 778 Aeschinem

287 814 368 839 non
404 804 492 839 tam
532 804 704 852 propter
743 796 980 851 psephisma
1015 796 1066 835 de
1102 795 1427 848 Amphictyonia
1463 809 1587 848 quam
1626 799 1797 848 propter

286 855 575 895 commendata
607 855 659 893 ab
693 868 741 893 eo
772 851 1038 892 fraudulenta
1070 851 1305 904 legatorum
1336 851 1517 905 Philippi
1550 855 1798 904 argumenta

288 911 534 964 reprehendi
567 909 805 963 conjiceret.
867 908 988 958 Quod
1014 912 1078 946 est
1106 907 1308 960 ejusmodi
1330 911 1377 946 ut
1399 922 1525 960 quum
1547 906 1722 946 divinari
1742 906 1797 946 ab

287 966 552 1007 auditoribus
589 980 670 1004 non
707 963 905 1018 potnerit.
938 962 1017 1002 dici
1049 963 1103 1002 ab
1139 968 1306 1002 oratore
1342 962 1632 1002 disertioribus
1662 961 1798 1002 verbis

289 1022 494 1062 debuerit.
557 1021 669 1060 Nihil
701 1021 829 1074 igitur
858 1018 1109 1072 relinquitur
1136 1033 1260 1072 quam
1291 1024 1337 1059 ut
1361 1018 1664 1058 Demosthenes
1695 1023 1799 1058 tem-

291 1078 461 1132 poribus
484 1077 666 1117 serviens
693 1076 775 1116 alio
797 1080 985 1128 tempore
1013 1074 1095 1114 alia
1126 1074 1279 1114 dixisse
1305 1074 1538 1127 judicetur:
1573 1074 1683 1128 quod
1705 1073 1800 1114 aliis

290 1148 454 1188 quoque
476 1133 715 1174 oratoribus
736 1138 779 1172 et
800 1136 987 1171 veterum
1008 1135 1051 1170 et
1071 1130 1301 1169 recentium
1322 1135 1557 1184 temporum
1579 1129 1744 1170 accidit.

350 1302 396 1341 P.
419 1312 486 1353 57,
510 1315 543 1339 1.
564 1299 669 1350 Ὁρῶ
696 1299 982 1348 μὲν-πολλὴν
1007 1297 1236 1349 δυσκολίαν]
1289 1296 1432 1335 Solent
1463 1300 1650 1335 oratores
1682 1295 1800 1335 initio

293 1357 468 1404 dicendi,
492 1371 572 1410 quo
593 1356 791 1408 majorem
819 1355 896 1394 sibi
918 1354 1098 1394 favorem
1127 1352 1357 1398 concilient,
1380 1352 1505 1391 duras
1534 1356 1676 1405 partes
1705 1365 1803 1391 suas

292 1413 531 1467 praedicare
563 1416 605 1451 et
636 1425 818 1457 caussae„
852 1425 976 1463 quam
1009 1414 1152 1463 agunt,
1185 1409 1472 1447 demonstrare
1502 1407 1802 1447 difficultatem.

294 1468 413 1509 Talia
444 1473 541 1508 sunt
573 1467 742 1507 exordia
774 1467 1069 1506 Demosthenis
1100 1466 1150 1504 de
1182 1464 1299 1504 Con:
1335 1466 1467 1503 πολλὰ
1496 1465 1567 1512 μὲν
1593 1464 1662 1503 οὗν
1688 1462 1799 1514 ἔγωγ’

294 1528 527 1574 ἐλαττοῦμαι
558 1526 652 1562 κατὰ
680 1525 829 1562 τουτονὶ
857 1523 926 1561 τὸν
951 1523 1084 1572 ἀγῶνα
1106 1521 1307 1571 Αἰσχίνου.
1369 1518 1567 1559 Isocratis
1593 1519 1643 1558 de
1673 1533 1799 1572 pace:

293 1582 414 1621 ἅπασι
442 1580 517 1631 γάρ
540 1581 625 1618 ἐστι
651 1579 824 1629 φανερὸν
851 1579 908 1617 ὅτι
935 1582 1089 1625 μᾶλλον
1114 1578 1254 1625 ἥδεσθε
1283 1579 1362 1616 τοῖς
1392 1577 1686 1625 παρακαλοῦσιν
1706 1576 1803 1624 ὑμᾶς

294 1638 356 1676 ἐπὶ
381 1637 445 1675 τὸν
466 1637 641 1684 πόλεμον
662 1634 683 1683 ἢ
705 1638 784 1674 τοῖς
809 1635 892 1684 περὶ
914 1636 979 1682 τῆς
1005 1632 1155 1682 εἰρήνης
1183 1632 1534 1680 συμβουλεύουσιν.
1594 1629 1803 1670 Ciceronis

293 1707 369 1745 pro
392 1692 441 1731 P.
459 1690 674 1741 Quinctio:
715 1690 830 1739 Quae
860 1703 925 1728 res
956 1689 996 1727 in
1028 1688 1196 1727 civitate
1227 1687 1333 1726 (11136
1363 1686 1585 1739 plurimum
1614 1690 1801 1738 possunt.

294 1750 372 1788 1136
402 1752 549 1787 contra
580 1760 654 1784 nos
685 1745 854 1784 faciunt.
921 1744 1090 1784 Salustii
1122 1743 1193 1790 (ad
1223 1743 1442 1782 Caesarem
1472 1742 1522 1781 de
1551 1741 1683 1781 ordin.
1715 1755 1802 1794 rep.

295 1820 357 1857 ep.
387 1818 422 1842 2.
450 1818 538 1855 cap.
568 1815 599 1841 1.
628 1802 754 1854 (vulg.
784 1806 823 1854 9)
850 1800 926 1839 vol.
956 1813 991 1839 2.
1018 1815 1056 1853 p.
1089 1812 1204 1852 ¹030·
1234 1798 1331 1852 ibiq.
1359 1798 1519 1849 Cort.):
1559 1804 1582 1819 “
1602 1797 1695 1836 Scio
1727 1811 1804 1850 ego

296 1874 419 1913 quam
441 1858 600 1897 difficile
632 1862 758 1909 atque
788 1870 980 1910 asperum
1001 1858 1114 1895 factu
1144 1854 1197 1893 sit
1220 1853 1431 1893 consilium
1453 1853 1804 1906 dare—cuiquam

294 1915 472 1962 mortali,
496 1914 612 1967 cujus
634 1927 731 1966 opes
753 1913 792 1950 in
816 1912 978 1951 excelso
999 1911 1134 1950 sunt.”
1167 1910 1354 1949 VOEM.

350 1982 417 2024 57,
439 1983 501 2009 10.
522 1972 558 2009 οἱ
578 1971 650 2019 μὲν
671 1971 744 2019 γὰρ
767 1969 903 2020 ἄλλοι]
938 1968 1054 2006 Haec
1076 1965 1229 2019 repetit
1251 1965 1428 2018 scriptor
1446 1963 1704 2017 Philippicae
1724 1963 1804 2002 IV.

295 2043 333 2081 p.
359 2041 449 2080 139.
475 2040 537 2076 14.
603 2024 863 2064 Sententiam
900 2023 1089 2062 similiter
1125 2024 1427 2062 conformatam
1458 2035 1507 2060 ex
1541 2020 1732 2059 Prooem.
1762 2033 1805 2072 p.

299 2095 418 2136 ]450.
443 2085 503 2121 16.
526 2080 780 2134 comparavit
804 2080 1033 2119 Dobraeus.

351 2150 418 2191 57,
442 2150 504 2177 12.
524 2141 620 2187 μετὰ
641 2140 687 2175 τὰ
709 2136 932 2187 πράγματα]
975 2133 1165 2173 Comicus
1192 2133 1303 2186 apud
1327 2131 1497 2171 Lucian.
1519 2131 1596 2170 vol.
1620 2144 1652 2169 1.
1673 2145 1713 2183 p.
1738 2131 1804 2171 26.

298 2194 436 2234 Κλέων
459 2194 686 2244 Προμηθεύς
707 2193 790 2230 ἐστι
811 2193 907 2239 μετὰ
929 2193 975 2229 τὰ
997 2189 1216 2240 πράγματα.
1250 2188 1420 2227 DOBR.

352 2262 420 2302 57,
446 2262 505 2301 15.
534 2251 580 2287 τὰ
607 2250 647 2286 δὲ
674 2246 1143 2297 πράγματα-ἐκφεύγειν
1164 2245 1276 2296 ὑμᾶς]
1329 2243 1554 2283 Occasiones
1582 2256 1715 2281 rerum
1741 2255 1805 2294 96-

295 2305 512 2345 rendarum
534 2310 568 2343 et
592 2310 739 2355 (eoque
762 2316 792 2340 s.
814 2301 1033 2353 simulque)
1057 2315 1102 2339 ea
1124 2300 1171 2338 de
1192 2299 1329 2352 quibus
1352 2299 1432 2351 (vel
1455 2296 1722 2337 defendendis
1743 2296 1805 2336 vel

297 2359 565 2413 occupandis)
589 2357 822 2403 deliberatis,
836 2356 1021 2409 ffimrditis.
1069 2355 1289 2393 FRANK.

353 2430 420 2469 57,
447 2428 510 2455 22.
535 2416 595 2453 καὶ
616 2415 662 2452 τὰ
684 2412 894 2462 προειμένα
915 2409 1154 2463 σωθήσεται]
1190 2410 1288 2448 Plus
1310 2409 1527 2462 pollicetur
1543 2422 1666 2460 quam
1688 2420 1805 2460 prae—

298 2477 397 2513 stat.
459 2471 566 2510 Nam
592 2469 642 2507 dc
670 2467 962 2520 recuperandis
989 2465 1151 2505 amissis
1178 2465 1278 2504 nihil
1303 2464 1426 2503 dicit:
1460 2468 1627 2504 tantum
1653 2463 1805 2502 bellum

298 2525 692 2581 Amphictyonicum
714 2523 848 2562 caveri
865 2523 999 2575 jubet.
1034 2521 1225 2560 WOLF.
1287 2520 1451 2559 Nullam
1472 2519 1537 2558 hic
1554 2518 1803 2572 jactantiam

298 2584 428 2623 video.
490 2582 583 2620 Hoc
615 2579 717 2619 dicit
749 2579 916 2625 Orator,
949 2577 981 2616 si
1012 2576 1290 2616 Athenienses
1321 2590 1428 2615 nunc
1461 2575 1689 2628 quiescant,
1717 2573 1804 2611 fore

298 2644 345 2679 ut
366 2652 504 2678 rerum
532 2637 573 2675 in
600 2634 811 2674 meliorem
832 2638 990 2673 statum
1011 2632 1221 2671 conversio
1243 2631 1369 2671 etiam
1391 2631 1543 2671 amissa
1565 2630 1661 2669 olim
1686 2627 1805 2668 resti-

297 2700 402 2735 tuat.
436 2690 767 2733 SCHAEFER.

353 2761 421 2802 57,
448 2762 512 2797 24.
534 2746 620 2798 παρ’
638 2748 728 2795 ὑμῖν
748 2745 976 2798 prudenter
996 2743 1199 2788 additum,
1222 2743 1333 2795 apud
1353 2741 1455 2781 alios
1481 2742 1589 2781 enim
1617 2739 1804 2780 homines

298 2805 428 2845 odiosi
461 2808 558 2843 sunt
584 2803 826 2855 jactatores.
860 2801 979 2839 Dem.
1003 2800 1095 2839 Gor.
1118 2814 1156 2851 p.
1181 2802 1274 2837 226.
1306 2799 1424 2848 φύσει
1451 2800 1570 2836 πᾶσιν
1591 2796 1804 2845 ἀνθρώποις

298 2861 463 2912 ὑπάρχει
493 2862 568 2899 τῶν
597 2859 670 2907 μὲν
695 2860 898 2906 λοιδοριῶν
924 2857 985 2895 καὶ
1016 2859 1090 2894 τῶν
1117 2857 1352 2904 κατηγοριῶν
1380 2853 1533 2892 ἀκούειν
1560 2851 1690 2901 ἡδέως,
1723 2853 1803 2889 τοῖς

299 2919 498 2955 ἐπαινοῦσι
521 2913 549 2953 δ’
570 2913 703 2953 αὐτοὺς
727 2914 929 2963 ἄχθεσθαι.
976 2910 1161 2949 VOEM.
