1940 3179
963 696 1075 741 XV.

416 821 566 871 PRO
618 821 1097 873 RHODIORUM
1146 822 1613 872 LIBERTATE.

839 958 1201 984 ———-‹»———

328 1067 492 1106 HABITA
528 1068 630 1108 haec
667 1069 804 1109 oratio
839 1074 904 1110 est
943 1070 1143 1110 archonte
1181 1070 1378 1110 Thessalo
1406 1071 1567 1124 Olymp.
1605 1083 1697 1122 107,
1737 1083 1771 1109 2.

266 1123 490 1177 Dionysius
517 1124 613 1164 Hal.
644 1124 721 1178 Ep.
747 1139 777 1164 1.
807 1126 861 1165 ad
893 1126 1141 1166 Ammaeunl
1173 1141 1207 1165 c
1233 1141 1272 1175 4.
1299 1141 1337 1179 p.
1364 1128 1428 1177 76.
1462 1128 1524 1166 ἐπὶ
1556 1127 1772 1166 Θεσσάλου

265 1183 331 1219 τοῦ
361 1196 431 1229 μετ
457 1179 740 1231 Ἀριστόδημον
770 1198 839 1230 την
865 1182 952 1232 περὶ
972 1181 1130 1222 Ῥοδίων
1160 1182 1375 1233 ἀπηγγειλε
1406 1183 1653 1233 δημηγορίαν,
1682 1184 1725 1221 ἐν
1749 1180 1772 1231 ᾗ

265 1237 389 1275 πείθει
410 1237 497 1277 τοὺς
512 1237 742 1284 Ἀθηναίους
763 1241 979 1277 καταλῦσαι
999 1255 1069 1288 την
1085 1240 1318 1290 ὀλιγαρχίαν
1340 1238 1463 1278 αὐτῶν
1481 1239 1541 1278 καὶ
1564 1239 1633 1278 τὸν
1654 1240 1774 1287 δημον

267 1292 538 1342 ἐλευθερῶσαι.
601 1292 717 1342 Quae
741 1293 939 1346 temporis
970 1294 1132 1334 notatio
1154 1294 1314 1333 duobus
1342 1308 1418 1345 aro
1422 1294 1599 1334 umentis
1619 1308 1645 1333 a
1666 1293 1773 1334 Clin-

268 1351 365 1386 tone
400 1347 440 1386 in
480 1347 596 1387 Fast.
631 1348 739 1387 Hell.
772 1349 827 1388 ad
855 1349 1015 1403 Olymp.
1048 1361 1132 1400 107,
1163 1362 1199 1389 2.
1235 1355 1299 1390 est
1334 1346 1590 1390 confirmata.
1667 1349 1774 1390 Nam

270 1402 485 1442 Mausolus
507 1404 654 1444 Cariae
679 1405 844 1458 legulus
875 1410 922 1445 ut
948 1410 1137 1445 mmtuus
1158 1421 1197 1459 p.
1217 1407 1321 1458 198.,
1344 1420 1449 1445 ux01
1469 1420 1565 1445 vero
1586 1406 1673 1459 ejus
1694 1405 1773 1444 Ar-

268 1458 431 1498 temisia
461 1464 508 1499 ut
533 1459 625 1499 viva
655 1466 910 1500 memor-atui
940 1477 978 1515 p.
1003 1475 1091 1514 193.
1152 1462 1253 1501 Iam
1275 1477 1324 1501 ex
1348 1461 1532 1501 Diodoro
1560 1464 1620 1508 16,
1642 1463 1709 1515 36.
1731 1466 1774 1501 et

265 1527 333 1565 45.
357 1519 524 1554 constat
549 1516 782 1554 Mausolum
809 1517 959 1556 obiisse
988 1518 1190 1557 aichonte
1213 1518 1400 1557 Eudemo
1422 1518 1583 1570 Oly.nip
1610 1519 1696 1565 106,
1719 1533 1757 1565 4.
1750 1549 1770 1565 .,

268 1570 538 1610 Artemisiam
562 1585 657 1611 vero
679 1572 839 1611 duobus
869 1572 991 1612 annis
1019 1578 1126 1625 post.
1190 1573 1254 1612 Ex
1277 1587 1358 1626 quo
1380 1573 1567 1625 sequitur
1589 1573 1773 1612 Artemi-

267 1625 370 1664 siam
401 1626 513 1665 brevi
545 1631 641 1679 post
671 1627 777 1666 hanc
805 1628 1034 1668 orationem
1057 1633 1244 1681 tempore
1268 1634 1475 1668 moltuam
1497 1643 1598 1676 esse.
1621 1628 1773 1668 oratio-

266 1695 359 1719 nem
393 1686 533 1721 autem
571 1682 609 1720 in
643 1697 735 1721 euni
771 1683 905 1735 ipsum
940 1698 1093 1723 annum
1126 1684 1305 1723 incideie
1335 1684 1398 1723 cui
1429 1699 1520 1723 eam
1552 1684 1773 1737 adscripsit

266 1736 405 1789 Diony
409 1737 504 1785 sius,
531 1738 691 1790 aliquot
724 1743 819 1791 post
850 1739 1000 1778 bellum
1032 1740 1180 1779 sociale
1210 1740 1341 1785 annis,
1365 1740 1475 1793 quod
1498 1740 1687 1793 Byzantii
1710 1754 1772 1779 so-

265 1792 416 1831 cietate
437 1807 528 1831 cum
552 1793 666 1832 Chiis
688 1793 944 1847 Rhodiisque
960 1795 1093 1847 juncti
1115 1796 1193 1834 adv
1186 1809 1312 1834 ersus
1334 1795 1612 1835 Athenienses
1637 1810 1772 1849 gesse-

266 1852 361 1887 rant
396 1848 816 1902 111ι,·ι1ι()1)·111ρ.105,
841 1863 1035 1903 3.-105,
1060 1864 1092 1889 1.
1119 1854 1174 1902 (v.
1201 1851 1255 1888 W
1262 1851 1443 1891 1n1eusk
1474 1851 1702 1891 Comment.
1731 1866 1770 1904 p.

264 1916 354 1954 34
340 1918 400 1956 sq
425 1909 467 1943 et
489 1904 741 1944 Bruecknel.
764 1905 909 1944 hist01.
934 1906 1114 1959 Philippi
1137 1921 1175 1959 p.
1200 1908 1310 1956 140.)
1373 1907 1499 1959 Cujus
1529 1907 1623 1946 belli
1646 1921 1772 1960 quum

264 1973 406 1997 ltcens
434 1959 632 1999 memoria
657 1965 778 2006 esset
800 1975 954 2010 maona
980 1966 1072 2001 arte
1102 1976 1205 2015 opus
1234 1976 1278 2001 er
1279 1967 1324 2002 at
1347 1962 1618 2002 Demostheni
1642 1963 1772 2002 Athe-

264 2014 472 2053 mensibus
494 2016 685 2055 suadenti
708 2020 755 2055 ut
778 2016 952 2055 Rhodiis
973 2032 1188 2056 succurrel
1191 2022 1261 2057 ent
1287 2019 1337 2057 de
1368 2018 1556 2071 populari
1578 2018 1681 2057 libel
1685 2022 1772 2058 tate

263 2084 355 2108 cum
377 2070 627 2124 eligarchica
647 2071 828 2111 factione
850 2073 1210 2113 contendentibus.

334 2248 422 2286 191,
452 2249 511 2288 13.
544 2237 827 2288 πρυτανεύσας]
876 2236 992 2276 Citat
1023 2237 1061 2275 h.
1089 2237 1114 2277 l.
1143 2238 1396 2291 Harpocrat.
1423 2253 1459 2277 v.
1485 2240 1773 2288 πρυτανεύοντα

264 2294 306 2329 et
337 2290 578 2330 scholiastes
610 2291 906 2344 Aristophanis
936 2292 990 2331 ad
1022 2292 1207 2332 Acharn.
1236 2298 1302 2332 60.
1342 2293 1534 2333 REISK.
1598 2294 1650 2333 V.
1680 2294 1770 2333 Ind.

265 2345 446 2384 Graecit.
471 2360 501 2384 s.
524 2361 559 2384 v.
603 2346 933 2385 SGHAEFER.

328 2414 415 2451 191,
442 2413 506 2440 22.
540 2402 583 2440 οὗ
610 2406 810 2450 μεῖζον-η
833 2401 927 2455 ὴ-]
962 2403 1148 2443 Adverte
1184 2403 1513 2456 comparativum
1550 2405 1693 2444 eadem
1730 2404 1771 2443 in

264 2456 432 2508 peliodo
463 2456 681 2509 dupliciter
712 2462 930 2503 structum„
960 2458 1109 2511 quippe
1140 2460 1331 2511 junctum
1365 2465 1408 2499 et
1442 2459 1624 2512 genitivo
1655 2461 1698 2499 οὗ
1730 2465 1773 2500 et

264 2511 492 2564 particulae
512 2512 702 2565 7'1'2quod
731 2518 795 2552 est
826 2528 876 2552 ex
906 2513 1117 2553 idiomatis
1140 2515 1326 2554 Graecae
1354 2515 1555 2567 syntaxis.
1618 2515 1772 2555 Nostro

264 2568 352 2605 loco
383 2567 611 2606 simillimus
645 2568 834 2608 Platonis
873 2569 1000 2622 Legg.
1030 2580 1070 2622 5
1096 2585 1137 2639 p.
1173 2573 1266 2622 738.
1299 2570 1354 2609 H
1383 2570 1527 2623 Steph.
1563 2572 1607 2610 οὗ
1641 2572 1772 2620 μεῖζον

263 2623 375 2661 οὐδὲν
396 2624 510 2661 πόλει
532 2624 692 2673 ἀγαθὸν,
715 2623 737 2673 ἢ
759 2625 971 2674 γνωρίμους
997 2626 1133 2687 αὐτοὺς
1154 2627 1282 2667 αὑτοῖς
1304 2643 1416 2665 ειναι.
1476 2626 1528 2665 V.
1553 2626 1770 2666 Heindorf.

262 2677 316 2716 ad
345 2677 507 2717 Platon.
537 2679 858 2731 (101²g.p.183..‚
890 2679 960 2718 ubi
999 2680 1039 2718 in
1073 2681 1138 2720 cit
1131 2681 1239 2720 ando
1271 2681 1556 2720 Demosthene
1591 2681 1768 2721 erravit:

263 2747 417 2784 quemc
405 2737 546 2772 autem
570 2734 760 2773 Oratoris
791 2734 924 2773 locum
956 2735 996 2773 in
1028 2741 1166 2776 mente
1198 2736 1412 2784 l1ab11it‚is
1443 2736 1564 2776 aliter
1591 2737 1770 2789 sciiptus

261 2788 411 2841 legitur
433 2803 470 2840 p.
492 2801 558 2840 43,
584 2790 619 2827 8.
663 2789 992 2829 SCHAEFER.

325 2857 413 2895 191,
446 2855 510 2894 25.
542 2845 763 2884 ἀνυπόπτου
794 2849 926 2896 τυχεῖν
958 2846 1126 2897 εὐνοίας]
1178 2846 1218 2884 S.
1245 2850 1310 2884 τοῦ
1342 2848 1612 2895 ἐπιβουλεύειν
1644 2846 1770 2886 αὐτοῖς·

263 2899 367 2945 ἡμᾶς.
410 2903 455 2937 ut
482 2899 599 2937 nobis
631 2904 669 2938 ot
704 2900 807 2939 bene
839 2900 1020 2951 cupiant.
1050 2905 1088 2939 et
1123 2915 1196 2939 nos
1229 2916 1326 2940 suae
1364 2901 1547 2941 libertati
1584 2900 1769 2940 insidiari
