1950 3210
520 138 600 176 1)1·:
635 137 832 177 FALSA
873 138 1260 177 1.1‹1(';A'1‘1()N1‹3.
1560 142 1643 179 ,31:ss

189 242 283 294 367,
310 253 344 294 7.
379 242 465 284 τοὺς
498 244 677 296 ἐχθροὺς]
722 243 766 282 ln
799 243 948 297 quibus
985 248 1029 282 tu
1062 259 1117 290 cs,
1155 257 1274 295 quein
1307 257 1380 282 suo
1412 243 1641 297 affligerent

132 297 382 346 testimonio,
406 298 438 337 si
459 299 666 339 adessent.
729 299 982 340 SOHAEF.

187 355 305 406 χωρὶς
340 357 405 403 τῆς
440 356 565 418 ἄλλης
599 358 787 408 αἰσχύνης
825 357 884 396 καὶ
917 356 1088 408 ἀδοξίας]
1124 356 1232 395 Cave
1268 356 1393 405 ἄλλης
1428 356 1643 397 abundare

132 414 264 461 putes
330 410 382 448 V.
406 425 497 450 nica
527 411 566 450 in
596 411 782 451 szobsii
812 417 1001 451 ἰιιιιοιιι
1033 411 1445 452 :1dAnt1101.1’111t
1479 427 1516 465 p.
1546 425 1642 465 (773.

132 468 174 504 ιι,
198 465 288 504 Ind.
313 466 373 505 Gr
375 480 460 506 ιι.ο(.··
482 467 533 507 ad
563 468 733 507 l'orsoni
761 468 885 507 Muli
888 482 955 508 am
979 483 1017 521 p.
1044 469 1132 507 126.
1150 483 1181 507 s
1200 468 1261 507 cd.
1286 473 1383 507 tcit.
1406 468 1514 520 Lips.
1550 469 1643 507 Non

131 520 330 561 absimilis
367 537 463 561 usus
499 524 692 577 adju-tivi
731 525 854 566 ἄλλος
891 539 928 577 p.
951 536 1045 576 372
1074 534 1137 575 27.
1159 535 1253 577 373,
1283 526 1344 563 16.
1390 524 1517 564 Sel-1
1517 524 1641 563 &El

132 577 215 617 Not
235 583 271 617 lo
292 578 459 618 ηιιηΐῐοη
481 579 541 619 the
562 580 740 634 clcsyrace
762 587 820 620 loo
845 585 909 629 (as
933 580 1017 619 nell
1045 594 1092 620 as
1118 580 1189 620 the
1215 580 1349 634 daug(
1354 584 1427 630 rs),
1451 586 1496 620 ιιι
1521 581 1643 621 vertit

132 632 318 674 Shilloto

188 690 283 742 367,
312 704 372 730 ιι.
409 693 557 741 κυρίους
580 692 678 732 εἷιαι
701 693 868 747 Πυλῶν]
907 692 1080 732 Maximi
1108 706 1270 745 sempci
1292 693 1437 732 habita
1459 699 1522 733 est
1552 708 1643 746 pos-

130 745 259 785 sessio
288 746 673 801 Thermopylarum,
697 763 800 801 quas
821 763 858 801 p.
883 761 977 799 397.
1011 762 1103 787 cum
1134 748 1221 787 Π·Ηιι
1223 748 1313 789 acia
1348 750 1645 801 χρησιμώτατον

130 802 251 842 τόπον
283 819 347 852 της
379 803 601 853 οἰκουμείης
633 810 766 843 meam
800 804 860 844 Cf.
887 804 1093 843 H‹iodot
1118 815 1154 856 7,
1183 807 1273 866 176.
1339 805 1404 844 Ex
1428 805 1643 846 Thessalia

130 857 239 897 enim
271 858 433 898 nonnisi
460 859 523 898 his
550 859 759 913 superatis
784 859 825 898 in
848 860 1047 912 reliquam
1070 860 1288 901 Graeciam
1312 861 1438 900 veniri
1462 867 1643 915 poterat.

131 913 350 955 GREVE.

186 970 243 1012 τίς
262 972 337 1022 γὰρ
359 971 426 1010 οὐκ
448 971 552 1011 οἶδεν
576 989 607 1010 κ.
630 988 662 1010 τ.
686 972 743 1024 λ.]
775 971 984 1011 Aristides
1007 973 1056 1011 d(
1083 972 1132 1011 l).
1152 972 1194 1013 C.
1216 988 1254 1026 p.
1274 985 1368 1025 324.
1403 990 1462 1012 και
1485 976 1547 1013 διὰ
1568 978 1644 1014 τῶν

130 1025 256 1066 αὐτῶν
277 1027 479 1076 ὀνομάτων
505 1026 711 1076 ἐπιπλέξαι
735 1028 955 1079 (vocabula.
975 1028 1120 1068 eadem
1143 1043 1239 1067 mox
1261 1028 1414 1082 repeti)
1439 1033 1547 1070 δοκεῖ
1571 1032 1645 1079 μὲν

130 1085 198 1122 τοῦ
224 1083 396 1134 ἀφελοῦς
425 1083 524 1123 εἶναι
551 1084 689 1135 λόγου,
712 1085 841 1124 ἐκλύει
869 1086 910 1124 δὲ
939 1084 1006 1124 τὸν
1035 1086 1151 1124 τόνον
1179 1101 1246 1124 του
1275 1089 1475 1125 πολιτικοῦ
1506 1087 1644 1136 λόγου,

130 1138 179 1180 ὡς
201 1155 262 1178 και
284 1140 327 1179 ἐν
348 1140 397 1193 τῷ
421 1156 486 1189 της
514 1141 832 1191 παραπρεσβείας
853 1142 873 1179 ὁ
898 1140 1164 1191 Δημοσθένης·
1198 1142 1252 1182 τίς
1273 1143 1347 1192 γὰρ
1369 1141 1437 1181 οὐκ
1459 1142 1563 1182 οἶδεν
1585 1143 1644 1181 ὅτι

129 1196 182 1248 τῷ
203 1198 280 1235 τῶν
301 1196 471 1235 Φωκέων
492 1196 650 1250 πολέμῳ
673 1197 734 1236 καὶ
756 1197 806 1250 τῷ
831 1203 981 1259 κυρίους
1003 1196 1102 1236 εἶναι
1123 1200 1271 1237 Πυλῶν
1293 1197 1466 1239 Φωκέας.
1528 1197 1643 1238 Hac-

129 1254 252 1291 tenus
283 1250 526 1315 simplicitas
552 1251 754 1292 orationis
779 1237 927 1292 t‘enuis.
988 1253 1090 1292 Jam
1118 1253 1227 1293 ledit
1256 1253 1470 1293 contentio
1500 1268 1643 1293 ner-vo

130 1320 222 1346 rum
254 1308 456 1348 orationis
488 1308 640 1348 civilis:
674 1310 815 1358 ταύτην
847 1309 980 1359 μέντοι
1013 1326 1082 1358 την
1111 1309 1187 1348 ἀπὸ
1221 1313 1288 1348 τοῦ
1320 1311 1439 1349 τόπου
1474 1311 1534 1349 καὶ
1567 1314 1644 1350 τῶν

128 1363 366 1415 πραγμάτων
407 1365 533 1404 αὐτῶν
581 1365 817 1416 ἀσφάλειαν.
890 1365 973 1404 Hic
1020 1365 1138 1405 addit
1184 1365 1395 1406 Aristides
1440 1365 1642 1419 judicium

129 1432 266 1459 suum:
313 1421 541 1472 ἐπιφορικῶς
582 1422 631 1462 ὡς
673 1422 715 1460 ἐν
757 1422 1033 1472 συμπληρώσει
1075 1421 1275 1473 ἐπήνεγκε,
1312 1421 1418 1475 quod
1446 1423 1644 1475 posterizrs

128 1475 281 1515 acriore
319 1476 495 1529 quadam
530 1477 579 1525 ιη’,
622 1476 722 1516 velut
762 1477 805 1516 ’ἰη
840 1476 1019 1517 clausula
1056 1478 1275 1524 sententiae,
1312 1484 1448 1517 orator
1483 1478 1642 1530 adjecit.

130 1530 323 1571 REISK.

185 1587 310 1642 ὑμῶν]
341 1587 511 1628 Omittit
535 1588 755 1628 Aristides.
820 1588 1012 1629 REISK.

186 1643 375 1697 Φωκέων]
400 1648 475 1684 τῶν
497 1644 667 1685 Φωκέων
689 1644 810 1685 idem.
873 1645 1069 1685 REISK.

184 1701 280 1753 367,
310 1713 372 1739 12.
403 1702 427 1751 ἤ
454 1717 495 1740 τε
523 1701 598 1741 ἀπὸ
633 1703 824 1751 Θηβαίων
857 1701 982 1755 ἄδεια]
1011 1701 1063 1741 V.
1091 1701 1303 1742 Meletem.
1327 1702 1427 1743 Crit.
1454 1717 1494 1755 p.
1520 1704 1584 1753 84.
1609 1720 1639 1741 s.

129 1755 378 1797 SOHAEF.

185 1815 280 1865 367,
310 1826 372 1865 15.
405 1812 643 1864 πραγμάτων
665 1811 808 1866 αὐτῶν]
835 1813 939 1852 Vult
961 1817 1109 1853 auctor
1132 1813 1335 1866 neyotimn,
1358 1813 1639 1864 difficultatem.

127 1867 354 1917 molestiam,
377 1882 502 1922 quam
534 1868 728 1922 Philippo
760 1868 1013 1908 exhibebant
1044 1867 1149 1908 istae
1177 1869 1376 1922 Pylamm
1405 1869 1639 1922 angustiae.

130 1924 195 1965 Ea
225 1928 291 1964 est
317 1924 569 1964 creberrima
600 1924 716 1964 notio
738 1924 847 1964 vocis
875 1923 1123 1976 πραγμάτων.
1186 1925 1254 1964 Ita
1274 1925 1398 1964 inodo
1420 1939 1459 1977 p.
1481 1927 1578 1978 369,
1602 1940 1637 1979 9.

127 1981 150 2031 ἡ
171 1984 250 2022 τοῖς
271 1982 409 2022 ἄλλοις
430 1982 586 2032 ἀγαθῶν
608 1982 709 2020 αἰτία
729 1982 927 2020 τοσούτων
944 1980 1181 2032 πραγμάτων
1200 1982 1261 2021 καὶ
1277 1982 1505 2030 τηλικαύτης
1526 1998 1640 2032 ταρα-

126 2053 199 2090 χης
218 2037 308 2087 ἡμῖν
330 2038 433 2076 αἰτία
453 2035 608 2088 γέγονε.
661 2036 718 2076 Et
739 2051 810 2076 rul
813 2051 881 2076 sus
903 2051 942 2090 p.
961 2037 1056 2089 396,
1078 2048 1142 2076 22.
1166 2038 1261 2078 οἵοις
1283 2040 1412 2078 κακοῖς
1434 2054 1495 2076 και
1517 2037 1639 2090 πράγ-

125 2094 547 2145 μασι-συνεσχόμην,
572 2092 776 2144 ἑωράκατε.
831 2092 1022 2146 Denique
1043 2107 1081 2145 p.
1100 2093 1196 2146 3.84
1218 2107 1310 2146 pen.
1333 2095 1380 2132 τὰ
1402 2109 1497 2142 της
1487 2094 1639 2136 πόλεως

126 2149 347 2201 πράγματα,
372 2166 415 2188 εν
435 2150 492 2191 οἷς
511 2165 559 2198 ην
580 2152 678 2188 τότε.
723 2148 837 2188 Add.
860 2149 910 2188 de
933 2149 1027 2189 Gor.
1049 2163 1089 2202 p.
1116 2161 1207 2201 232,
1230 2162 1268 2202 3,
1295 2161 1387 2199 240,
1411 2162 1451 2199 4.
1495 2149 1639 2188 ΤΑΥ-

130 2204 257 2245 LOR.
301 2204 448 2245 Malim
469 2204 701 2259 intelligere
721 2204 874 2245 bellum
894 2220 919 2245 a
937 2204 1222 2244 Phocensibus
1240 2205 1438 2245 continuo
1458 2210 1637 2258 gestum.

128 2261 239 2314 quod
271 2266 440 2314 praeter
470 2260 668 2314 Pylarum
701 2261 917 2315 angustias
949 2260 1139 2301 Atticam
1167 2261 1365 2301 adversus
1398 2260 1639 2315 Philippum

129 2317 431 2370 Thebanosque
453 2317 688 2357 tutabatur.
721 2317 837 2358 Conf.
861 2332 895 2358 v.
925 2331 985 2357 11.
1008 2322 1052 2357 et
1076 2329 1139 2357 20.
1202 2317 1450 2358 SCHAEF.

183 2375 279 2427 367,
309 2385 370 2425 17.
401 2372 716 2428 τετειχισμένην]
750 2373 954 2425 ἀσφάλεια
983 2372 1254 2426 τετειχισμένη
1283 2374 1521 2415 ὅπλοις-613
1547 2375 1638 2413 ἀνα-

128 2432 319 2469 σταθεῖσα
338 2429 621 2482 metaphorice
648 2429 807 2469 dictum
833 2434 909 2477 est,
933 2430 1006 2469 sed
1033 2444 1081 2470 ea
1107 2429 1365 2483 metaphora.
1389 2443 1495 2481 quae
1515 2429 1638 2482 hujus

127 2485 203 2525 loci
238 2484 493 2539 gravitatem
527 2485 696 2526 deceat:
740 2490 906 2526 tantum
941 2486 1061 2525 abest
1098 2490 1145 2524 ut
1181 2499 1274 2524 cum
1308 2484 1465 2523 Wolfio
1502 2484 1637 2524 dicam

127 2540 362 2581 duriuscule
388 2540 546 2581 dictum
573 2555 674 2581 esse.
734 2541 877 2594 Atque
905 2545 1021 2581 amat
1047 2545 1191 2581 orator
1216 2539 1452 2593 hujusmodi
1478 2544 1636 2592 tropos.

128 2597 195 2637 Sic
216 2596 499 2650 metaphorice
520 2602 747 2649 usurpatur
768 2597 968 2649 τειχισμὸς
989 2611 1026 2650 p.
1050 2608 1147 2649 325,
1173 2608 1239 2649 25.
1262 2600 1305 2635 et
1325 2599 1457 2647 τεῖχος
1478 2610 1517 2648 p.
1538 2606 1635 2648 559,

129 2665 196 2707 25.
244 2652 494 2693 SGHAEF.

183 2711 278 2763 367,
303 2720 369 2749 21.
401 2709 424 2758 ἡ
452 2708 641 2759 πρότερον
670 2707 836 2757 βοήθεια
865 2708 888 2758 ἡ
919 2709 973 2749 εἷς
1001 2707 1157 2759 Πύλας]
1194 2706 1484 2755 Athenienses,
1509 2720 1635 2758 quum

128 2765 347 2818 Philippus
378 2764 615 2804 Phocenses
645 2763 748 2803 duce
779 2763 1041 2803 Onomarcho
1073 2762 1249 2810 vicisset.
1276 2763 1384 2802 hunc
1416 2762 1636 2814 prohibue-

126 2827 226 2861 runt
271 2820 490 2874 quominus
534 2820 587 2860 ad
632 2819 930 2873 Thermopylas
975 2819 1207 2859 accedeiet.
1258 2818 1319 2858 Cf.
1356 2832 1395 2870 p.
1432 2831 1527 2870 443.
1569 2829 1633 2870 27.

127 2877 288 2917 ΟιΒΕΧ
297 2876 567 2929 E.Oly.1np
604 2877 690 2921 106
718 2893 754 2928 4.
790 2876 862 2927 (Χ
894 2876 938 2914 (.
968 2876 1083 2928 352.)
1128 2874 1179 2913 V.
1211 2873 1391 2914 Clinton.
1420 2874 1467 2912 F.
1493 2873 1548 2912 H.
1581 2874 1635 2913 ad

127 2933 203 2986 Ol)
207 2947 287 2986 mp.
316 2943 389 2972 ιο
372 2954 406 2983 7,
437 2946 468 2971 l.
901 2987 912 3025 l

860 3002 878 3025 L
