1934 3179
275 103 359 143 344
832 107 947 147 PRO
979 107 1232 147 CORONA.

275 222 384 247 nunc
406 208 551 248 callide
572 209 800 250 Aeschines
832 225 854 250 e
884 225 928 251 re
960 225 1035 251 sua
1057 211 1373 265 interpretatur.
1435 212 1562 252 Aliud
1593 219 1657 254 est
1679 214 1786 254 enim

275 264 492 317 supposita
512 264 670 318 scripta
692 265 843 305 inferre
865 267 905 305 in
923 267 1178 307 tabularium
1200 267 1421 322 publicum.
1440 269 1551 321 quod
1571 284 1670 310 sane
1692 285 1787 310 con-

274 323 342 359 tra
368 320 491 374 leges,
514 321 628 360 aliud
648 325 775 373 ψευδῆ
807 323 973 373 γράφειν
996 324 1038 362 ἐν
1059 328 1137 365 τοῖς
1158 325 1430 375 ψηφίσμασιν.
1492 324 1713 365 Caeterum
1735 326 1785 365 cf.

278 374 484 415 Meierum
505 376 546 415 in
567 376 673 416 libro
691 377 741 416 de
762 378 882 417 bonis
904 378 1042 418 damn.
1064 394 1103 432 p.
1125 392 1193 432 59.
1256 378 1479 419 DISSEN.

334 443 426 484 243,
454 434 518 470 26.
550 433 767 484 τειχοποιὸς
799 435 857 473 καὶ
890 435 951 473 ἐπὶ
983 435 1032 487 τῷ
1067 438 1234 488 θεωρικῷ
1265 435 1514 488 τεταγμένος]
1548 436 1600 475 V.
1625 451 1730 489 quae
1761 452 1787 477 a

275 486 539 526 Boehneckio
561 487 675 527 dicta
694 503 823 542 supra
843 490 1111 542 apposuimus
1132 491 1185 529 ad
1208 505 1245 543 p.
1273 503 1365 544 243,
1394 504 1450 530 10.

333 554 426 595 243,
453 553 515 594 27.
549 544 611 582 ἐπὶ
637 547 687 597 τῷ
718 546 904 598 θεωρικῷ]
954 545 1049 585 Hoc
1087 560 1235 585 munus
1267 551 1450 600 quantae
1485 547 1786 600 magnitudinis

272 598 398 637 fuerit
427 598 549 638 docet
573 599 801 640 Aeschines
829 606 960 640 contr.
985 601 1173 654 Ctesiph.
1196 616 1234 654 p.
1256 614 1324 654 57.
1387 603 1608 642 Caeterum
1634 604 1788 643 dicitur

273 653 323 693 de
355 654 432 692 hoc
464 669 657 694 munere:
694 657 794 708 ἀρχὴ
820 658 881 696 ἐπὶ
903 660 953 710 τῷ
981 661 1159 710 θεωρικῷ,
1184 660 1202 696 ὁ
1227 659 1290 697 ἐπὶ
1311 659 1361 711 τῷ
1385 659 1551 712 θεωρικῷ
1575 658 1641 705 ὢν,
1665 662 1701 699 οἱ
1725 660 1786 699 ἐπὶ

271 710 315 747 τὸ
350 710 534 760 θεωρικὸν
566 713 936 762 κεχειροτοιᾛμένοι,
967 715 986 751 ὁ
1020 714 1080 752 ἐπὶ
1112 717 1187 751 τῶν
1219 717 1411 764 θεωρικῶν
1441 715 1687 765 τεταγμένος,
1724 717 1787 754 ἐπὶ

271 768 339 803 τοῦ
360 769 542 815 θεωρικοῦ
566 769 833 813 κατασταθεὶς,
850 773 891 808 et
913 768 1199 820 grammaticis
1215 769 1458 808 auctoribus
1479 769 1607 809 etiam
1626 771 1786 822 θεωρικὴ

271 821 385 872 ἀρχὴ,
419 822 551 873 ἅρχων
582 827 657 862 τῶν
689 827 893 875 θεωρικῶν,
916 827 1019 863 conf.
1037 825 1219 864 Boeckh.
1242 825 1291 864 de
1315 825 1469 864 Oecon.
1497 825 1653 865 Athen.
1686 840 1717 865 Ι.
1744 841 1784 879 p.

275 889 365 928 197.
420 877 646 917 DISSEN.

328 934 382 972 ἔτι
404 934 463 985 δὲ]
504 933 626 973 Adde
658 950 679 973 e
716 936 954 988 praemissis
981 936 1112 976 tacita
1145 936 1401 990 cogitatione
1433 937 1499 976 οὐκ
1532 938 1684 977 ἐώντων
1709 942 1784 977 τῶν

272 990 411 1037 νόμων.
456 989 648 1029 RElSK.

329 1056 421 1097 243.
447 1047 512 1084 28.
540 1046 607 1098 μὴ]
646 1046 706 1085 Νο
742 1047 904 1086 mireris
940 1047 1004 1086 1110
1040 1047 1234 1100 positum,
1268 1062 1360 1087 cum
1396 1047 1590 1088 infinitivi
1624 1049 1783 1102 priores

269 1100 594 1151 καταβάλλεσθαι
614 1107 657 1142 et
679 1106 903 1153 στεφανοῦν
925 1103 1003 1143 hac
1032 1103 1238 1156 particula
1267 1108 1452 1149 careant,
1483 1110 1694 1144 memento
1715 1106 1783 1144 οὐκ

271 1157 424 1195 ἐώντων
440 1171 528 1196 esse
552 1157 657 1197 idem
675 1158 785 1211 quod
803 1160 1138 1210 ἀπαγορευόντων,
1157 1160 1326 1198 verbum
1348 1164 1489 1199 autem
1511 1162 1782 1211 ἀπαγορεύειν,

269 1216 316 1250 ut
348 1212 515 1252 omnino
547 1215 673 1253 verba
706 1214 885 1262 vetandi,
920 1215 1101 1267 legitime
1137 1215 1366 1254 adsciscere
1403 1215 1654 1255 infinitivum
1690 1231 1782 1256 cum

269 1267 473 1319 particula
493 1269 556 1319 μή.
600 1270 849 1309 SOHAEF.

326 1328 533 1377 τραγῳδῶν
554 1328 598 1375 τῇ
628 1326 754 1380 καινῇ]
794 1326 1109 1379 lntelligendum
1143 1328 1294 1380 εἰσόδῳ.
1341 1326 1547 1380 “Ellipsis
1578 1331 1784 1381 τραγῳδῶν

269 1382 311 1428 τῇ
337 1383 447 1434 καινῇ
469 1381 572 1420 satis
594 1382 833 1421 defenditur
853 1383 1054 1435 exemplo,
1078 1383 1189 1435 quod
1218 1384 1258 1422 in
1282 1383 1450 1422 decreto
1473 1383 1782 1436 Calymniorum

268 1435 452 1475 occurrit
475 1452 509 1475 v.
536 1450 599 1475 20.
630 1439 795 1477 κυκλίων
817 1441 860 1487 τῇ
892 1440 1020 1487 πρώτῃ
1049 1439 1205 1478 scilicet
1238 1440 1404 1491 παρόδῳ.
1451 1438 1633 1478 Boeckh.
1658 1439 1780 1492 Corp.

272 1490 399 1530 lusor.
424 1492 500 1530 vol.
534 1505 567 1531 2.
597 1508 635 1545 p.
659 1496 732 1542 461
768 1493 835 1532 bs*
878 1494 1217 1534 BOEHNEGK.
1248 1494 1417 1544 Quaest.
1441 1494 1517 1533 vol.
1548 1508 1579 1533 1.
1613 1510 1651 1547 p.
1684 1496 1779 1548 584.

271 1546 387 1586 Conf.
410 1548 464 1586 ad
486 1563 524 1600 p.
551 1561 642 1602 223.
667 1551 728 1588 16.

328 1615 420 1652 244,
448 1617 477 1642 1.
501 1604 590 1642 ἀλλ’
611 1607 680 1643 ἐὰν
700 1606 852 1657 μὲν-]
891 1605 938 1643 111
960 1612 1035 1651 est.
1060 1607 1167 1644 ἀλλὰ
1190 1607 1429 1645 κελευόντων
1450 1609 1525 1644 τῶν
1548 1606 1688 1654 νόμων,
1714 1607 1783 1645 ἐὰν

266 1658 338 1705 μὲν
352 1682 417 1697 —.
464 1659 657 1699 REISK.
727 1660 856 1699 Recte
892 1661 1108 1714 supplevit.
1171 1660 1303 1714 Saepe
1339 1660 1574 1700 contrariae
1610 1662 1781 1700 verbum

267 1712 583 1766 significationis
605 1730 652 1754 ex
680 1717 1025 1756 antecedentibus
1056 1716 1397 1757 subaudiendum.
1423 1721 1469 1755 ut
1490 1716 1530 1755 h.
1554 1716 1578 1754 l.
1603 1719 1781 1756 κελευόν-

266 1785 342 1807 των
363 1784 412 1807 ex
446 1770 513 1808 illo
545 1785 788 1824 praegresso
821 1773 886 1811 οὐκ
920 1773 1084 1811 ἐώντων.
1152 1771 1199 1810 Id
1222 1771 1385 1824 quoties
1416 1772 1475 1818 fit,
1504 1772 1780 1825 oppositionis

266 1824 478 1864 faciendae
514 1826 637 1865 index
673 1832 738 1866 est
774 1827 978 1881 particula
1015 1827 1292 1874 adversativa,
1327 1841 1490 1866 0111110111
1528 1827 1596 1866 illa
1631 1828 1780 1867 tollens

268 1894 411 1919 sensus
433 1882 765 1935 ambiguitatem.
829 1882 1044 1922 Simillima
1068 1888 1214 1922 nostro
1235 1883 1326 1922 loco
1349 1890 1447 1922 sunt
1470 1883 1715 1923 Herodotea
1743 1895 1778 1935 7,

274 1948 361 1984 ¹04·
380 1950 465 1989 ¹43·
486 1953 522 1986 c),
542 1950 576 1977 2.
634 1939 679 1977 V.
702 1937 1080 1992 Sclnveighaeuseri
1107 1938 1244 1977 Lexic.
1271 1939 1477 1978 Herodot.
1493 1939 1568 1978 vol.
1586 1952 1616 1977 1.
1634 1953 1673 1991 p.
1690 1940 1779 1990 178.

267 1991 520 2033 SOI-IAEF.

325 2060 417 2097 244.
444 2061 478 2088 2.
515 2051 557 2088 ἐν
588 2051 700 2089 πυκνὶ
732 2051 774 2089 ἐι·
805 2051 850 2104 τῇ
884 2050 1089 2102 ἐκκλησίᾳ]
1132 2049 1361 2089 Aeschines
1392 2064 1429 2102 p.
1461 2051 1528 2102 58,
1559 2051 1621 2090 28.
1655 2052 1698 2089 ἐν
1729 2052 1780 2103 τῷ

267 2103 369 2156 δήμω
393 2105 435 2142 ἐν
457 2106 569 2144 πυκνὶ
590 2108 633 2159 τῇ
658 2108 853 2158 ἐκκλησίᾳ.

326 2170 420 2208 244,
446 2173 483 2212 ⁸3.
516 2161 676 2213 τίμημα]
727 2161 953 2200 Habebant
993 2162 1142 2211 γραφαὶ
1180 2161 1415 2211 παρανόμων
1446 2174 1609 2213 semper
1639 2162 1780 2210 τίμημα

264 2215 531 2263 accusatoris,
564 2221 763 2256 accusato
797 2216 950 2255 licebat
983 2218 1195 2266 ἀντιτιμᾶν,
1223 2218 1424 2265 ὑποτιμᾶν,
1452 2215 1654 2268 judicium
1683 2230 1779 2255 vero
1817 2264 1819 2267 ι

265 2272 366 2321 τιμᾷ,
391 2271 583 2321 ἐπικρίνει.
638 2272 865 2312 DISSEN.

325 2338 419 2374 244,
439 2340 478 2374 4.
517 2328 717 2380 κλητῆρες]
758 2327 865 2366 Sunt
888 2332 1018 2366 testes
1052 2326 1343 2376 προσκλήσεως,
1366 2331 1413 2365 ut
1436 2331 1615 2366 constat.
1672 2326 1778 2366 Nan]

264 2385 384 2419 actor
415 2386 456 2421 et
487 2387 709 2422 accusator
740 2397 890 2422 vocans
922 2382 961 2421 in
994 2382 1063 2434 jus
1096 2382 1392 2423 adversarium,
1421 2384 1776 2432 προσκαλούμενος,

265 2440 394 2476 testes
418 2451 553 2476 secum
577 2438 760 2478 habebat
783 2439 904 2491 hujus
921 2437 977 2477 rei
996 2437 1237 2491 plerumque
1255 2437 1370 2484 duos,
1386 2441 1617 2476 testaturos
1639 2452 1777 2478 coram

265 2492 515 2545 magistratu
539 2495 782 2544 πρόσκλησιν
804 2508 946 2533 revera
966 2494 1133 2533 factam.
1198 2493 1361 2531 Horum
1384 2492 1552 2532 nomina
1584 2492 1624 2531 in
1648 2496 1777 2543 γραφῇ

265 2548 648 2588 subscribebantur.
711 2550 862 2589 Confer
883 2550 934 2588 de
965 2549 1028 2587 his
1058 2548 1237 2588 testibus
1260 2547 1457 2587 Boeekhii
1483 2548 1711 2589 Dissertat.
1736 2548 1777 2587 in

271 2602 356 2642 lond.
394 2604 504 2644 Lect..
543 2604 721 2644 Berolin.
757 2604 914 2644 hibern.
946 2621 981 2643 a.
1019 2606 1134 2654 1817,
1175 2603 1320 2643 Mcier.
1350 2608 1392 2643 et
1424 2603 1698 2643 Schoemann.
1727 2604 1776 2643 de

261 2658 389 2710 judic.
416 2660 571 2699 Athen.
597 2675 634 2712 p.
657 2664 751 2712 576.
797 2659 1021 2699 DISSEN.

308 2728 420 2764 244.
443 2714 552 2754 ΘΑΛ
585 2715 821 2765 μὲν-ταῦτ’
847 2717 971 2767 ἐστίν]
1012 2715 1152 2755 (itant
1191 2714 1349 2753 ΑΗΕ-011.
1386 2714 1515 2753 Bekk.
1548 2729 1586 2766 p.
1617 2727 1704 2767 132,
1739 2716 1774 2756 8.

268 2771 312 2807 S(
325 2771 349 2808 ‘l
360 2771 373 2809 l
385 2770 513 2809 AEF.

325 2839 415 2876 244.
446 2840 482 2875 9.
520 2827 588 2875 τὴν
625 2827 741 2875 αὐτὴν
776 2826 896 2878 τάξιν]
946 2826 1238 2865 Postulaverat
1276 2825 1506 2864 Aeschines
1542 2829 1589 2864 ut
1628 2824 1774 2863 Demo-

266 2882 432 2920 sthenes
464 2882 637 2920 cundem
671 2881 857 2920 ordinem
890 2886 1144 2934 sequeretur,
1178 2895 1258 2933 quo
1290 2880 1376 2933 ipse
1410 2880 1449 2918 111
1482 2895 1556 2919 sua
1587 2879 1774 2919 oratione
