1935 3205
725 145 1082 183 vltixlsslffix'l‘lo.
1643 161 1660 181 v

145 262 277 320 gerit,
315 277 524 320 quaeque
567 262 735 307 exilem
783 264 977 321 prodant
1020 262 1380 306 umbraticorum
1421 262 1663 305 doctorum

146 338 463 395 diligentiam:
507 355 625 397 quae
663 341 816 384 nescio
864 355 918 383 an
971 339 1095 383 nulla
1138 338 1227 382 alia
1275 340 1316 381 in
1360 345 1487 396 parte
1531 338 1666 394 hujus

148 414 386 458 doctrinae
427 416 572 474 magis
614 423 831 474 appareat
876 431 1012 474 qnam
1063 417 1106 458 iu
1150 416 1204 458 iis
1246 430 1363 472 qnae
1406 415 1463 458 de
1510 414 1666 472 figuris

147 492 366 534 orationis
398 493 568 536 tradita
603 499 723 543 sunt,
755 494 796 535 in
832 493 997 550 quibus
1035 492 1240 535 rhetores
1276 491 1339 534 illi
1375 492 1564 534 modum
1603 491 1665 533 ita

147 574 446 612 excesserunt
485 576 536 612 ut
580 569 652 612 vix
691 569 941 627 quidquam
981 569 1038 613 ab
1081 568 1339 611 oratoribus
1381 568 1478 611 sine
1521 568 1666 625 figura

148 645 325 688 dictum
370 660 467 688 esse
509 645 750 688 crederent
798 660 882 689 nec
925 660 1024 688 raro
1067 645 1123 688 ad
1168 650 1434 688 commenta
1483 643 1667 687 delabe-

151 728 308 764 rcntur
340 736 457 780 quae
487 722 697 780 proxime
729 722 942 765 abessent
974 721 1031 765 ab
1065 720 1271 764 ridiculo.

216 796 428 857 Apparet
454 814 511 842 ex
546 798 614 843 his
639 813 776 856 quam
811 798 980 855 exigua
1009 798 1099 840 sint
1125 812 1244 854 quae
1278 797 1334 840 ad
1363 804 1517 840 nostra
1552 803 1668 839 tem-

150 889 259 933 pora
296 882 604 933 pervenerunt
642 874 929 919 Graecorum
972 874 1026 918 ad
1066 873 1398 917 Demosthenis
1439 872 1669 916 orationes

150 951 519 1010 interpretandas
543 952 759 995 subsidia.
835 951 1077 995 Perierunt
1103 966 1220 1009 quae
1245 950 1302 993 ad
1330 950 1567 993 historiam
1596 964 1670 992 ae-

151 1028 261 1072 tatis
304 1027 603 1086 Philippicae,
646 1029 689 1071 in
733 1043 823 1086 qua
868 1029 1109 1087 primariae
1152 1034 1392 1071 versantur
1440 1027 1670 1070 orationes

151 1104 495 1155 Demosthenis,
529 1104 849 1148 illustrandam
884 1104 1134 1163 plurimum
1169 1104 1378 1147 conferre
1413 1103 1670 1161 potuissent

151 1181 409 1240 principum
449 1181 773 1225 historicorum
810 1196 962 1239 opera,
998 1195 1193 1239 quorum
1231 1187 1450 1238 excerpta
1487 1186 1670 1222 tantum

152 1257 375 1301 habemus
409 1257 453 1300 in
480 1257 670 1301 Diodori
705 1266 752 1301 et
777 1258 950 1301 Justini
977 1257 1270 1301 historiarum
1304 1256 1590 1314 compendiis
1620 1271 1671 1298 ac

151 1333 453 1392 Theopompi,
494 1333 756 1377 Philochori
799 1332 1087 1391 aliorumque
1131 1333 1414 1391 fragmentis,
1453 1348 1571 1390 quac
1614 1348 1672 1376 ne

152 1412 208 1455 ad
243 1419 452 1469 tempora
484 1411 669 1468 quidem
705 1425 857 1454 rerum
893 1417 1128 1469 gestarum
1163 1415 1378 1453 accurate
1407 1409 1674 1469 definienda

154 1487 325 1546 ubique
358 1486 606 1538 sufficiunt,
632 1487 802 1530 nedum
829 1487 883 1530 ad
919 1486 1254 1545 pei-noscendas
1290 1486 1530 1529 interiores
1556 1484 1674 1528 mul-

154 1574 306 1611 tarum
344 1582 493 1610 rernm
533 1581 726 1617 caussas,
753 1582 865 1624 quas
901 1566 959 1610 ab
996 1565 1268 1616 oratoribus,
1296 1565 1497 1623 partium
1535 1580 1671 1622 quam

155 1644 363 1689 veritatis
393 1658 528 1701 saepe
554 1642 918 1691 studiosioribus,
945 1641 1269 1701 exaggerando
1303 1640 1556 1684 minuendo
1590 1641 1676 1684 dif-

154 1720 371 1780 fingendo
397 1734 488 1762 non
521 1734 620 1762 raro
650 1718 915 1762 obscuratas
948 1718 1093 1777 magis
1118 1733 1256 1776 quam
1290 1717 1542 1761 illustratas
1576 1732 1675 1761 csse

155 1801 364 1848 constat3
415 1795 663 1853 perierunt,
705 1809 763 1838 ex
805 1795 971 1852 quibus
1016 1793 1192 1853 plenior
1234 1793 1404 1837 hauriri
1450 1794 1676 1851 potuisset

156 1872 312 1931 legum
338 1870 606 1915 Atticarum
641 1877 688 1914 et
713 1871 831 1929 juris
856 1886 1000 1929 quum
1035 1870 1207 1928 publici
1235 1877 1333 1913 tum
1369 1870 1534 1928 privati
1567 1869 1677 1913 alio-

155 1963 351 2006 rumque
381 1948 700 1991 institutorum
732 1947 949 2006 cognitio,
976 1948 1259 2005 optimorum
1293 1952 1535 1989 auctorum
1571 1947 1678 1989 scri-

156 2031 248 2083 pta,
287 2039 480 2082 quorum
510 2024 743 2081 jacturam
782 2022 935 2080 aliqua
975 2029 1160 2066 tantum
1199 2037 1257 2066 ex
1298 2028 1427 2079 parte
1466 2037 1677 2079 reparare

156 2100 267 2144 licet
292 2115 350 2144 ex
375 2100 781 2158 grammaticorum
816 2099 1047 2156 excerptis
1071 2098 1273 2156 ipsisque
1306 2104 1540 2140 oratorum
1568 2099 1675 2141 scri-

156 2176 263 2235 ptis,
301 2176 346 2218 in
384 2175 549 2233 quibus
586 2174 783 2232 plurima
821 2174 1140 2232 significantur
1177 2174 1323 2232 magis
1363 2188 1499 2232 quam
1542 2173 1678 2231 plene

157 2252 468 2309 distincteque
504 2256 815 2309 exponuntur.
885 2249 1156 2308 Cujusmodi
1198 2250 1522 2308 quaestionum
1561 2249 1678 2293 diffi-

157 2328 306 2372 cultas
344 2326 546 2370 multum
583 2331 782 2384 augetur
816 2326 981 2385 insigni
1019 2325 1098 2369 illa
1136 2325 1423 2369 falsariorum
1461 2341 1679 2384 quorum-

158 2405 262 2448 dam
299 2402 475 2453 fraude,
503 2402 602 2460 jam
638 2407 748 2445 ante
782 2400 1176 2459 Harpocrationis,
1210 2400 1448 2445 Plutarchi
1486 2409 1533 2445 et
1570 2401 1679 2445 Ari-

158 2480 290 2523 stidis
322 2484 524 2522 aetatem
558 2477 692 2527 facta,
719 2477 795 2534 qui
830 2476 971 2536 leges,
999 2477 1314 2535 psephismata
1346 2476 1528 2535 aliaque
1561 2484 1678 2527 acta,

159 2569 354 2613 quorum
404 2553 625 2597 lemmata
680 2552 829 2596 solum
876 2553 924 2596 in
971 2553 1303 2611 antiquissimis
1346 2552 1679 2596 Demosthenis

159 2628 502 2687 exemplaribus
545 2635 728 2687 reperta
769 2635 912 2678 erant,
956 2630 1172 2687 quoniam
1213 2629 1471 2671 istiusmodi
1511 2629 1681 2686 scripta

160 2705 207 2747 in
248 2705 448 2748 comitiis
486 2704 796 2762 judicumque
844 2705 1131 2748 consessibus
1178 2718 1270 2746 non
1318 2704 1375 2746 ab
1422 2704 1680 2747 oratoribus

160 2780 284 2838 ipsiS,
320 2779 399 2823 sed
436 2779 494 2822 ab
531 2779 689 2823 scribis
725 2780 919 2822 recitata
954 2780 1151 2829 fuerant,
1186 2780 1231 2822 in
1269 2778 1477 2836 pluribus
1514 2781 1680 2823 oratio-

162 2855 298 2898 nibus
337 2856 401 2898 ita
441 2854 774 2912 suppleverunt
812 2860 863 2897 ut
899 2855 1066 2912 partim
1104 2869 1163 2897 ex
1200 2855 1390 2897 oratoris
1425 2854 1574 2897 verbis
1610 2863 1683 2898 ut-

164 2945 347 2987 cunque
384 2938 733 2988 componerent,
774 2929 1004 2981 adhibitis,
1043 2931 1119 2974 ubi
1158 2931 1254 2974 fieri
1294 2938 1492 2988 poterat,
1528 2930 1679 2989 legum
