1940 3179
276 122 362 163 264
799 126 878 166 DE
912 126 1037 166 SYM
1047 125 1268 166 MORIIS.

344 228 430 279 287,
455 241 486 267 Ι.
519 232 583 279 τῆς
614 230 861 281 ὑπαρχούσης
891 230 1043 282 πενίας]
1091 230 1334 270 Herodotus
1364 242 1400 281 7,
1429 244 1517 271 102.
1551 234 1596 287 τῇ
1616 230 1784 272 εΕλλάδι

278 284 390 332 πενίη
409 285 481 333 μὲν
504 286 582 324 αιέί
601 302 687 324 κοτε
709 287 927 336 σύντροφός
949 287 1045 324 ἐστι.
1089 285 1421 326 SCHAEFER.

334 340 396 378 ἐπὶ
427 341 467 380 δὲ
499 341 567 390 τὴν
591 340 758 395 [ἄλλην]
781 340 961 380 Ἑλλάδα
983 359 1014 380 κ.
1033 358 1064 380 τ.
1082 341 1143 395 λ.]
1184 341 1425 382 Artificiosa
1456 343 1694 383 dehortatio
1729 345 1783 384 ab

276 396 554 448 oppugnanda
575 395 725 449 patria,
750 410 818 435 eas
840 396 1178 437 ratiocinationes
1200 397 1399 438 militibus
1421 398 1653 448 tribuendo,
1677 415 1782 453 quae

276 450 372 489 viris
394 452 575 491 cordatis
598 457 640 491 et
662 451 823 504 patriae
845 453 1083 492 amantibus
1105 453 1254 506 dignae
1276 458 1387 493 sunt.
1424 454 1608 493 WOLF.
1670 454 1782 495 Satis

274 506 498 557 probabilis
522 507 816 547 Demosthenis
837 508 1046 561 opinatio:
1081 510 1167 548 ἐπεί
1195 526 1241 559 γε
1270 510 1454 559 ἀπεκρίθη
1478 511 1519 549 ἐκ
1546 511 1781 562 παλαιτέρου

273 565 339 600 τοῦ
371 566 615 612 βαρβαρικοῦ
648 564 781 605 ἔθνεος
812 564 854 602 τὸ
873 563 1110 613 ζΕλληνικόν
1139 564 1343 604 Herodot.
1364 579 1396 612 Ι,
1421 568 1487 604 60.
1548 566 1778 606 Alexandri

274 616 469 657 victoriae
490 618 655 657 demum
676 619 939 671 pervicerunt
961 624 1007 659 ut
1028 621 1150 660 ambo
1173 621 1463 660 coalescerent.
1506 621 1752 662 SOHAEF.

336 674 424 722 187,
450 687 484 712 2.
518 679 587 713 ποῖ
614 677 687 725 γὰρ
715 675 829 716 αὐτὸς
854 675 1041 726 τρέψεται
1064 694 1095 715 κ.
1114 693 1145 715 τ.
1165 675 1224 729 λ.]
1260 676 1415 715 Locum
1450 677 1558 716 hunc
1590 677 1780 718 imitatur

273 728 449 782 Gorgias
472 729 593 782 Apol.
618 730 854 770 Palamedis
876 730 1014 771 Oratt.
1041 732 1111 771 Gr.
1136 733 1172 771 8.
1196 747 1234 785 p.
1259 745 1348 771 112.
1375 735 1514 785 (quem
1543 733 1642 787 legit
1664 734 1780 774 Alci-

272 784 429 833 damas,
452 785 520 839 qui
542 786 709 839 scripsit
732 786 968 827 Palamedis
994 788 1300 827 accusationem
1322 788 1372 827 de
1404 788 1651 841 proditione,
1674 804 1778 842 quae

272 840 416 879 codem
438 841 512 880 vol.
538 847 689 890 exstat,
716 846 763 882 ut
794 847 912 896 patet
944 843 1103 883 collatis
1132 859 1171 897 p.
1195 855 1261 895 74.
1283 859 1371 897 sqq.
1406 849 1448 884 et
1474 860 1514 897 p.
1534 858 1547 883 1
1562 858 1624 898 15.
1647 847 1776 899 sqq.):

270 901 339 934 ποῖ
366 899 439 947 γὰρ
471 899 685 948 τραπέσθαι
715 898 751 948 μ’
773 900 915 950 ἐχρῆν;
949 901 1112 950 πότερον
1135 902 1186 941 εἰς
1211 900 1279 949 τὴν
1299 899 1478 939 (Ελλάδα
1502 906 1545 940 et
1567 915 1672 953 quae
1693 916 1776 955 seq.

273 953 387 1001 Quae
419 953 526 992 hunc
558 954 691 993 locum
722 954 944 1007 excipiunt„
967 955 1067 995 item
1095 970 1120 995 a
1147 956 1287 995 multis
1308 970 1504 1010 expressa
1524 961 1633 1003 sunt.
1657 962 1703 997 ut
1724 959 1776 998 ab

270 1008 414 1047 eodem
437 1009 592 1063 Gorgia
613 1010 637 1048 l.
661 1026 693 1050 c.
757 1010 913 1050 Nostro
934 1011 1168 1064 praeiverat
1192 1011 1400 1051 Isocrates
1425 1012 1601 1052 Plataic.
1621 1027 1661 1065 p.
1680 1027 1776 1066 304.

270 1064 372 1105 τίνες
404 1067 456 1106 εἰς
486 1069 597 1104 τοῦτο
630 1067 764 1107 ἀνοίας
793 1068 966 1115 ἥξουσιν,
989 1069 1089 1107 ὥστε
1119 1069 1339 1116 βούλεο-θαι
1368 1070 1464 1117 μετὰ
1495 1070 1571 1107 τῶν
1598 1073 1777 1110 καταδου-

269 1120 471 1169 λουμένων
492 1121 562 1170 τὴν
577 1121 754 1161 Ἑλλάδα
777 1123 875 1162 εἶναι
895 1126 1050 1172 μᾶλλον
1072 1121 1093 1172 ἢ
1114 1122 1196 1172 μεθ’
1215 1125 1319 1172 ὑμῶν
1336 1126 1411 1162 τῶν
1427 1123 1522 1174 ὑπὲρ
1543 1127 1608 1173 τῆς
1631 1126 1778 1166 ἑαυτῶν

270 1176 491 1226 ἐλευθερίας
511 1178 827 1228 ἀγωνιζομένωνς
862 1179 1322 1218 AMERSFOORDT.

334 1233 421 1284 187,
442 1245 505 1285 23.
525 1235 592 1274 τὰς
613 1234 1062 1288 προτέρας-ἁμαρτίας]
1094 1234 1282 1287 Respicit
1303 1235 1357 1274 ad
1377 1234 1656 1288 proditionem
1671 1236 1777 1277 The-

270 1287 471 1327 banorum
500 1288 540 1327 in
563 1289 669 1328 bello
689 1295 808 1343 gesto
830 1304 921 1329 cum
946 1291 1104 1330 Xerxe.
1166 1290 1268 1343 Ejus
1299 1291 1425 1330 etiam
1456 1290 1644 1331 meminit
1666 1292 1773 1333 Phil.

272 1342 327 1382 ΙΙ.
355 1358 393 1396 p.
419 1346 484 1391 68,
511 1358 576 1384 21.
610 1346 696 1387 τοὺς
727 1348 768 1385 δὲ
800 1348 991 1396 Θηβαίων
1023 1347 1083 1386 καὶ
1109 1346 1298 1397 Ἀργείων
1328 1348 1555 1397 προγόνους,
1588 1347 1674 1389 τοὺς
1703 1350 1777 1398 μὲν

269 1402 631 1449 συστρατεύσαντας
648 1404 698 1454 τῷ
719 1402 921 1455 βαρβάρῳ,
941 1403 1028 1443 τοὺς
1050 1402 1080 1441 δ’
1095 1403 1162 1442 οὐκ
1180 1402 1492 1444 ἐναντιωθέντας.
1542 1402 1632 1441 Hos
1649 1404 1775 1444 etiam

272 1454 478 1495 Isocrates
500 1462 712 1510 nuncupat
736 1458 844 1497 Plat.
864 1473 902 1511 p.
921 1460 1017 1511 308.
1040 1460 1126 1500 τοὺς
1145 1460 1218 1507 μὲν
1239 1460 1438 1497 δουλεύειν
1459 1462 1538 1500 τοῖς
1558 1459 1776 1510 βαρβάροις

268 1511 520 1559 ἀξιώσαντας.
544 1517 586 1552 et
617 1513 753 1566 paullo
785 1518 880 1565 post
908 1514 993 1555 τοὺς
1021 1517 1097 1553 τῶν
1116 1513 1323 1561 “Ελλήνων
1344 1515 1542 1563 προδότας.
1605 1514 1711 1554 Ibid.
1733 1530 1773 1568 p.

267 1578 362 1617 302.
405 1567 601 1607 dicuntur
635 1569 678 1608 τὸ
715 1569 886 1608 παλαιὸν
923 1570 1075 1618 ἀπάσης
1110 1572 1173 1618 τῆς
1207 1568 1402 1610 Ἑλλάδος
1445 1572 1626 1620 προδόται
1664 1588 1775 1610 κατα-

269 1622 442 1664 στάντες.
486 1624 944 1664 AMERSFOORDT.

334 1678 419 1724 188,
445 1691 479 1718 2.
503 1683 579 1719 τῶν
600 1680 812 1733 προδοτῶν]
845 1682 930 1722 τοὺς
957 1683 1145 1731 προδότας
1176 1681 1283 1720 enim
1309 1681 1449 1721 dicens
1473 1681 1628 1721 Orator
1655 1681 1773 1722 intel-

267 1733 358 1787 ligit
376 1734 596 1775 Thebanos
617 1750 724 1775 nunc
741 1736 937 1783 viventes,
958 1736 990 1775 si
1013 1737 1120 1776 forte
1142 1741 1282 1789 partes
1304 1737 1578 1777 barbarorum
1600 1752 1772 1791 sequan-

268 1794 358 1828 tur:
394 1791 503 1842 quod
526 1796 665 1831 tamen
687 1796 813 1845 negat
833 1792 1018 1831 futurum
1039 1807 1140 1832 esse.
1183 1792 1512 1832 SCHAEFER.

330 1846 420 1894 188,
441 1859 479 1898 3.
510 1847 607 1897 πρὸς
627 1846 818 1900 ἅπαντας]
856 1848 1002 1887 Malim
1030 1849 1123 1898 πρὸς
1148 1848 1311 1887 ἅπαντα.
1374 1848 1440 1888 Sic
1461 1864 1500 1902 p.
1524 1850 1618 1899 960,
1645 1862 1675 1887 1.
1700 1854 1772 1889 σοῦ

268 1903 404 1954 πολλῷ
424 1904 596 1950 βελτίων
618 1903 670 1942 ὢν
693 1904 752 1942 καὶ
778 1904 936 1952 ἄμεινον
958 1905 1115 1954 φρονῶν
1135 1905 1230 1953 πρὸς
1255 1904 1419 1950 ἅπαντα,
1444 1905 1553 1957 quod
1577 1904 1772 1944 Reiskius

266 1961 377 1996 recte
398 1957 701 2011 interpretatur
724 1961 766 1998 ἐν
787 1959 922 2006 ἅπασι,
945 1959 1056 1999 rebus
1080 1960 1120 1999 [n
1141 1959 1328 1999 omnibus.
1372 1960 1699 2000 SCHAEFER.

329 2013 416 2060 188,
445 2026 506 2053 12.
534 2013 749 2067 διαφόρων]
786 2014 909 2068 vulg.
933 2016 1140 2066 διαφορῶν.
1204 2015 1374 2055 Correxi
1401 2018 1609 2066 διαφόρων.
1663 2015 1772 2056 Nam

265 2073 328 2107 est
359 2083 384 2108 a
416 2068 680 2117 nominativo,
704 2084 784 2109 non
806 2071 828 2119 ἡ
850 2073 1028 2121 διαφορὰ,
1052 2071 1267 2115 discordia,
1291 2071 1363 2110 sed
1394 2086 1419 2110 a
1450 2071 1703 2111 nominativo
1725 2074 1771 2113 τὰ

264 2123 446 2174 διάφορα,
468 2125 540 2164 das
561 2126 749 2165 Interesse
771 2126 849 2177 (the
870 2126 1058 2175 interest),
1077 2127 1128 2165 de
1145 2140 1225 2179 quo
1246 2126 1386 2179 agitur
1408 2127 1469 2166 vel
1491 2127 1768 2174 contenditur,

266 2193 371 2230 quae
398 2184 439 2219 te
465 2180 550 2219 sive
577 2181 765 2220 obtinere
796 2181 880 2220 sive
910 2182 1134 2222 admittere
1164 2182 1216 2221 ad
1250 2182 1407 2221 lucrum
1430 2183 1674 2222 damnumve
1697 2188 1771 2223 tua

265 2234 440 2274 multum
462 2235 650 2275 interest.
694 2237 885 2276 REISK.

321 2289 381 2327 ὅσ’
405 2290 452 2329 ἂν
474 2292 559 2330 οὐδὲ
586 2293 852 2342 καταρώμενος
873 2310 905 2331 κ.
922 2309 956 2330 τ.
975 2294 1035 2345 λ.]
1073 2293 1163 2332 Non
1190 2293 1286 2333 solis
1308 2293 1480 2333 Graecis
1502 2298 1623 2333 tanta
1644 2294 1769 2334 malo-

265 2359 355 2383 rum
376 2360 492 2399 seges
514 2346 577 2386 his
598 2347 855 2399 temporibus
877 2353 971 2387 orta
993 2354 1070 2395 est,
1088 2363 1229 2388 verum
1250 2349 1350 2388 item
1370 2349 1520 2388 Persis.
1579 2349 1768 2389 Herodo-

264 2404 331 2438 tus
362 2400 402 2439 in
433 2401 601 2454 reliquis
632 2417 723 2441 cum
760 2402 1037 2442 Demosthene
1068 2404 1330 2443 consentiens
1353 2406 1389 2452 6,
1414 2406 1479 2455 98.
1514 2405 1575 2444 ἐπὶ
1599 2406 1767 2455 Δαρείου

265 2456 325 2494 καὶ
355 2456 501 2506 Ξέρξου
533 2458 594 2496 καὶ
626 2456 895 2508 Ἀρτοξέρξεω,
925 2462 1038 2509 τριῶν
1071 2461 1215 2498 τούτων
1250 2461 1385 2509 ἐπεξῆς
1418 2463 1579 2510 γενεῶν,
1611 2460 1768 2510 ἐγένετο

264 2513 385 2550 πλείω
419 2514 514 2551 κακὰ
540 2516 584 2566 τῇ
610 2512 779 2552 ζΕλλάδι
803 2512 825 2562 ἢ
851 2515 913 2553 ἐπὶ
941 2516 1062 2553 ε’ίκοσι
1090 2516 1215 2556 ἄλλας
1243 2517 1380 2566 γενεὰς
1407 2518 1473 2556 τὰς
1503 2516 1576 2566 πρὸ
1601 2518 1768 2566 Δαρείου

264 2568 490 2616 γενομένας,
513 2570 559 2607 τὰ
579 2570 651 2617 μὲν
673 2569 748 2607 ἀπὸ
772 2571 847 2608 τῶν
868 2570 1057 2617 Περσέων
1085 2571 1178 2624 αὐτῇ
1201 2572 1404 2621 γενόμενα.
1426 2569 1471 2609 τὰ
1494 2572 1534 2609 δὲ
1556 2570 1618 2609 ἀπ’
1645 2571 1769 2611 αὐτῶν

263 2623 339 2660 τῶν
366 2624 585 2673 κορυφαίων
611 2625 697 2674 περὶ
725 2627 790 2673 τῆς
821 2626 939 2676 ἀρχῆς
971 2627 1257 2674 πολεμεόντων.
1320 2625 1521 2665 Similium
1557 2625 1768 2666 calamita·-

263 2682 351 2716 tum
371 2682 565 2717 auctores
590 2679 795 2719 Isocrates
820 2680 998 2720 Panath.
1020 2695 1058 2733 p.
1086 2693 1177 2730 244.
1200 2681 1363 2734 scripsit
1384 2681 1509 2720 fuisse
1534 2681 1767 2721 harmostas

269 2732 701 2781 Lacedaemoniormn‚
718 2735 785 2788 qui
802 2735 984 2775 Graecos
1007 2738 1060 2777 εἰς
1081 2738 1269 2778 τοσαύτας
1292 2738 1353 2775 καὶ
1373 2738 1550 2778 τοιαύτας
1567 2735 1769 2786 συμφορὰς

267 2787 475 2835 ἐνέβαλον,
495 2791 590 2831 ὅσας
612 2791 734 2831 οὐδεὶς
755 2792 907 2829 πώποτε
930 2791 1058 2832 αὐτοῖς
1079 2791 1315 2842 γενήσεσθαι
1337 2790 1613 2841 προσεδόκησε.
1661 2791 1763 2830 Ibid.

264 2856 301 2893 p.
324 2854 413 2893 274.
438 2844 487 2883 de
508 2845 657 2890 Persis.
677 2846 745 2898 qui
767 2846 819 2885 ad
840 2846 1135 2885 Marathonem
1158 2851 1434 2894 certaverant,
1452 2846 1575 2886 dicit:
1610 2847 1766 2885 πλείοσι

264 2901 389 2939 κακοῖς
413 2900 471 2938 καὶ
492 2901 637 2947 μείζοσι
655 2905 870 2952 συμφοραῖς
893 2901 1167 2951 περιπεσόντες
1188 2904 1240 2941 ὧν
1257 2903 1428 2951 ἤλπισαν
1445 2902 1511 2950 τὴν
1528 2900 1643 2940 πόλιν
1660 2901 1765 2949 ἡμῶν
