1950 3210
509 147 590 186 DE
626 145 823 185 FALSA
858 144 1244 184 LEGATIONE.
1550 145 1637 186 5537

125 267 211 291 σει;
246 250 396 304 ubique
418 250 509 290 αὐτὸ
533 251 713 300 δηλώσει.
769 250 889 301 Quod
912 249 1039 289 sicubi
1063 249 1263 302 pluralem
1285 248 1499 301 repereris,
1518 249 1632 288 a‹l‹li-

126 311 216 347 tum
246 307 356 361 leges
383 308 430 345 τὰ
461 307 668 358 πράγματα
699 311 774 346 aut
804 306 933 345 simile
956 305 1068 359 quid.
1131 305 1198 344 Sia
1220 307 1267 344 τὰ
1290 305 1386 356 ἔργα
1413 306 1473 344 καὶ
1495 307 1541 344 τὰ
1562 321 1631 344 πε-

125 363 330 414 πραγμένα
350 363 445 402 αὐτὰ
467 364 635 412 δηλώσει
657 377 695 415 p.
717 375 812 415 393,
839 376 902 403 21.
946 361 1197 401 SCIIAEF.

183 432 277 472 390,
302 431 368 459 22.
389 422 490 469 τρεῖς
509 421 631 468 μῆνας
652 418 787 471 ὅλους]
822 419 882 458 Cf.
905 433 944 471 p.
966 431 1062 471 359,
1088 418 1125 456 8.

182 487 277 527 390,
304 486 367 526 23.
400 476 531 525 χιλίας
559 477 732 526 δραχμὰς
759 475 954 523 λαβόντες
984 472 1163 526 ἐφόδιον]
1198 472 1365 512 Merces
1398 473 1631 523 legatorum

129 529 294 583 (quibus
316 529 611 582 Aristophanis
633 536 773 569 aetate
798 544 875 583 pro
897 529 1050 569 viatico
1071 529 1191 568 binas
1212 533 1287 568 aut
1308 528 1441 568 trinas
1463 528 1634 568 diurnas

126 585 346 625 drachmas
378 585 587 624 numerari
620 585 767 625 solitus
796 601 885 625 esse
913 600 962 625 ex
986 585 1172 625 Achai-u.
1197 599 1231 623 v.
1255 586 1321 623 66.
1345 584 1554 636 discimus)
1579 585 1633 623 ab

126 641 418 694 Theophrasto
455 656 619 694 quoque
653 642 776 681 Char.
810 655 868 687 11,
900 655 939 693 3.
973 643 1131 691 ἐφόδιον
1166 646 1350 683 vocatur.
1387 644 1543 691 πορεῖον
1579 641 1634 679 ab

127 696 267 750 Etyln.
293 697 352 736 M.
415 698 609 736 Ceterum
640 713 661 735 c
690 697 778 735 loco
802 697 1096 737 Demosthenis
1128 703 1304 749 apparet
1336 696 1486 749 legatis
1514 710 1635 748 pecu-

125 752 237 793 niam
271 753 325 792 ad
358 752 563 792 rationem
600 753 812 806 temporis,
846 753 956 805 quod
990 752 1029 791 in
1067 752 1276 801 legatione
1309 752 1634 791 consumendum

124 808 213 848 f·01e
235 808 455 855 vide1··,ct1u
479 809 792 861 plaenuiueraii
824 809 1002 854 solia-,un
1026 822 1075 847 91,
1105 809 1144 846 h
1136 808 1217 847 rud
1243 808 1366 847 1111111(
1392 807 1635 847 condicione

124 869 186 912 ut,
211 864 243 903 si
266 864 423 903 diutius
451 865 596 904 abesse
627 868 886 918 cogerentur,
911 864 1148 917 accipueut
1179 869 1273 916 post
1306 863 1484 903 reditum
1507 878 1636 916 quan-

125 925 214 960 tum
237 921 413 960 deesset.
448 920 691 960 SCHOffil
700 920 836 959 ANN.
864 920 1011 973 Autiq.
1035 920 1146 972 publ.
1170 935 1207 973 p.
1226 932 1322 973 310.
1366 920 1483 959 Conf.
1504 919 1635 959 Boch-

126 976 244 1016 neck.
268 976 437 1027 Quaest.
456 976 533 1015 101.
555 990 586 1015 1.
610 991 649 1030 p.
671 989 768 1029 397.

181 1045 277 1086 390,
304 1033 368 1072 26.
399 1033 489 1071 ἀλλ“
507 1034 550 1072 ἐν
570 1036 621 1085 τῷ
644 1033 857 1086 πανδοκείῳ
881 1050 913 1071 κ.
930 1049 963 1071 τ.
982 1033 1037 1086 λ.]
1075 1031 1189 1072 Citat
1222 1032 1329 1071 huuc
1362 1031 1497 1070 locum
1528 1031 1636 1071 Her-

125 1102 320 1141 mogenes
341 1103 380 1141 p.
405 1089 496 1136 276.
520 1092 562 1128 et
585 1088 874 1128 Theodoretus
896 1089 1038 1129 Curat.
1058 1089 1205 1128 Graec.
1228 1088 1378 1127 Affect.
1401 1103 1441 1141 p.
1463 1101 1474 1126 1
1492 1100 1552 1141 15,
1573 1100 1635 1127 10.

126 1144 190 1184 e.d
214 1143 325 1197 S3lb.
368 1143 562 1183 REISK.

183 1213 279 1253 390,
306 1201 370 1239 28.
402 1201 466 1240 ὅτε
495 1199 592 1251 δεῦρ’
597 1201 819 1249 -ἰιιαξίως
846 1201 970 1253 ὑμῶν]
1011 1199 1265 1240 Scl1‹)liast‹s
1288 1199 1570 1253 Hermogenis
1595 1214 1636 1253 p.

125 1256 223 1309 384.
255 1257 439 1305 ποιότητα
469 1258 510 1295 δὲ
541 1256 777 1307 πράγματος,
809 1257 858 1298 ὡς
890 1258 937 1295 ἐπ
971 1257 1103 1308 ἐκείνῳ
1128 1258 1300 1309 (11.131,
1325 1258 1391 1307 1.)·
1426 1257 1487 1295 καὶ
1518 1273 1637 1295 σπου-

127 1315 217 1352 δαΐα
249 1311 476 1380 νομίζωνἶ
454 1317 482 1351 ὠ
515 1313 651 1363 ἄνδρες
666 1312 878 1362 Αθηιαῖοι,
914 1313 975 1351 καὶ
1006 1313 1201 1363 ἀναγκαῖα
1231 1329 1274 1366 τῃ
1307 1313 1433 1359 πόλει,
1466 1312 1553 1362 περὶ
1584 1313 1638 1350 ὧν

126 1369 386 1417 βουλεύεσθε.
418 1367 440 1417 ὴ
463 1369 511 1410 ὡς
533 1385 576 1407 εν
597 1370 646 1421 τῷ
669 1369 756 1419 περὶ
777 1369 1108 1419 παραπρεσβείας·
1142 1369 1206 1407 ὅτε
1228 1371 1340 1418 δεῦρο
1361 1368 1431 1418 ἤδη
1453 1367 1496 1406 τὸ
1520 1367 1638 1418 στρά-

127 1440 248 1474 τευμα
279 1425 385 1475 ἄγων
408 1423 623 1473 εβάὸιζεν“
607 1442 626 1463 ο
649 1424 858 1465 Φίλιππος.
910 1424 993 1464 εἶτα
1019 1425 1042 1473 ἡ
1071 1424 1238 1473 ποιότης·
1272 1425 1453 1475 αἰσχρῶς,
1477 1422 1506 1462 ὡ
1521 1422 1640 1472 Ἀθη-

129 1483 242 1528 ναῖοι,
267 1480 328 1519 καὶ
350 1481 513 1529 ἀιαξίως
533 1479 893 1530 ὑμῶν.1ὶΕΙ8Κ.

185 1548 281 1588 391,
303 1548 342 1589 3.
375 1535 445 1584 τήν
475 1552 516 1575 τε
551 1537 626 1587 γὰρ
659 1535 828 1589 εἰρήνην]
866 1535 899 1574 Ι.
923 1550 956 1575 9,
989 1536 1049 1575 καὶ
1080 1537 1155 1587 γὰρ
1182 1535 1253 1584 τὴν
1280 1534 1446 1586 εἰρήνην.
1508 1534 1562 1574 V.
1584 1535 1639 1575 ad

128 1591 344 1645 Aristoph.
370 1592 470 1631 Pae.
493 1604 591 1640 402.

184 1660 280 1699 391,
305 1650 342 1686 6.
366 1647 516 1699 γράψαι
538 1647 568 1687 δ’
586 1647 781 1701 ἄντικρυς]
816 1652 839 1669 “
855 1647 916 1687 To
938 1646 1057 1688 write
1087 1647 1205 1687 down
1236 1647 1277 1686 in
1309 1661 1478 1700 express
1509 1652 1640 1686 terms

129 1703 367 1742 Atheniaus
393 1703 476 1743 and
498 1703 715 1743 Athenian
736 1703 887 1752 allies,''
910 1710 983 1743 not
1006 1710 1029 1725 ‘⁶
1044 1709 1089 1743 to
1111 1703 1228 1742 write
1251 1703 1369 1742 down
1397 1703 1440 1742 in
1469 1717 1640 1756 express

128 1763 258 1798 terms
280 1759 339 1798 tlte
360 1759 488 1799 words
510 1766 518 1781 ⁴
532 1759 597 1798 for
613 1759 850 1799 Athenians
871 1760 952 1799 and
975 1759 1086 1799 their
1106 1758 1233 1798 allies.
1239 1760 1248 1776 ’
1265 1761 1288 1776 '’
1327 1760 1496 1811 Among
1518 1759 1640 1798 othei

130 1814 340 1854 instances
363 1815 517 1868 quoted
548 1815 602 1868 by
630 1815 846 1864 Dobree,
836 1829 870 1854 is
900 1815 972 1854 the
993 1829 1091 1868 ie13
1114 1814 1294 1867 st1iking
1322 1829 1501 1867 passage
1532 1814 1638 1853 from

131 1870 358 1910 Tilnocrat.
381 1885 421 1923 p.
447 1872 586 1921 726.{3
593 1884 686 1923 9.4.
709 1870 866 1922 γράψας
887 1871 971 1909 ἀντι
992 1872 1065 1919 μὲν
1085 1873 1163 1909 τοῦ
1187 1887 1437 1919 τιμηματος
1456 1870 1500 1909 τὸ
1523 1871 1640 1921 ἀργύ-

129 1942 226 1976 ριον,
244 1926 328 1965 ἀντὶ
350 1927 391 1965 δὲ
413 1928 480 1965 τοῦ
503 1926 587 1965 “ro
615 1926 919 1977 γιγνόμενον
937 1926 957 1965 ὃ
979 1925 1126 1976 ὡφλεν·
1158 1926 1292 1964 1111919
1309 1925 1392 1964 had
1408 1925 1479 1965 the
1496 1930 1640 1965 mator

130 1985 205 2020 not
230 1981 334 2020 been
362 1981 428 2020 led
454 1982 507 2034 b3
530 1981 602 2021 the
631 1981 720 2021 1019
751 1982 797 2020 of
827 1981 985 2035 change
1017 1982 1062 2020 of
1091 1981 1377 2021 construction
1409 1995 1454 2020 so
1485 1981 1639 2035 sought

130 2036 275 2076 after
265 2051 306 2076 1n
329 2036 467 2076 Greek
498 2037 687 2086 authors,
708 2037 760 2076 he
781 2051 815 2075 11
819 2037 915 2076 ould
946 2038 1049 2076 haxe
1069 2037 1234 2077 written
1261 2038 1308 2076 ἀι
1312 2037 1346 2075 τὶ
1373 2038 1446 2085 μὲν
1467 2040 1533 2075 τοῦ
1556 2037 1638 2075 “rb

130 2092 296 2143 τίμημα.
299 2092 651 2132 SHILLETO.
713 2093 906 2146 Appalet
937 2107 986 2132 ex
1018 2093 1081 2131 his
1113 2107 1193 2131 non
1220 2106 1323 2145 opus
1349 2106 1438 2131 esse
1461 2092 1639 2132 deterio-

130 2162 222 2188 rum
253 2148 453 2188 librorum
485 2148 693 2201 scriptura
713 2147 933 2198 Ἀθηναίοις
965 2149 1025 2188 καὶ
1056 2153 1136 2189 τοῖς
1156 2147 1375 2198 Ἀθηναίων
1406 2148 1636 2200 συμμάχοις,

132 2204 242 2258 quod
263 2205 416 2257 probat
439 2204 686 2244 Schaeferus
707 2204 858 2244 collata
879 2219 918 2257 p.
942 2217 1010 2257 35‹
1029 2234 1038 2250 ,
1065 2205 1128 2243 26.
1152 2205 1246 2257 368,
1274 2216 1336 2242 22.
1358 2217 1455 2252 440,
1482 2216 1548 2257 25.

194 2273 292 2312 391,
315 2274 352 2313 9.
385 2261 430 2300 οὐ
459 2263 533 2312 γὰρ
563 2261 661 2314 αὐτῷ
690 2261 1011 2313 συστρατεύσειν]
1061 2260 1094 2299 l.
1117 2275 1150 2300 e.
1177 2259 1309 2299 noluit
1341 2259 1559 2313 Philippus
1590 2266 1638 2299 ut

130 2316 258 2368 ipsius
279 2316 381 2356 socii
401 2316 557 2356 foederi
582 2316 742 2355 ieiendo
772 2322 1015 2369 praesentes
1041 2321 1179 2356 essent
1210 2315 1370 2369 ipsique
1397 2316 1638 2369 juramenta

131 2376 410 2424 praestarent,
442 2387 493 2412 ne
525 2376 671 2425 postea
703 2372 806 2412 haec
837 2373 1078 2425 juramenta
1115 2376 1407 2425 praetexentes
1441 2372 1640 2412 adversus

132 2427 455 2467 Atheniensium
478 2428 608 2467 socios
629 2427 936 2481 expeditionem
958 2428 1092 2467 facere
1114 2437 1366 2467 recusarent.
1404 2427 1623 2466 GREVE.

201 2495 296 2535 391.
332 2484 392 2522 18.
431 2483 784 2536 οὗτοι-ἐκεῖνον]
838 2483 983 2524 Citant
1019 2484 1180 2522 Anecd.
1216 2483 1345 2522 Bekk.
1385 2497 1424 2535 p.
1456 2494 1547 2533 177,
1578 2494 1639 2536 15.

191 2595 491 2645 ἐνδεικνύμενοι]
527 2594 802 2634 Ostentantes
833 2609 921 2634 sese
948 2595 1240 2647 jactantesque
1268 2593 1476 2645 Philippo,
1501 2593 1640 2632 vendi-

135 2654 276 2689 tantes
309 2649 361 2697 ei,
387 2654 434 2689 ut
460 2649 617 2689 Tullius
650 2650 844 2703 loquitur,
877 2665 951 2689 sua
984 2649 1137 2697 studia,
1162 2650 1203 2688 h.
1227 2664 1260 2688 e.
1285 2649 1428 2688 veruili
1459 2649 1638 2701 quadam

133 2709 259 2758 atque
281 2705 515 2744 adulatoria
537 2705 759 2745 sedulitate
781 2720 863 2745 non
886 2706 1016 2745 solum
1037 2705 1323 2759 gratificantes
1345 2704 1394 2750 91,
1416 2704 1486 2743 sed
1509 2703 1639 2744 etiam

134 2760 270 2800 officia
301 2760 403 2800 haec
435 2775 509 2800 sua
541 2760 618 2814 ipsi
641 2761 753 2801 velut
784 2761 1041 2814 imputantes
1073 2766 1113 2800 et
1145 2760 1391 2813 ingerentes,
1421 2765 1467 2799 ut
1497 2759 1565 2812 qui
1597 2760 1637 2799 in

134 2816 273 2855 oculos
303 2830 458 2859 eorum.
491 2831 514 2855 a
546 2816 694 2869 quibus
725 2817 903 2870 spectari
935 2822 975 2856 et
1004 2817 1153 2870 quibus
1185 2816 1346 2869 placere
1369 2815 1525 2861 volunt,
1549 2830 1638 2855 sese

134 2871 341 2925 ingerunt.
380 2871 573 2911 REISK.
638 2872 751 2912 Conf.
778 2872 969 2912 Aeschiu.
993 2888 1031 2925 p.
1057 2874 1121 2922 84.
1145 2883 1212 2922 42.
1238 2873 1302 2924 85,
1327 2884 1388 2924 15.
1411 2876 1450 2910 et
1480 2872 1639 2920 ἔνδειξις

134 2942 174 2979 p.
198 2928 345 2980 85.12.
389 2927 558 2967 DOBR.
