1934 3179
285 114 371 152 342
847 115 961 155 PRO
995 115 1246 156 CORONA.

286 216 393 257 libro
415 218 466 258 de
486 218 560 258 lite
582 219 734 259 Attica
754 234 792 273 p.
819 221 914 272 607.
947 221 1124 273 conjecit
1148 221 1328 260 alterum
1356 221 1470 260 illum
1495 222 1691 276 loquendi
1717 237 1802 264 1110-

288 273 386 312 dum
409 274 629 326 ἀπήνεγκεν
651 277 670 314 ὁ
693 278 800 315 δεῖνα
823 276 980 326 γραφήν
1001 276 1135 315 10611111
1168 276 1362 317 habuisse
1388 277 1429 316 in
1457 279 1611 318 tabulis
1631 293 1801 320 accusa-

286 329 448 369 tionum
470 330 633 383 publice
653 331 892 384 propositis.

348 398 441 439 243,
472 389 534 425 16.
571 387 852 439 ἀναγορεῦσαι]
893 387 1090 428 Romu-rit
1121 403 1155 428 v.
1181 391 1245 428 28.
1283 388 1331 428 P.
1366 402 1458 440 244,
1484 401 1520 428 2.
1550 402 1615 429 20.
1653 391 1805 444 legitur

288 442 433 481 eadem
466 442 770 495 significatione
806 444 993 483 ἀνειπεῖν.
1026 448 1092 483 τοῦ
1129 445 1327 496 στεφάνου
1364 446 1425 484 καὶ
1460 448 1524 495 τῆς
1555 447 1803 497 ἀναρρήσεως

289 497 387 537 ibid¹
410 513 446 537 v.
471 511 535 538 22.
598 498 930 538 SOHAEFER.

347 555 573 596 Διονυσίοις
604 559 683 595 τοῖς
716 555 905 606 μεγάλοις
936 559 1146 608 τραγῳδοῖς
1177 557 1340 609 καινοῖς]
1381 557 1444 596 De
1471 557 1682 610 Dionysiis
1713 558 1804 611 quis

290 625 372 650 non
414 610 528 649 novit
565 610 763 650 Boeckhii
805 611 1144 651 dissertationem
1186 612 1395 665 egregiam
1437 612 1477 651 in
1512 613 1635 653 Actis
1669 614 1802 654 Acad.

290 667 425 706 Berol.
447 681 486 706 a.
518 670 636 718 1817.
654 668 666 706 ’ἔ
727 667 807 706 Sed
831 681 913 706 non
936 672 1001 706 est
1023 668 1218 707 credibile
1237 668 1450 721 Dionysiis
1471 669 1645 722 magnis,
1664 683 1805 709 mense

291 722 618 775 Elaphebolione
641 728 687 762 ut
710 727 877 763 constat
898 723 1017 767 netis.
1041 723 1169 763 etiam
1191 729 1281 763 tum
1312 739 1474 777 semper
1495 739 1623 765 novas
1643 725 1805 766 fabulas

290 783 503 832 spectatas
536 794 625 818 esse
661 784 735 818 aut
772 779 831 819 ita
873 784 1059 819 mutatas
1096 786 1142 819 ut
1178 795 1252 833 pro
1290 780 1405 819 novis
1441 781 1583 820 haberi
1619 788 1803 834 possent.

292 834 424 888 Saepe
448 834 664 888 Sophoclis
686 836 929 889 tragoediae
960 840 1081 875 actae
1103 841 1200 875 sunt
1221 852 1246 876 a
1276 836 1438 890 magnis
1464 837 1584 876 istius
1605 838 1805 890 temporis

289 890 503 930 actoribus
534 891 719 939 scenicis,
743 892 792 930 cf.
817 892 1035 931 Demosth.
1059 892 1109 931 de
1130 892 1234 931 falsa
1266 893 1390 946 legat.
1413 907 1450 945 p.
1475 896 1571 943 418.
1623 893 1726 933 Gell.
1752 893 1802 933 N.

291 947 426 987 Attic.
452 959 487 998 7,
510 959 563 1000 5.,
587 947 654 1000 qui
678 948 719 986 in
741 947 862 987 claris
883 947 1133 1000 antiquioris
1161 948 1403 1002 tragoediae
1431 949 1619 1001 personis
1640 963 1804 1002 reprae-

290 1003 505 1042 sentandis
528 1003 589 1043 vel
620 1004 798 1043 maxime
832 1010 967 1043 artem
1001 1019 1117 1043 suam
1149 1005 1439 1044 ostendebant.
1504 1005 1610 1044 Nam
1642 1005 1804 1045 scenica

289 1074 359 1099 ars
380 1064 471 1099 tum
493 1064 584 1099 erat
603 1060 828 1113 perfectior
850 1075 973 1113 quam
995 1065 1132 1107 antea,
1155 1061 1291 1113 poesis
1314 1075 1410 1099 vero
1432 1060 1627 1100 deterior.
1688 1062 1804 1115 Ergo

291 1130 373 1154 non
396 1116 518 1155 nimis
540 1116 707 1170 urgebis
728 1116 961 1155 formulam.
1024 1117 1245 1156 Caeterum
1267 1118 1456 1170 τραγῳδοὶ
1479 1117 1603 1156 καινοὶ
1624 1121 1734 1165 sunt,
1757 1123 1805 1157 ut

291 1176 471 1216 constat.
496 1175 628 1214 καινὰς
661 1175 874 1226 τραγῳδίας
908 1172 1147 1223 εἰσάγοντες,
1171 1173 1294 1212 credo
1327 1173 1385 1211 sie
1419 1172 1519 1212 dicti
1551 1186 1645 1211 611111
1674 1186 1806 1213 novae

291 1243 504 1280 personae,
529 1242 634 1268 nova
655 1230 856 1279 πρόσωπα,
876 1228 1092 1282 prodirent
1114 1234 1156 1268 et
1177 1233 1482 1282 spectarentur,
1501 1228 1570 1268 ubi
1592 1242 1699 1269 nova
1720 1234 1804 1270 tra-

290 1285 440 1338 goedia
467 1285 684 1338 agebatur.
751 1285 832 1323 Pro
863 1288 1071 1338 τραγῳδοῖς
1100 1289 1244 1326 καινοῖς
1266 1284 1420 1325 dicitur
1447 1285 1573 1325 etiam
1598 1288 1805 1338 τραγῳδῶν

292 1341 586 1391 ἀγωνιζομένων
618 1344 771 1386 καινῶν,
797 1340 995 1380 Aeschin.
1019 1346 1151 1380 contr.
1175 1340 1436 1393 Ctesiphont.
1458 1356 1496 1394 p.
1519 1342 1587 1393 58.
1610 1345 1653 1380 et
1673 1357 1805 1392 γιγνο-

290 1397 419 1444 με’νων
440 1400 516 1436 τῶν
538 1398 580 1436 ἐν
602 1398 712 1436 ἄστει
733 1400 940 1449 τραγῳδῶν
962 1396 1047 1436 ibid
1081 1397 1217 1450 paullo
1238 1401 1346 1449 post,
1367 1397 1417 1436 cf.
1439 1396 1567 1436 etiam
1585 1397 1804 1436 Helnster-

292 1452 381 1491 hus.
416 1453 468 1492 ad
494 1452 661 1492 Lucian.
692 1453 853 1493 Timon.
890 1468 923 1492 6.
951 1466 1018 1505 51.
1054 1452 1278 1492 DISSEN.
1311 1458 1391 1494 τοῖς
1422 1452 1610 1504 μεγάλοις
1635 1452 1805 1492 seclusit

295 1508 546 1555 Voemelius,
563 1514 604 1548 et
624 1514 737 1548 reete
758 1509 948 1549 fortasse.

352 1578 444 1617 243,
474 1565 534 1603 18.
568 1566 703 1615 ἀρετῆς
726 1566 839 1604 ἕνεκα
861 1567 922 1604 καὶ
946 1565 1217 1606 εὐνοίας-καὶ
1239 1565 1517 1616 ἀνδραγαθίας]
1557 1564 1662 1604 Post
1681 1578 1802 1618 gene-

292 1620 418 1659 ralius
441 1621 611 1660 verbum
645 1622 782 1671 ἀρετῆς
814 1625 1026 1674 ponuntur
1058 1620 1252 1673 specialia
1284 1621 1435 1661 εὐνοίας
1463 1621 1522 1659 καὶ
1544 1621 1805 1670 ἀνδραγαθίας

292 1690 323 1714 s.
346 1676 631 1716 benevolentiae
657 1683 691 1715 et
716 1678 943 1716 'nasei-[torvam
964 1677 1203 1728 qarqaz'orum
1224 1677 1267 1715 ‘in
1288 1677 1514 1715 universam
1539 1676 1752 1715 Graeciam
1771 1683 1806 1716 et

292 1732 566 1772 Atheniensem
590 1733 797 1785 populum.
862 1731 1081 1785 Supplebis
1118 1732 1244 1785 igitur
1275 1732 1328 1771 ad
1359 1732 1622 1781 ἀνδραγαθίας
1651 1731 1805 1771 iterum

293 1790 346 1829 εἰς
377 1789 465 1829 τοὺς
489 1787 696 1836 ’Έλληνας
721 1789 892 1829 ἅπαντας
927 1789 986 1826 καὶ
1019 1788 1086 1826 τὸν
1115 1790 1234 1837 δῆμον
1261 1788 1330 1826 τὸν
1349 1787 1581 1836 Ἀθηναίων,
1606 1787 1731 1827 veluti
1762 1787 1804 1827 in

293 1844 411 1883 Orat.
442 1844 534 1883 adv.
559 1844 707 1883 Neaer.
736 1859 774 1897 p.
806 1854 922 1897 1375.
951 1843 1127 1882 dicitur:
1160 1844 1211 1893 μὴ
1245 1845 1387 1892 ἐξεῖναι
1418 1843 1658 1892 ποιήσασθαι
1690 1843 1804 1893 Ἀθη-

293 1904 417 1947 ravon.
442 1899 487 1938 ὃν
509 1900 556 1939 ἂν
576 1900 627 1949 μὴ
649 1900 695 1938 δί
718 1901 982 1951 ἀνδραγαθίαν
1012 1901 1065 1940 εἰς
1086 1899 1153 1938 τὸν
1176 1902 1295 1948 δῆμον
1324 1900 1392 1938 τὸν
1412 1898 1631 1947 Ἀθηναίων
1654 1900 1761 1948 ἄξιον
1781 1897 1805 1954 ᾗ

291 1956 479 2006 γενέσθαι
496 1957 672 2005 πολίτην.
734 1956 878 2008 Atque
900 1960 946 1995 ut
967 1955 1069 1994 alias
1091 1954 1424 1994 constructiones
1445 1954 1609 2001 addam,
1628 1960 1675 1994 ut
1697 1954 1803 1994 Mid.

292 2026 330 2064 p.
353 2024 449 2063 520.
472 2010 626 2050 dieitur
647 2013 796 2062 ἀνδρῶν
816 2012 1026 2060 βέλτιστος
1057 2012 1144 2061 περὶ
1175 2013 1241 2060 ἐμὲ
1269 2010 1439 2061 ἐγένετο,
1463 2015 1505 2050 et
1535 2010 1650 2056 alias,
1674 2009 1731 2049 816
1762 2010 1803 2049 111

292 2067 479 2119 inscript.
503 2081 564 2106 nr.
595 2080 684 2106 101.
718 2082 784 2120 ap.
810 2066 992 2106 Boeekh.
1018 2066 1092 2105 vol.
1120 2079 1150 2105 1.
1173 2081 1212 2119 p.
1242 2079 1331 2117 139.
1366 2065 1519 2119 legitur
1540 2067 1636 2116 ἀνὴρ
1659 2066 1804 2117 ἀγαθὸς

292 2123 378 2172 περὶ
399 2123 468 2161 τὸν
490 2125 609 2171 δῆμον
626 2123 938 2171 τὸνἌθηναίων,
957 2121 1148 2161 Similiter
1163 2122 1263 2161 ibid.
1281 2136 1343 2160 nr.
1368 2135 1455 2174 105.
1473 2136 1511 2174 p.
1534 2134 1623 2173 143.
1643 2125 1685 2161 et
1701 2120 1804 2161 alias

293 2179 456 2231 saepius
488 2177 528 2216 in
560 2177 913 2231 inscriptionibus.
976 2177 1119 2216 Etiam
1146 2178 1293 2228 ἀγαθὸς
1319 2179 1413 2227 ὑπὲρ
1439 2180 1504 2226 τῆς
1530 2178 1684 2218 πόλεως
1705 2176 1804 2216 dioi-

292 2239 373 2273 tur.
424 2234 557 2272 Porro
574 2234 768 2286 frequens
784 2233 960 2272 formula
975 2233 1014 2271 in
1029 2233 1185 2272 talibus
1198 2232 1493 2286 psephismatis
1506 2235 1678 2272 διατελεῖ
1688 2232 1803 2282 πράτ-

291 2306 368 2328 των
391 2290 451 2328 καὶ
472 2289 603 2339 λέγων
624 2292 671 2328 τὰ
693 2290 844 2337 ἄριστα,
862 2289 1055 2338 βέλτιστα
1071 2292 1121 2342 τῷ
1144 2289 1259 2341 δήμῳ,
1279 2292 1451 2327 διατελεῖ
1469 2288 1644 2338 πράττων
1661 2289 1683 2326 ὅ
1699 2304 1734 2327 τι
1756 2288 1804 2327 ἂν

292 2346 447 2393 δύνηται
474 2345 634 2394 ἀγαθόν.
696 2344 917 2383 Postremo
938 2344 1206 2383 memorabile
1232 2348 1297 2383 est
1319 2344 1430 2396 quod
1451 2343 1688 2396 psephisma
1709 2343 1803 2383 Cte-

292 2400 497 2453 siphontis
512 2414 551 2452 p.
570 2401 662 2441 266.
684 2400 866 2452 positum
882 2400 1012 2439 multo
1029 2399 1252 2452 simplicius
1267 2400 1317 2438 de
1333 2399 1492 2438 meritis
1507 2398 1803 2438 Demosthenis

291 2456 477 2508 loquitur
503 2455 590 2494 ita:
630 2455 835 2494 ἐπαινέσαι
864 2455 1123 2504 Δημοσθένην
1156 2455 1433 2504 Δημοσθένους
1460 2458 1633 2494 Παιανιᾶ
1667 2455 1803 2505 ἀρετῆς

293 2513 407 2551 ἕνεκα
429 2512 489 2550 καὶ
508 2512 808 2561 καλοκάγαθίας,
823 2511 866 2559 ἧς
884 2511 985 2562 ἔχων
1003 2513 1176 2549 διατελεῖ
1196 2512 1235 2549 ἐν
1254 2511 1369 2549 παντὶ
1387 2512 1501 2563 καιρῷ
1525 2511 1579 2551 εἰς
1595 2510 1662 2549 τὸν
1683 2512 1803 2559 δῆμον

292 2568 360 2605 τὸν
385 2566 617 2615 Ἀθηναίων.
681 2566 825 2618 Ν6(1116
856 2580 952 2605 vero
984 2566 1123 2618 potuit
1155 2566 1383 2605 Aeschines
1415 2565 1668 2618 amplificare
1699 2565 1802 2604 haec

292 2637 367 2675 pro
401 2621 576 2662 arbitrio
607 2622 647 2660 in
682 2622 819 2661 libello
855 2621 1046 2661 archonti
1081 2622 1239 2661 tradito
1272 2627 1313 2661 et
1344 2621 1463 2675 plura
1494 2635 1645 2674 ponere
1677 2635 1801 2674 quam

292 2678 516 2731 scripserat
552 2691 696 2717 revera
727 2677 953 2730 Ctesiphon
1036 2677 1211 2717 Accedit
1245 2678 1354 2730 quod
1387 2681 1550 2730 partem
1582 2677 1801 2716 verborum

299 2734 597 2773 Demosthenes
618 2733 704 2786 ipse
736 2732 924 2786 agnoscit
956 2733 1092 2786 paullo
1122 2738 1217 2786 post
1239 2733 1379 2772 dicens
1399 2749 1405 2771 :
1441 2735 1505 2771 τοῦ
1525 2733 1598 2781 μὲν
1619 2733 1687 2771 οὖν
1709 2731 1801 2782 γρά-

294 2795 367 2839 ψαι
398 2789 617 2838 πράττοντα
645 2789 706 2828 καὶ
738 2789 909 2838 λέγοντα
942 2790 986 2827 τὰ
1007 2788 1200 2838 βέλτιστά
1231 2805 1270 2828 τε
1303 2790 1352 2841 τῷ
1385 2787 1488 2839 δήμῳ
1516 2791 1709 2827 διατελεῖν
1741 2786 1801 2825 καὶ

295 2846 489 2893 πρόθυμον
513 2844 611 2883 εἶναι
636 2849 763 2883 ποιεῖν
785 2845 806 2882 ὅ
827 2860 861 2882 τι
884 2843 931 2883 ἂν
954 2845 1121 2893 δύνωμαι
1143 2845 1304 2894 ἀγαθόν,
1328 2848 1455 2896 atque
1483 2842 1610 2882 etiam
1632 2839 1800 2881 Aeschi-

294 2914 362 2937 nes
386 2900 424 2937 in
449 2899 635 2939 oratione
659 2914 728 2938 sua
754 2915 792 2952 p.
818 2905 884 2937 (³0.
909 2904 950 2937 et
974 2902 1036 2950 87.
1061 2899 1277 2937 confirmat
1302 2904 1493 2951 repetens
1516 2912 1618 2951 quae
1641 2897 1707 2936 hie
1730 2910 1800 2949 po-
