1914 3184
230 117 301 156 lxx
863 119 1127 160 REISKII

232 237 329 273 quae
350 224 494 260 formae
519 225 594 261 sint
623 225 661 260 in
683 225 802 269 Folio,
826 235 867 262 ut
888 228 1000 276 vulgo
1031 227 1257 274 appellant),
1280 239 1392 273 quam
1424 227 1493 262 hac
1526 235 1674 263 nostrae
1705 226 1738 262 in

230 296 377 325 octavo.
441 289 634 337 Typorum
670 289 845 331 formam,
879 303 952 337 qua
987 290 1123 339 potuit,
1157 289 1287 325 artifex
1324 303 1430 325 meus
1465 291 1635 325 imitatus
1670 299 1725 325 est

229 365 306 388 non
329 351 391 387 ille
409 352 559 399 quidem
583 364 651 399 per
670 353 799 387 omnia
820 353 1037 388 felicissime
1059 365 1183 399 neque
1204 352 1436 393 fidelissime,
1455 362 1493 388 ut
1512 354 1573 400 qui
1593 354 1740 389 Graeca

230 429 305 452 non
328 416 495 458 calleret,
517 415 569 451 sic
592 423 718 451 tamen
741 416 843 456 satis,
866 423 907 450 ut
928 415 1065 455 saltim,
1084 415 1120 450 id
1138 415 1238 462 quod
1255 414 1354 457 volo,
1377 416 1578 451 discrimen
1602 416 1738 451 utrius-

229 491 304 527 que
326 479 503 515 editionis
525 488 736 526 appareret.
789 479 945 514 Initium
968 479 1095 525 itaque
1117 479 1369 527 Olynthiacae
1392 479 1534 526 primae
1556 481 1592 514 in
1616 493 1740 516 exenn-

229 543 292 590 plo
311 542 519 578 vetustiore
540 543 611 577 hoc
634 549 690 577 est
707 557 711 576 z

636 604 838 652 [Sequitur
857 606 1048 653 specimen
1070 605 1312 653 scripturae]

230 668 272 702 In
295 668 508 703 recentiore
530 676 658 703 autem
680 676 737 703 est
757 668 997 717 hujusmodi:

634 732 834 780 [Sequitur
853 733 1045 780 specimen
1068 733 1308 780 scripturae]

280 794 341 829 Ne
371 806 439 842 per
468 796 589 831 multa
618 808 716 836 eam,
738 796 888 832 infinita
908 797 1008 832 enim
1031 804 1130 837 sunt,
1152 803 1326 831 vetustae
1348 809 1477 831 versus
1508 796 1620 844 paulo
1651 805 1738 832 sunt

226 858 416 906 longiores
446 866 483 894 et
513 859 653 908 pagina
674 872 823 908 quaque
852 860 1073 907 pauciores:
1104 860 1142 895 in
1171 860 1293 907 prima
1313 860 1463 906 quidem
1496 860 1633 908 pagina
1662 860 1737 907 pri-

227 933 311 956 mae
333 921 586 969 Olynthiacae
608 923 805 958 numeravi
825 935 888 969 41.
937 924 979 958 In
1001 936 1101 958 nova
1121 931 1248 959 autem
1273 923 1474 966 breviores,
1493 923 1556 959 sed
1577 936 1737 960 numero

226 985 376 1032 plures:
408 986 605 1021 numeravi
628 986 729 1021 enim
758 986 797 1022 in
826 987 966 1035 pagina
992 986 1125 1022 eadem
1155 987 1276 1034 prima
1297 999 1425 1022 versus
1445 999 1507 1033 43.
1566 987 1625 1022 De
1649 987 1735 1022 reli-

227 1049 310 1096 quis
343 1049 490 1097 paginis
520 1062 702 1096 quaerere
737 1050 789 1085 nil
823 1050 1006 1092 laboravi,
1038 1063 1268 1098 quamquam
1305 1051 1487 1098 suspicor,
1517 1063 1584 1097 per
1612 1058 1734 1085 totum

223 1111 362 1147 librum
393 1113 527 1148 eodem
558 1113 672 1149 modo
703 1126 743 1149 se
773 1126 851 1150 rem
883 1115 1034 1150 habere.
1092 1114 1300 1150 Observavi
1323 1126 1474 1162 qnoque
1499 1114 1599 1149 aliud
1621 1126 1736 1162 agens

223 1176 371 1224 insigne
392 1177 588 1224 utriusque
615 1178 792 1214 editionis
819 1178 1022 1214 discrimen
1051 1179 1089 1213 in
1121 1178 1260 1226 pagina
1288 1178 1382 1213 tomi
1411 1178 1522 1225 primi
1553 1185 1734 1220 extrema,

225 1252 329 1286 320„
360 1241 422 1276 ubi
454 1250 721 1291 argumentum
752 1243 904 1278 Libanii
936 1243 981 1278 ad
1017 1243 1207 1278 orationes
1239 1242 1331 1278 duas
1366 1242 1403 1277 in
1435 1242 1735 1290 Aristogitonem

223 1304 373 1353 legitur:
399 1305 499 1351 quod
522 1314 788 1354 argumentum
809 1306 944 1353 incipit
965 1319 986 1341 a
1010 1306 1165 1342 nomine
1187 1307 1419 1352 Πυθάγγελος.
1480 1305 1563 1341 Hoc
1594 1318 1734 1342 nomen

64 1378 210 1400 Lxxxlx
224 1375 347 1403 totum
382 1376 539 1416 apparet
571 1369 609 1404 in
634 1370 682 1411 A,
710 1370 832 1417 prima
864 1370 992 1405 littera
1019 1385 1044 1404 π
1073 1371 1229 1406 seorsim
1264 1371 1302 1405 in
1336 1383 1423 1405 area
1447 1382 1567 1405 vacua
1597 1369 1733 1417 posita.

225 1431 295 1466 Sed
323 1432 361 1466 in
390 1432 421 1466 B
442 1432 534 1467 illud
561 1447 585 1466 π
606 1445 681 1468 non
710 1434 955 1481 conspicitur,
984 1434 1095 1481 plane
1125 1434 1227 1469 nuda
1255 1434 1386 1469 relicta
1414 1433 1479 1468 illa
1508 1445 1618 1473 area;
1651 1440 1733 1467 tan-

223 1495 423 1530 tummodo
445 1496 635 1542 υθάγγελος
655 1497 804 1545 legitur.
863 1497 963 1541 Quia
984 1498 1076 1532 mihi
1096 1498 1233 1532 librum
1255 1498 1484 1532 variantium
1507 1497 1734 1532 Demosthe-

222 1559 392 1594 nicarum
415 1559 615 1595 adornanti
637 1561 754 1596 editio
776 1561 866 1597 Aldi
887 1562 1071 1597 vetustior
1095 1562 1140 1597 ad
1172 1574 1306 1596 manus
1328 1560 1498 1596 nondum
1521 1568 1614 1603 erat,
1636 1573 1731 1595 non-

223 1622 311 1658 dum
344 1623 450 1670 potui
484 1624 668 1660 lectiones
702 1627 782 1673 ejus
818 1623 854 1659 in
890 1625 996 1660 illum
1029 1625 1167 1660 librum
1201 1625 1353 1660 referre.
1411 1624 1572 1659 Dabitur
1604 1631 1732 1659 tamen

222 1699 349 1734 opera,
372 1695 414 1722 ut
434 1687 694 1735 discrepantes
723 1688 920 1735 utriusque
949 1689 1132 1724 lectiones
1158 1688 1359 1737 diligenter
1380 1695 1555 1723 en'otatae
1585 1688 1622 1722 in
1653 1700 1733 1722 ma-

223 1750 318 1785 teria
337 1763 434 1789 mea,
453 1763 565 1797 quam
587 1752 750 1798 appello,
770 1752 902 1788 critica
922 1752 1182 1793 exhibeantur,
1200 1759 1242 1787 ut
1263 1764 1395 1787 caussa
1409 1751 1590 1798 deinceps
1608 1751 1733 1786 futura

223 1814 326 1848 nulla
352 1814 410 1856 sit,
432 1826 498 1849 cur
518 1814 562 1849 de
594 1815 813 1850 Aldinarum
841 1828 954 1863 super
974 1815 1272 1851 Demosthe—nico
1295 1827 1446 1862 quoque
1474 1814 1560 1850 loco
1581 1814 1731 1850 dubite-

224 1884 286 1911 tur
306 1877 538 1912 testimonio.

915 1935 947 1975 ξ.
984 1943 1043 1979 29.

758 2007 817 2040 De
842 2006 993 2041 editione
1012 2005 1198 2040 Feliciani.

280 2076 358 2112 Sub
393 2079 538 2113 exitum
572 2079 661 2114 anni
696 2080 902 2127 superioris
929 2081 1041 2128 1769.
1074 2080 1171 2115 hanc
1207 2079 1415 2115 editionem
1454 2079 1499 2114 ad
1536 2091 1596 2114 me
1631 2079 1733 2114 misit

220 2140 447 2190 Strasburgo
470 2143 536 2177 Vir
556 2143 717 2179 Illustris
743 2144 968 2187 Brunckius,
991 2145 1240 2180 Consiliarius
1272 2144 1385 2193 Regis
1415 2144 1730 2179 Christi-anissimi

221 2202 451 2245 (Conseiller
483 2204 528 2239 de
563 2206 677 2248 Cour,
717 2207 916 2242 Receveur
948 2207 1012 2243 des
1052 2208 1261 2243 Domaines
1302 2215 1338 2243 et
1378 2209 1644 2244 Commissaire
1683 2208 1731 2244 de

220 2266 399 2311 Gucwe),
423 2271 529 2316 cujus
550 2269 788 2304 voluntatem
819 2270 911 2304 mihi
942 2270 1149 2306 Stoeberus
1166 2270 1213 2305 V.
1233 2271 1274 2305 C.
1298 2271 1528 2305 conciliavit.
1589 2270 1731 2305 Raram

218 2342 339 2376 eoque
374 2331 511 2365 summi
546 2330 758 2366 faciendam
794 2333 831 2366 in
863 2333 943 2367 viro
978 2333 1078 2367 illius
1112 2333 1252 2368 ordinis
1289 2333 1462 2379 peritiam
1495 2334 1729 2368 Graecarum

218 2390 429 2425 litterarum
458 2392 702 2440 studiumque
731 2406 858 2429 earum
888 2394 1109 2430 incredibile
1140 2408 1216 2430 non
1247 2408 1400 2443 possum
1432 2397 1504 2431 hoc
1533 2396 1618 2431 loco
1649 2397 1729 2432 sine

219 2454 500 2500 praedicatione
522 2455 684 2501 quadam
708 2469 802 2497 mea,
825 2470 899 2503 qua
920 2456 981 2492 ille
1004 2470 1079 2492 non
1111 2458 1267 2507 indiget,
1291 2459 1559 2494 transmittere.
1618 2460 1728 2508 Mag-

219 2529 310 2551 num
342 2530 362 2551 a
393 2518 584 2554 Brunckio
615 2532 700 2554 meo
731 2520 846 2556 decus
876 2529 1079 2568 acceptura
1108 2522 1155 2557 sit
1181 2522 1412 2570 Anthologia
1438 2524 1598 2563 Graeca,
1622 2525 1728 2571 cujus

218 2579 281 2615 ille
312 2581 436 2615 studio
468 2582 639 2628 inprimis
675 2590 839 2625 tenetur,
871 2584 899 2618 si
932 2597 997 2631 per
1028 2585 1118 2620 alias
1154 2586 1342 2634 graviores
1375 2586 1643 2633 occupationes
1674 2584 1728 2621 illi

217 2642 349 2677 liceret
379 2644 547 2679 animum
579 2646 824 2694 expoliendae
855 2647 942 2683 huic
974 2648 1208 2684 Graecorum
1241 2649 1557 2697 epigrammatum
1590 2649 1728 2684 collec-

219 2706 311 2740 tioni
343 2707 517 2755 adjicere.
578 2708 758 2744 Nondum
785 2710 938 2756 quidem
970 2711 1060 2746 mihi
1093 2711 1197 2747 licuit
1229 2724 1275 2746 ne
1305 2712 1416 2760 hujus
1442 2711 1592 2758 quidem
1623 2724 1728 2758 prae-

218 2769 471 2805 stantissimae
499 2771 675 2806 editionis
703 2772 887 2808 lectiones
916 2774 1068 2820 penitus
1098 2787 1329 2823 cognoscere
1360 2787 1483 2821 neque
1512 2775 1550 2809 in
1582 2775 1726 2822 sylvam

219 2842 342 2864 meam
374 2832 522 2868 referre.
583 2835 655 2869 Sed
687 2843 892 2883 antequam
925 2837 989 2872 illa
1022 2838 1126 2884 sylva
1162 2839 1399 2885 typographo
1430 2837 1648 2873 excudenda
1686 2837 1725 2872 in

220 2903 352 2927 manus
375 2894 555 2936 tradatur,
579 2898 731 2940 curabo,
754 2907 793 2933 ut
818 2899 928 2947 hujus
951 2912 1099 2947 quoque
1129 2901 1313 2936 lectiones
1344 2900 1505 2936 fideliter
1526 2907 1724 2947 excerptae
