1950 3210
519 143 596 182 ni:
631 142 821 182 FALSA
862 141 1218 182 LEGATIONE.
1539 143 1621 182 :3529

110 246 204 286 bilis
226 248 278 287 ob
303 262 419 287 usum
439 248 711 301 comparativi
735 248 872 301 paullo
891 247 1059 287 rarioris
1081 245 1272 299 adjectivi
1298 245 1416 286 καλὸς
1440 245 1618 295 κάγαθός.

112 304 370 343 ΞΟΙΙΛΕΡ.

165 360 260 411 382,
288 371 350 411 27.
385 360 425 399 εὖ
459 361 533 410 γὰρ
570 359 836 409 εἰδέναι-τῆς
872 358 1078 412 ὑμετέρας]
1117 358 1264 399 Citant
1298 357 1456 397 Aneed.
1491 355 1616 394 Bekk.

109 428 146 465 p.
174 426 262 466 151.
288 415 341 454 in.
377 416 636 454 SCIIAEF.

167 469 289 523 τοῦθ’]
314 474 425 509 τοῦτο
450 471 607 509 Anevd.
637 470 763 509 nol-„kz
811 472 1069 510 SCIIAEF.

165 527 260 577 382,
287 527 351 564 28.
384 525 583 578 ὑμετέρας]
619 525 802 576 ἡμετέρας
844 527 966 565 eodd.
1002 526 1184 566 nonnulli
1221 532 1264 566 et
1301 524 1462 565 Anecd.
1488 523 1618 563 Bekk.

110 582 371 621 SCHAEF.

165 638 261 689 383,
283 650 319 677 2.
348 637 452 676 ταῦτ’
472 637 654 686 ἤκουσεν,
677 637 775 687 ἅπερ
798 655 830 676 κ.
847 655 879 677 τ.
897 638 952 691 λ.]
979 638 1069 677 Non
1093 639 1168 677 hoe
1191 638 1278 677 vult
1300 636 1619 683 Demosthenes,

108 693 360 732 Aeschinem
392 693 644 746 Philippum,
670 707 712 732 se
741 693 1019 733 Athvnitmcs
1049 695 1194 733 eadem
1222 694 1422 739 ‹lot-uisse,
1446 692 1620 731 eandem

108 748 343 801 opinionem
372 749 422 788 de
450 748 684 788 mobilitate
712 749 851 802 populi
874 749 1123 789 Aeschinem
1151 750 1351 802 Philippo,
1376 763 1464 787 sese
1489 748 1621 787 Athe·

109 805 321 844 niensibus
342 806 573 858 professum
595 819 707 844 esse:
741 805 813 844 sed
835 820 924 845 sese
942 806 1068 846 verba
1086 805 1306 845 Aeschinis
1329 806 1404 844 hae
1428 805 1478 843 (le
1501 818 1543 843 re
1566 803 1621 843 ad

109 861 309 914 populum
331 861 632 900 Atheniensem
654 860 864 908 detulisse,
889 861 1138 901 Aeschinem
1163 877 1258 901 vero
1290 861 1505 913 sociosque
1532 860 1620 913 ejus

110 917 188 956 illis
208 931 251 957 se
275 917 410 956 verbis
431 931 527 956 usos
548 916 672 956 fuisse
695 930 777 956 non
809 917 993 970 potuisse
1020 932 1185 968 negare.
1230 918 1373 957 Verba
1395 922 1537 956 erant:
1573 917 1622 957 ὡς

110 975 130 1012 ὁ
165 975 239 1023 μὲν
271 974 387 1023 δῆμός
423 974 531 1013 ἐστιν
564 975 696 1025 ὄχλος,
731 991 761 1013 κ.
785 990 817 1013 τ.
846 980 883 1013 λ.
928 975 1191 1014 SEAGER.
1216 973 1331 1013 Βίαν.
1356 972 1526 1013 (Jlassie.
1549 985 1618 1025 54.

111 1044 152 1082 p.
177 1041 225 1068 22
231 1040 269 1082 5.

168 1086 264 1138 383,
287 1097 328 1138 5.
361 1086 409 1127 ὡς
435 1087 454 1124 ὁ
483 1086 555 1135 μὲν
582 1088 697 1135 δῆμός
724 1087 832 1126 ἐστιν
861 1104 892 1126 κ.
913 1103 944 1126 τ.
963 1086 1017 1139 λ.]
1052 1087 1307 1126 Seholiastes
1334 1086 1622 1139 Hermogenes

110 1155 149 1194 p.
177 1154 216 1193 5.
250 1141 452 1190 σκοπήσας
487 1143 529 1180 δὲ
565 1142 722 1193 (Corax
761 1148 874 1194 puta,
907 1141 1099 1181 inventor
1128 1143 1232 1182 artis
1264 1141 1492 1189 oratoriae)
1524 1142 1574 1182 ὡς
1603 1142 1622 1179 ὁ

111 1199 229 1246 δῆμος
262 1197 509 1247 ἀστάθμητον
545 1198 606 1236 καὶ
641 1198 808 1236 ἄτακτον
843 1197 993 1248 πέφυκε
1034 1201 1204 1249 πρᾶγμα,
1243 1199 1303 1238 καὶ
1340 1198 1529 1246 ἐννοήσας
1565 1198 1623 1235 ὅτι

110 1254 230 1304 λόγος
262 1254 370 1292 ἐστὶν
400 1252 429 1306 ᾧ
459 1253 679 1303 ῥυθμίζεται
710 1254 912 1303 ἀνθρώπου
944 1255 1045 1303 βίος,
1080 1255 1276 1303 ἐσκόπησε
1307 1256 1369 1293 διὰ
1405 1255 1526 1303 λόγου
1557 1252 1624 1291 τὸν

112 1311 233 1358 δῆμον
254 1309 316 1348 ἐπὶ
337 1311 383 1348 τὰ
404 1310 615 1359 πρόσφορα
637 1310 698 1348 καὶ
720 1309 949 1359 προτρέπειν
972 1310 1033 1349 καὶ
1055 1310 1300 1360 ἀποτρέπειν.
1363 1309 1564 1348 REISK.

169 1365 529 1418 ἀσταθμητότατον]
567 1364 894 1417 Harpocration,
930 1364 989 1404 ’A.
1028 1366 1115 1416 περὶ
1151 1366 1194 1405 οὗ
1227 1366 1352 1406 οὐδεὶς
1387 1364 1436 1404 ἂν
1472 1365 1625 1403 δύναιτο

111 1420 389 1471 τεκμήρασθαι,
411 1421 498 1460 οὐδὲ
520 1421 822 1470 σταθμήσασθαι
843 1422 882 1460 τί
899 1437 992 1460 ποτε
1015 1424 1237 1467 διανοεῖται,
1256 1420 1277 1470 ἢ
1300 1422 1338 1460 τί
1355 1420 1501 1471 πράξει.
1548 1424 1624 1468 Δη-

111 1477 306 1526 μοσθένης
327 1478 369 1515 ἐν
391 1479 441 1529 τῷ
463 1477 795 1527 παραπρεσβείας.

170 1533 265 1585 383,
289 1533 324 1571 6.
359 1532 693 1585 ἀσυνθετώτατον]
738 1532 1067 1585 Harpocration,
1103 1532 1163 1572 ’A.
1204 1531 1460 1582 Δημοσθένης
1496 1532 1539 1570 ε’ν
1574 1533 1625 1584 τῷ

111 1589 431 1638 παραπρεσβείας
460 1587 517 1627 ἐπ’
541 1589 665 1657 ὄχλου
695 1587 806 1637 ἔταξε
832 1589 1012 1637 τοῦνομα,
1035 1588 1119 1638 ἤτοι
1150 1589 1236 1628 ἀντὶ
1266 1591 1333 1627 τοῦ
1365 1588 1627 1627 ἀπιστότατον

113 1645 174 1682 καὶ
195 1644 498 1693 ἀβεβαιότατον,
523 1644 584 1683 καὶ
605 1644 754 1685 πίστεις
775 1643 820 1683 οὐ
841 1643 1043 1694 τιθεμενον
1065 1646 1127 1683 διὰ
1148 1644 1190 1683 τὸ
1213 1641 1462 1693 ἀβέβαιον,
1443 1661 1466 1692 η
1489 1643 1627 1692 ἄνομό-

111 1704 237 1750 λογον
259 1699 319 1738 καὶ
341 1699 590 1750 ἀσύμφωνον·
625 1699 831 1750 ὁμολογίαι
852 1702 927 1750 γὰρ
949 1701 988 1739 αἱ
1010 1703 1210 1749 συνθηκαι.
1252 1698 1274 1748 ἢ
1297 1700 1382 1738 ἀντὶ
1404 1703 1468 1738 τοῦ
1491 1699 1629 1738 ἀσυνε-

111 1756 296 1801 τώτατον,
322 1755 344 1793 ὅ
375 1754 447 1805 πέρ
477 1756 586 1794 ἐστιν
618 1755 892 1803 ἀνοητότατον.
937 1753 960 1804 η
992 1756 1078 1794 ἀντὶ
1109 1759 1176 1795 τοῦ
1207 1755 1253 1794 ὃν
1283 1755 1455 1804 μάλιστα
1483 1755 1550 1793 οὐκ
1579 1754 1627 1793 ἂν

111 1811 266 1850 δύναιτό
286 1827 341 1852 τις
361 1810 536 1850 σννιέιαι
557 1827 592 1849 τι
613 1826 707 1849 ποτε
728 1814 878 1860 φρονεῖ.
919 1809 1141 1860 “,Ὀμηρος
1149 1812 1225 1850 ’σὺ
1247 1812 1288 1850 δὲ
1310 1811 1452 1849 σύνθεο
1476 1811 1540 1849 καί
1556 1826 1627 1859 μευ

112 1865 317 1905 ἄκουσον.”
379 1865 621 1918 Respondet
646 1865 798 1905 Latino
818 1866 1094 1919 ‘incompositus
1117 1865 1355 1919 (moribus),
1379 1865 1489 1918 quod
1518 1879 1626 1904 eom-

112 1921 279 1974 paravit
301 1921 489 1961 Shilleto.

170 1978 266 2031 383,
293 1989 329 2025 7.
360 1977 527 2031 πνεῦμα]
563 1981 671 2027 κῦμα,
706 1977 817 2030 quod
853 1977 965 2030 apud
1000 1977 1242 2031 Appianum
1276 1976 1440 2029 legitur,
1476 1977 1628 2030 probat

116 2032 528 2086 Sehweighaeuserus
550 2033 604 2072 ad
626 2033 810 2086 Appiani
842 2034 918 2072 vol.
940 2046 980 2086 3.
1004 2048 1044 2086 p.
1068 2039 1160 2082 804.
1226 2029 1332 2072 Mihi
1362 2048 1526 2086 quoque
1547 2033 1628 2072 De-

113 2089 352 2129 mosthenes
373 2088 537 2129 videtur
558 2088 615 2128 sie
637 2094 711 2128 aut
734 2088 947 2142 scripsisse
969 2094 1045 2129 aut
1065 2089 1255 2128 debuisse
1281 2089 1476 2129 seribere.
1542 2088 1627 2129 Nec

115 2144 253 2197 placet
274 2145 465 2185 additum
487 2145 769 2191 ἀκατάστατον,
793 2145 905 2198 quod
927 2145 1017 2184 vide
1047 2160 1098 2185 ne
1124 2145 1249 2184 fuerit
1278 2145 1627 2198 interpretamen-

114 2206 206 2240 tum
228 2201 337 2240 vocis
360 2202 691 2240 ἀσυνθετώτατον.
753 2200 835 2240 Sed
856 2200 1001 2241 vellem
1025 2201 1127 2241 haee
1157 2200 1384 2241 similitudo
1415 2201 1456 2240 in
1488 2201 1627 2241 codiee

115 2256 174 2295 sie
211 2256 367 2309 selipta
404 2255 683 2309 lepeliretur:
717 2257 849 2306 ὥσπερ
884 2258 926 2296 ἐν
957 2257 1129 2312 θαλάττη
1164 2261 1263 2306 κῦμα
1289 2258 1477 2320 πνεύματι
1503 2258 1552 2298 ὡς
1581 2257 1629 2296 ἂν

114 2313 212 2366 τύχη
235 2313 473 2361 κινούμειοι.
522 2311 727 2364 Populum
749 2311 856 2351 enim
877 2312 1091 2366 aptissime
1113 2312 1347 2365 eompzuali
1371 2327 1463 2352 eum
1484 2313 1627 2359 fluctu,

115 2367 391 2421 demagogum
414 2381 506 2406 eum
522 2373 646 2407 vento
669 2367 760 2421 quis
782 2382 863 2406 non
886 2368 1105 2422 intelligit?
1138 2370 1398 2408 SCHAEF.
1460 2369 1628 2421 Conjee-

115 2427 213 2463 tura
240 2437 323 2462 non
354 2423 650 2475 improbabilis
712 2423 835 2464 [erte
865 2428 1015 2474 πνεῦμα
1046 2424 1087 2463 in
1118 2428 1216 2474 κῦμα
1252 2425 1499 2464 mutandum
1535 2439 1628 2464 eum

117 2478 326 2532 Appiano.
384 2479 498 2518 Inha
520 2491 675 2533 p.442‚
698 2490 757 2532 17.
785 2482 1202 2520 τῶν-κλύδωνα-τα
1224 2482 1518 2530 καθεστηκότα
1506 2481 1628 2531 πράγ-

115 2551 218 2584 ματα
238 2534 476 2585 ἡγουμένων.
540 2541 563 2556 ⁴*
588 2535 700 2575 Fons
728 2536 1051 2589 comparationis
1082 2536 1206 2575 Solon
1228 2538 1275 2574 fr.
1306 2537 1366 2575 18.
1393 2538 1479 2588 (ap.
1502 2535 1627 2589 Diog.

119 2590 165 2629 L.
194 2603 227 2637 1,
250 2592 339 2643 50.)
393 2590 517 2630 Certe
537 2590 631 2630 hine
655 2591 862 2630 Herodot.
889 2603 928 2642 7,
954 2591 1039 2630 167³
1099 2592 1281 2630 DOBR.

174 2647 271 2699 383,
293 2646 330 2685 8.
353 2645 442 2685 ἀλλ’
461 2646 547 2685 οὐδὲ
569 2646 771 2698 μέμνηται]
797 2646 951 2685 Locum
969 2647 1078 2686 hune
1096 2646 1229 2686 citans
1248 2646 1488 2686 Alexander
1503 2661 1543 2700 p.
1561 2659 1626 2698 72.

117 2702 316 2741 observat
337 2701 402 2740 hie
425 2701 567 2740 deesse
589 2703 724 2751 οὐδεὶς,
748 2702 859 2755 quod
880 2702 935 2741 sit
957 2702 1300 2742 subaudiendum.
1349 2702 1547 2742 REISK.

175 2761 271 2812 383,
303 2770 360 2796 11.
393 2758 476 2796 οἷον
499 2757 614 2798 αὐτὸς
635 2756 700 2810 δὴ]
727 2758 821 2796 Hoc
843 2757 901 2796 sie
922 2757 1122 2812 intelligo,
1143 2761 1316 2798 τοιοῦτον
1345 2759 1423 2800 οἶος
1452 2758 1563 2800 αὐτὸς
1584 2758 1629 2807 δὴ

120 2814 160 2864 (ὁ
197 2813 396 2852 Φίλιππον
427 2812 651 2863 διδάσκων).
733 2818 755 2834 “
781 2813 903 2853 Your
942 2813 1160 2866 majesty‚'
1192 2828 1263 2867 say
1293 2813 1413 2853 these
1443 2827 1630 2867 persons,

119 2874 144 2890 ‘⁶
166 2872 298 2908 wants
325 2867 420 2908 able
448 2868 680 2922 managels
683 2868 834 2919 (each
862 2868 908 2907 of
932 2869 1048 2909 them
1073 2870 1118 2910 ot
1144 2883 1289 2909 course
1313 2869 1508 2924 meaning
1528 2869 1630 2910 such

117 2938 172 2963 an
194 2937 271 2963 one
291 2938 337 2963 as
358 2923 554 2977 himself)
588 2924 757 2964 DOBR.
802 2924 897 2964 Hoc
920 2939 1042 2964 sensu
1064 2926 1145 2967 οἶος
1166 2926 1280 2968 αὐτὸς
1301 2925 1345 2975 δη
1367 2925 1630 2965 selibendum

842 2995 871 3019 :1
893 2994 933 3019 m
