1935 3205
533 138 926 178 oLYN'rlllAvA
971 137 1178 175 PRIMA.
1559 140 1612 179 Η)

164 257 221 297 17.
246 257 304 295 13.
324 245 409 286 τοὺς
431 247 469 283 δὲ
489 243 698 297 λέγοντας]
723 247 969 296 Quanquam
987 256 1141 285 omncs,
1160 241 1227 294 qui
1249 241 1431 294 aliquam
1449 250 1610 294 partein

99 315 234 340 rerum
263 300 519 354 publicarum
551 300 915 344 administrabant,
943 298 1147 338 rationein
1181 297 1353 336 reddere
1387 298 1608 338 debebant.

97 361 237 396 tamen
253 362 441 396 oratores
457 357 617 397 εὐθύνας
633 370 754 395 sensu
773 354 940 409 proprio
955 355 1021 393 οὐκ
1037 355 1196 393 ἔδωκαν.
1242 353 1322 391 Sed
1339 368 1464 407 quum
1480 354 1524 400 is,
1541 355 1608 406 qni

97 413 327 465 perniciosa
347 412 524 452 suasisse
548 412 768 458 videretur,
787 411 1016 460 ἀπατήσεως
1036 413 1104 449 τοῦ
1124 410 1243 459 δήμου
1263 410 1448 449 accusari
1471 416 1611 462 posset

98 469 266 520 (Meier.
289 469 339 507 de
361 468 432 508 lite
456 469 550 508 Att.
574 483 611 521 p.
628 482 710 518 344
731 475 853 520 supp),
877 467 1003 506 etiam
1025 466 1182 506 oratori
1206 465 1408 505 rationem
1431 466 1609 505 dandam

97 539 186 564 csse
203 525 297 577 juro
319 525 454 564 dicere
478 530 656 577 poterat.
719 524 898 562 Omnino
920 522 990 575 qui
1020 537 1062 561 se
1084 537 1224 562 coram
1253 522 1404 574 populo
1427 522 1612 561 defendit

98 585 141 620 et
162 586 334 621 excusat
356 581 560 621 rationein
584 580 735 620 reddit.
799 579 1010 619 SAUPP.

162 649 220 687 17.
253 651 310 686 ¹4-
335 637 508 691 εὔθυναι]
536 637 673 689 Vulgo
703 637 869 682 εὐθύναι,
893 650 973 688 quo
1001 639 1175 674 accentu
1204 648 1286 672 non
1309 648 1404 674 raro
1435 634 1473 673 in
1502 634 1611 673 codi-

97 693 213 732 cibus
236 693 525 746 veteribusque
559 692 810 732 editionibus
842 691 1048 731 scribitur.
1112 690 1327 729 Bekkerus
1350 690 1477 730 tacite
1501 691 1609 730 εὐθῦ-

98 766 171 788 ναι.
195 750 336 789 εὐθύνα
358 749 478 803 vulgo
503 764 540 802 p.
558 762 576 800 7
594 761 651 797 17.
679 762 742 790 20.
765 748 834 787 ubi
857 766 917 798 γρ.
942 748 1082 786 εὔθυνα
1101 750 1352 786 annotatum
1374 751 1437 786 est
1460 747 1498 785 in
1522 747 1611 785 cod.

100 804 313 853 Bavarico,
348 823 408 856 γρ.
447 806 585 855 εὐθύνη
620 804 659 843 111
690 805 800 858 Aug.
844 817 886 850 1.,
928 803 1139 842 nokkerus
1172 817 1268 841 vero
1306 803 1447 842 εὐθῦνα
1482 802 1611 842 edidit

97 902 191 928 cum
213 889 290 928 hac
311 889 584 928 annotatione
607 894 631 910 ‘⁶
649 887 806 940 εὐθῦιά]
830 888 971 927 εὔθυνα
991 886 1045 924 Y.
1069 900 1101 924 r.
1123 899 1155 925 s,
1179 870 1320 926 εὐθύνό
1342 885 1415 924 ().”
1478 885 1533 924 Et
1556 885 1614 924 sic

99 945 240 984 εὐθῦνα
271 945 471 998 scriptum
502 960 567 998 ap.
601 943 921 998 grammaticum
950 941 1131 981 Bekkeri
1166 957 1206 995 p.
1235 944 1325 992 187,
1347 955 1386 994 3.
1418 941 1487 994 qui
1518 942 1615 991 πρὸς

97 1000 185 1042 τοὺς
227 1005 349 1043 κακῶς
385 1002 575 1052 ἄρξαντας
613 1001 723 1050 ζημία
764 1000 1092 1052 iuterpretatur:
1141 998 1216 1037 nisi
1259 998 1323 1038 hic
1364 997 1613 1051 typothetae

97 1070 214 1096 error
245 1063 321 1105 est,
345 1072 471 1110 quum
495 1057 711 1096 Bckkerus
745 1057 900 1096 εὐθῦναι
931 1070 982 1094 ex
1014 1055 1054 1093 h.
1077 1054 1101 1093 l.
1136 1054 1176 1093 111
1210 1054 1390 1094 indicem
1424 1053 1614 1093 retulerit

97 1127 136 1166 p.
163 1116 281 1167 1376.
344 1113 634 1153 Nominativus
662 1113 800 1161 εὐθύνη
822 1118 885 1151 est
911 1126 976 1164 ap.
1003 1111 1214 1150 Pollucem
1238 1112 1274 1159 8,
1304 1124 1368 1151 21.
1391 1122 1460 1163 45.
1483 1112 1549 1160 67.
1573 1116 1614 1149 et

97 1168 138 1208 in
162 1169 302 1223 Etym.
328 1170 388 1209 M.
410 1185 449 1223 p.
471 1182 567 1222 391.
591 1171 658 1220 56.
720 1168 800 1208 Sed
826 1167 1006 1207 Pollucis
1038 1166 1200 1207 codices
1234 1167 1389 1207 εὐθύνα.
1454 1165 1518 1204 Ex
1552 1166 1615 1205 his

98 1240 224 1278 quum
255 1226 358 1266 satis
390 1231 594 1279 appareat
624 1226 782 1264 formae
816 1225 954 1274 εὐθύνη
989 1223 1290 1263 auctoritatem
1324 1222 1476 1262 nullam
1511 1236 1613 1267 esse,

97 1287 297 1322 accentus
318 1289 459 1322 autem
482 1282 536 1321 illi
565 1283 706 1322 εὐθύνει
733 1286 774 1321 et
805 1281 946 1320 εὐθῦυα
973 1279 1193 1320 manifeste
1216 1279 1350 1319 vitiosi
1381 1278 1464 1317 sint
1486 1278 1614 1317 omni-

98 1353 177 1391 que
203 1338 366 1378 ratione
397 1338 602 1384 destituti,
625 1336 814 1390 sequitur
841 1350 979 1375 veram
1008 1335 1197 1375 vocabuli
1226 1336 1402 1375 forma-m
1433 1348 1522 1374 esse
1556 1336 1616 1374 εὕ-

99 1398 208 1442 θυνα,
232 1409 355 1447 quain
384 1395 540 1434 diserte
564 1393 768 1448 praecipit
796 1392 1020 1432 scholiasta
1044 1391 1340 1432 Demosthenis
1373 1391 1426 1430 ad
1456 1405 1494 1444 p.
1520 1402 1613 1442 717,

101 1463 165 1490 20.
188 1452 274 1502 περὶ
302 1453 343 1490 δὲ
364 1454 432 1491 τοῦ
451 1452 574 1501 λόγου
608 1451 738 1501 (τόνου
762 1449 980 1503 Τη)’101“115)
1007 1451 1072 1498 τῆς
1100 1449 1260 1498 εὐθύνης
1285 1448 1354 1498 ἤδη
1377 1449 1536 1497 εἴπομεν
1556 1446 1616 1486 ὅτι

97 1509 441 1558 προπαροξύνεται.
505 1506 684 1547 Pluralis
705 1506 832 1560 igitur
852 1510 917 1545 est
940 1506 1107 1551 εὔθυναι.
1127 1506 1177 1552 αἱ,
1196 1503 1616 1558 prosperispomenon

98 1567 238 1603 autem
262 1568 325 1603 est
348 1564 517 1610 εὐθῦναι,
541 1565 589 1609 οἱ,
613 1564 666 1603 ab
689 1561 945 1602 nominativo
968 1562 1138 1609 εὐθύνης,
1162 1562 1194 1600 ὁ.

161 1631 222 1671 17,
251 1631 313 1670 17.
349 1620 495 1661 παντὸς
526 1619 655 1673 ἕνεκα]
694 1618 848 1658 Similis
879 1617 1092 1671 peroratio
1128 1616 1330 1657 orationis
1359 1615 1616 1668 Philippicae

98 1675 267 1729 primae,
307 1676 421 1729 νικῴη
457 1676 489 1715 δ’
527 1675 548 1715 ὅ
587 1693 622 1715 τι
658 1678 779 1715 πᾶσιν
813 1673 903 1725 ὑμῖν
937 1674 1079 1722 μέλλει
1120 1674 1333 1712 συνοίσειν.
1376 1676 1419 1712 et
1454 1671 1610 1725 Philip-

100 1731 216 1786 picae
246 1732 409 1779 tertiae,
438 1734 460 1771 ὅ
487 1749 522 1771 τι
549 1731 578 1771 δ’
610 1731 701 1781 ὑμῖν
728 1732 843 1780 δόξει,
871 1729 985 1776 τοῦτ’,
1014 1729 1042 1769 ὦ
1074 1729 1216 1770 πάντες
1243 1730 1337 1774 θεοὶ,
1368 1727 1613 1778 συνενέγκοι.

100 1788 368 1842 “.κΈεοΙ1)’1115
390 1789 541 1843 Agam.
572 1801 660 1842 ¹30·
685 1799 774 1840 137.
802 1800 904 1840 154:
938 1786 981 1825 τὸ
1004 1785 1033 1825 δ’
1059 1786 1100 1825 εὖ
1123 1785 1274 1825 νικάτω.
1336 1783 1531 1824 Clausula
1553 1788 1617 1823 est

99 1859 299 1897 prospera
321 1844 557 1884 ominantis.
589 1844 734 1884 παντὸς
755 1857 851 1883 vero
874 1857 955 1882 non
987 1848 1051 1882 est
1082 1840 1366 1887 masculinum,
1393 1840 1522 1893 (quod
1544 1854 1617 1892 pu-

99 1900 207 1940 tavit
230 1901 289 1939 W
293 1900 411 1940 olfius
443 1905 670 1954 praeeunte
701 1899 904 1952 Ulpiano)
938 1904 985 1938 ut
1019 1898 1180 1945 divites,
1210 1897 1394 1950 juvenes,
1427 1900 1617 1935 oratores

99 1956 414 2011 complectatur,
433 1957 505 1996 sed
527 1961 723 1996 neutrum
743 1970 792 1995 eo
809 1970 932 1995 sensu
953 1954 1124 2001 dictum,
1139 1958 1187 1993 ut
1203 1952 1513 1992 Demosthenes
1534 1965 1617 1990 non

99 2018 266 2053 tantum
283 2013 469 2060 divitum,
488 2014 697 2066 juvenum,
714 2016 928 2051 oratorum
946 2024 1093 2050 caussa
1110 2010 1221 2049 bona
1238 2008 1375 2048 omnia
1394 2022 1436 2047 se
1458 2007 1617 2061 precari

99 2069 319 2122 significet,
341 2070 425 2115 sed7
449 2069 559 2122 quod
581 2069 736 2108 bonum
763 2067 891 2107 civem
919 2067 1050 2111 decet,
1074 2080 1148 2105 nec
1169 2064 1348 2104 hominis
1371 2063 1518 2117 singuli
1541 2078 1616 2103 nec

99 2125 247 2164 civium
282 2125 446 2179 generis
481 2124 644 2164 ratione
685 2124 831 2163 habita
872 2122 1169 2176 rempublicam
1206 2120 1406 2174 sospitem
1445 2134 1534 2159 esse
1576 2124 1617 2159 et

99 2181 246 2221 florere
279 2181 406 2234 cupit.
437 2181 584 2222 παντὸς
616 2181 729 2220 ἕνεκα
760 2179 888 2233 igitur
919 2184 983 2218 est
1012 2178 1123 2232 quod
1154 2192 1228 2217 nos
1261 2176 1434 2216 dicimus
1466 2175 1509 2214 in
1540 2175 1618 2215 alle

110 2238 256 2291 JVe-am
291 2237 340 2277 cf.
359 2238 504 2278 παντὸς
524 2240 680 2286 μᾶλλον
701 2242 743 2275 et
766 2235 950 2275 similia?
983 2233 1196 2274 SAUPP.
1239 2232 1415 2286 Anglice
1431 2231 1599 2284 always.
