1934 3179
258 118 341 159 362
816 119 931 159 PRO
963 118 1213 158 CORONA.

258 222 422 263 Doricis
446 223 681 277 Ionicisque
702 237 784 262 non
805 222 938 262 solum
969 221 1192 261 inferendis
1223 222 1389 263 dialecti
1413 223 1592 288 vulgaris
1613 225 1767 273 formis,

257 279 330 319 sed
370 279 497 319 etiam
533 278 737 333 fingendis
772 293 879 331 quae
919 277 1019 331 ipsis
1056 277 1232 318 Doricae
1275 278 1489 320 Ionicaeve
1530 279 1771 321 viderentur

257 335 432 375 licenter
463 349 552 375 esse
584 338 812 389 grassatos,
835 334 944 387 quod
979 334 1029 374 de
1061 333 1212 373 Ionicis
1245 334 1408 374 ostendi
1443 335 1484 374 in
1517 341 1770 377 commenta—

258 390 370 430 tione
393 391 444 430 de
467 391 646 431 dialecto
669 390 894 429 Herodoti.

316 458 408 499 255„
430 458 494 486 20.
517 446 608 486 Ἐπὶ
624 445 923 496 Ἰερομνάμονος
940 445 1189 499 Βοσπορίχω]
1213 445 1469 485 Oolebantur
1486 446 1677 500 Byzantii
1698 447 1770 487 im-

259 502 402 555 primis
442 502 645 556 Megarici
681 501 752 549 dii,
782 516 957 554 quorum
993 501 1149 540 cultum
1186 501 1263 555 ipsi
1300 501 1433 541 coloni
1466 517 1518 542 ex
1550 504 1770 557 metropoli

257 572 396 596 secum
429 558 649 605 duxerant,
673 562 716 597 et
737 557 887 611 Argivi
920 557 1102 611 quidam,
1125 572 1218 596 cum
1252 557 1377 598 etiam
1405 558 1551 612 Argivi
1584 559 1771 599 homines

258 614 498 654 condendae
534 613 626 653 urbi
662 613 959 661 interfuissent,
990 613 1096 654 conf.
1122 613 1313 654 Muelleri
1336 614 1570 668 Prolegom.
1601 615 1770 668 Mytho-

257 669 336 722 log.
368 684 406 722 p.
430 682 505 722 132
535 683 648 722 seqq.
710 670 970 709 Dicebantul
1000 674 1141 709 autem
1178 669 1365 723 Megalis
1396 671 1634 710 sacerdotes
1663 671 1771 724 Nep-

257 725 347 764 tuni
382 725 668 776 ῖερομνάμονες,
704 730 813 766 teste
848 725 1076 765 Plutalcho
1111 724 1448 779 ς)1111)ος8,8.
1492 727 1771 779 ξ.4.(111111’0

257 795 350 819 cum
372 781 500 820 etiam
522 780 743 834 Bya‘ztntii
734 797 775 821 111
797 781 939 821 littole
961 781 1161 835 templum
1185 781 1368 834 Neptuni
1393 782 1630 829 haberetur
1653 782 1771 822 dubi-

258 836 338 876 tari
372 837 517 889 nequit
552 836 679 876 etiam
712 837 767 877 ibi
802 837 1062 876 sacerdotem
1090 837 1273 890 Neptuni
1309 836 1568 887 ἱερομνάμονα
1600 837 1770 878 dictum.

258 892 401 945 Atque
433 892 598 931 videtur
634 892 668 931 is
702 893 742 931 in
779 892 960 932 maximo
991 893 1147 931 honore
1177 893 1315 934 fuisse.
1341 893 1426 932 fere
1457 898 1504 932 ut
1534 893 1574 932 in
1608 893 1772 934 Siciliae

258 949 429 987 urbibus
456 950 693 999 ἀμφίπολος,
723 948 941 999 ἱεράπολος,
973 950 1180 999 ἱεροθύτης,
1203 948 1294 988 vide
1320 948 1508 988 Mueller.
1533 948 1634 989 Dor.
1659 962 1696 990 2.
1730 964 1768 1003 p.

264 1005 338 1043 168
362 1018 476 1058 seqq.
539 1006 676 1054 Quare
698 1004 825 1044 etiam
846 1019 1072 1057 eponymus
1094 1004 1173 1043 fuit
1204 1009 1247 1044 et
1278 1004 1520 1057 designatus
1551 1009 1614 1044 est
1639 1020 1689 1044 ex
1721 1019 1770 1045 eo

256 1074 402 1106 annus.
438 1064 485 1100 ut
517 1060 582 1099 hic
616 1060 742 1100 vides.
806 1060 872 1099 Sic
903 1061 1013 1113 apud
1044 1060 1185 1112 Polyb.
1217 1074 1256 1110 4.
1283 1073 1350 1113 52.
1385 1060 1562 1114 legitur:
1598 1061 1661 1100 ἐπὶ
1689 1062 1770 1101 Κώ-

259 1119 392 1165 (almos,
416 1119 482 1154 τοῦ
503 1118 820 1167 Καλλιγείτονος,
841 1118 1210 1167 ἱερομνημονοῦντος
1232 1118 1274 1155 ἐν
1291 1117 1340 1169 τῷ
1362 1118 1565 1169 Βυζαντίῳ.
1627 1116 1771 1170 Atque

256 1171 365 1210 idem
396 1172 536 1212 videas
569 1172 610 1210 111
644 1172 789 1219 munis,
828 1173 934 1212 conf.
968 1172 1106 1225 Heyn.
1136 1174 1239 1211 Ant.
1271 1172 1442 1225 Byzant.
1470 1171 1510 1210 in
1539 1172 1769 1213 Comment.

257 1227 450 1281 Gotting.
478 1232 631 1267 recent.
656 1228 731 1267 vol.
760 1242 793 1267 1.
816 1243 851 1267 a.
882 1229 1187 1267 1808—1811.
1224 1243 1262 1281 p.
1290 1230 1327 1266 8.
1390 1227 1590 1267 Similiter
1620 1242 1771 1282 epony-

256 1297 347 1323 mus
369 1284 448 1323 fuit
469 1284 579 1336 apud
604 1284 888 1336 Syracusanos
920 1285 1143 1335 ἀμφίπολος
1163 1283 1294 1331 Jovis,
1320 1284 1369 1322 cf.
1395 1283 1583 1323 Mueller.
1603 1283 1703 1323 Dor.
1731 1297 1769 1325 2.

257 1354 294 1392 p.
329 1342 414 1379 162.
449 1344 491 1379 et
520 1339 742 1393 Agrigenti
781 1342 985 1390 ἱεροθύτης.
1019 1344 1061 1379 et
1089 1340 1214 1379 Gelae
1248 1339 1468 1390 ἱεράπολος,
1501 1340 1550 1378 cf.
1580 1340 1769 1380 Mueller.

258 1395 355 1434 ibid.
393 1411 432 1448 p.
470 1398 554 1445 164.
625 1396 984 1446 Quema({modum
1025 1396 1136 1449 apud
1172 1396 1335 1435 Platon.
1372 1395 1472 1448 Leg.
1509 1407 1569 1434 12.
1602 1410 1640 1448 p.
1674 1406 1768 1448 947.

257 1455 321 1490 est
343 1452 543 1503 ἀρχιερεὺς
567 1451 772 1504 Apollinis
793 1456 837 1491 et
860 1452 980 1495 Solis.
1005 1466 1125 1504 quem
1149 1451 1236 1491 vult
1261 1465 1508 1504 cponymum
1531 1465 1620 1490 esse
1641 1451 1770 1504 philo-

258 1507 424 1559 sophus.
474 1507 697 1546 DISSEN.
762 1507 1086 1560 Harpocration,
1126 1507 1469 1557 ἱερομνήμονες,
1515 1507 1771 1558 Δημοσθένης

256 1564 352 1612 ὑπὲρ
376 1566 663 1613 Κτησιφῶντος.
696 1565 733 1602 οἱ
755 1565 994 1613 πεμπόμενοι
1016 1565 1068 1604 εἷς
1090 1563 1131 1601 τὸ
1152 1566 1228 1602 τῶν
1248 1561 1544 1612 Ἀμφικτυόνων
1566 1562 1771 1614 συνέδριον

258 1617 304 1666 ἐξ
324 1617 487 1667 ἑκάστης
508 1620 659 1659 πόλεως
680 1623 755 1658 τῶν
774 1622 841 1657 τοῦ
863 1620 1064 1669 συνεδρίου
1085 1622 1335 1670 μετεχουσῶν
1354 1620 1450 1657 οὕτω
1474 1621 1693 1664 καλοῦνται,
1717 1620 1769 1661 ὡς

258 1675 385 1724 σαφὲς
406 1678 511 1713 ποιεῖ
531 1676 765 1724 Θεόπομπος
788 1676 830 1713 ἐν
852 1677 895 1724 τῇ
917 1677 1137 1728 τριακοστῇ.
1201 1674 1395 1713 REISK.

316 1731 564 1783 Βοσπορίχω]
608 1730 671 1769 De
707 1730 828 1782 hujus
863 1731 1020 1769 formae
1054 1729 1290 1770 nominibus
1319 1745 1355 1769 v.
1388 1729 1524 1768 Koen.
1561 1729 1615 1769 ad
1643 1730 1767 1784 Greg.

259 1786 351 1824 (lor.
374 1800 412 1838 p.
439 1797 529 1837 291.
591 1786 924 1825 SCHAEFER.

319 1852 410 1894 255.
433 1853 497 1880 21.
532 1843 575 1880 ἐν
596 1844 642 1893 τᾷ
665 1843 775 1894 ἁλίᾳ]
813 1841 1012 1880 Doricum
1035 1856 1183 1881 nomen
1205 1856 1280 1895 pro
1303 1843 1504 1893 ἐκκλησίᾳ,
1521 1845 1767 1894 usurpatum

258 1897 297 1935 111
322 1896 484 1935 Doricis
506 1896 757 1943 civitatibus.
781 1898 830 1937 cf.
857 1898 1043 1937 Mueller.
1068 1898 1168 1937 Dor.
1196 1910 1233 1936 2.
1258 1912 1298 1950 p.
1323 1898 1387 1936 86.
1450 1897 1677 1937 DISSEN.

316 1954 356 1991 ἐκ
379 1956 444 1994 τᾶς
465 1955 614 2006 βωλᾶς]
644 1953 728 1991 Ρ1·0
750 1954 934 2006 γερουσίᾳ
955 1954 1032 1993 1100
1054 1968 1201 1992 nomen
1225 1953 1351 1993 ctiam
1372 1953 1412 1991 in
1436 1952 1599 1993 Derieis
1623 1952 1766 1993 civita-

259 2008 369 2048 tibus
391 2008 456 2047 hic
480 2008 560 2048 illie
583 2008 623 2047 in
645 2024 720 2048 usu
742 2009 832 2048 fuit.
894 2009 1009 2049 Conf.
1037 2009 1224 2048 Mueller.
1247 2009 1345 2048 ibid.
1368 2024 1404 2061 p.
1431 2021 1496 2059 9¹·
1540 2008 1767 2048 DISSEN.

313 2066 452 2112 λαβὼν
499 2064 660 2117 ῥήτραν]
715 2065 773 2103 Η.
816 2079 850 2104 e.
902 2067 1191 2115 προβούλευμα.
1243 2066 1292 2104 ef.
1345 2064 1534 2104 Mueller.
1588 2079 1627 2117 p.
1675 2076 1766 2115 170.

259 2120 341 2159 Alii
366 2120 576 2172 explicant
606 2120 761 2160 veniam
791 2121 962 2169 (licendi,
987 2122 1168 2169 ἐξουσίαν
1197 2124 1264 2159 τοῦ
1297 2122 1434 2165 εἰπεῖν,
1453 2125 1527 2159 aut
1552 2119 1681 2172 τυχῶν
1700 2122 1768 2160 λό-

256 2193 339 2226 γου,
364 2181 410 2215 ut
434 2176 692 2216 Sohaeferus.
755 2176 818 2215 De
852 2191 933 2229 qua
966 2176 1269 2230 significatione
1294 2176 1376 2216 vid.
1406 2176 1576 2215 Gesner.
1603 2176 1656 2215 ad
1687 2175 1767 2216 Lu-

255 2232 360 2271 cian.
389 2232 620 2284 Philopatr.
655 2247 688 2271 0.
716 2245 780 2272 22.
826 2232 1049 2271 DISSEN.
1114 2232 1389 2272 Scribendum
1411 2231 1576 2271 videtur
1606 2231 1765 2282 ῥάτραν.

255 2288 382 2341 Cujus
417 2287 573 2327 formae
606 2288 839 2341 exemplum
876 2293 939 2328 est
976 2288 1017 2327 111
1054 2288 1324 2340 inscriptione
1353 2287 1455 2327 Elea
1485 2302 1550 2340 ap.
1582 2287 1765 2327 Boeckh.

257 2344 377 2395 Oorp.
405 2343 533 2382 lnser.
557 2343 633 2382 vol.
663 2357 695 2382 1.
718 2358 758 2396 p.
784 2347 847 2382 26.

315 2412 336 2440 2
339 2411 364 2451 5
368 2412 407 2452 5.
433 2411 497 2451 23.
522 2398 727 2452 διατελέει]
759 2398 936 2439 Notabis
958 2413 1154 2452 praesens
1176 2402 1349 2438 διατελεῖ
1367 2398 1417 2437 de
1439 2403 1627 2452 tempore
1648 2413 1765 2451 prae—

255 2454 398 2502 terito,
425 2454 493 2507 qui
526 2468 624 2493 usus
652 2469 702 2494 ex
734 2455 826 2495 aliis
858 2455 1154 2508 psephismatis
1181 2454 1378 2494 illustrari
1408 2459 1560 2507 potest.
1625 2454 1692 2494 Sic
1723 2454 1765 2494 in

257 2510 379 2563 Corp.
405 2509 599 2563 Inseript.
623 2510 701 2550 vol.
726 2524 761 2552 2.
786 2526 823 2564 p.
851 2512 944 2552 282.
968 2525 1029 2550 nr.
1051 2523 1099 2563 23
1104 2525 1128 2564 5
1134 2524 1173 2564 3.
1196 2511 1237 2549 in
1259 2510 1540 2563 psephismate
1554 2510 1765 2551 Carthaeo

256 2566 407 2619 legitur
426 2583 433 2605 :
465 2565 625 2615 Ἐπειδὴ
648 2568 876 2617 Κλεόμηλος
899 2568 1157 2616 Κλεοβούλου
1177 2567 1384 2616 Ἀθηναῖος
1409 2567 1596 2616 πρόξενος
1621 2565 1677 2606 ὢν
1697 2569 1763 2616 τῆς

256 2624 407 2664 πόλεως
427 2625 493 2672 τῆς
516 2622 742 2673 Καρθαιέων
774 2623 816 2662 ἕν
842 2640 884 2663 τε
915 2626 966 2677 τῷ
990 2624 1185 2673 ἔμπροσθε
1217 2623 1345 2676 χρόνῳ
1369 2621 1500 2663 εὔνους
1521 2622 1575 2661 ὢν
1595 2625 1770 2662 διατελεῖ

256 2681 306 2730 τῷ
340 2678 443 2730 δήμῳ
477 2678 528 2730 τῷ
553 2678 790 2729 Καρθαιέων.
854 2679 976 2718 Adde
1009 2678 1196 2731 inscript.
1220 2693 1280 2717 nr.
1307 2690 1426 2730 2134.
1448 2678 1490 2716 b.
1522 2692 1560 2730 p.
1589 2678 1692 2729 169„
1721 2681 1764 2717 et

255 2734 337 2774 alia
370 2734 557 2787 exempla
587 2749 613 2773 a
636 2734 877 2774 Thiersehio
910 2739 1058 2774 notata
1090 2734 1130 2772 in
1154 2734 1274 2773 Actis
1297 2734 1493 2773 Aeadem.
1520 2733 1763 2772 Monacens.

256 2790 372 2829 class.
400 2789 897 2843 philosophico-philolog.
923 2791 997 2830 vol.
1019 2804 1050 2830 1.
1076 2805 1112 2829 a.
1138 2791 1253 2843 1835.
1283 2804 1323 2842 p.
1343 2792 1437 2829 620.
1500 2788 1609 2827 Vide
1635 2787 1763 2828 etiam

261 2845 438 2884 Boeekh.
456 2846 509 2885 ad
530 2845 722 2898 lnscript.
746 2846 822 2884 vol.
844 2842 880 2885 2.
904 2861 942 2899 p.
959 2847 1052 2899 785.
1108 2845 1264 2885 Eodem
1281 2845 1403 2884 modo
1421 2844 1529 2883 infra
1549 2858 1588 2897 p.
1606 2845 1697 2895 289.
1720 2843 1761 2883 111

256 2901 535 2953 psephismate
560 2901 854 2941 Demosthenis
888 2906 1142 2953 παραιρεῖται.
1205 2900 1428 2953 Reperitur
1460 2905 1599 2940 tamen
1633 2899 1759 2939 etiam
