<?xml version="1.0" encoding="UTF-8"?>
<!DOCTYPE html PUBLIC "-//W3C//DTD XHTML 1.0 Transitional//EN"
    "http://www.w3.org/TR/xhtml1/DTD/xhtml1-transitional.dtd">
<html xmlns="http://www.w3.org/1999/xhtml" xml:lang="en" lang="en">
 <head>
  <title>
</title>
<meta http-equiv="Content-Type" content="text/html;charset=utf-8" />
  <meta name='ocr-system' content='tesseract 3.04.00' />
  <meta name='ocr-capabilities' content='ocr_page ocr_carea ocr_par ocr_line ocrx_word'/>
</head>
<body>
  <div class='ocr_page' id='page_1' title='image "./operaexrecension05demouoft_0440.png"; bbox 0 0 1934 3179; ppageno 0'>
   <div class='ocr_carea' id='block_1_1' title="bbox 287 121 1244 167">
    <p class='ocr_par' dir='ltr' id='par_1_1' title="bbox 287 121 1244 167">
     <span class='ocr_line' id='line_1_1' title="bbox 287 121 1244 167; baseline 0.006 -8"><span class='ocrx_word' id='word_1_1' title='bbox 287 121 372 161; x_wconf 78' lang='lat'>360</span> <span class='ocrx_word' id='word_1_2' title='bbox 846 125 960 165; x_wconf 88' lang='lat' dir='ltr'>PRO</span> <span class='ocrx_word' id='word_1_3' title='bbox 994 124 1244 167; x_wconf 84' lang='lat' dir='ltr'>CORONA.</span> 
     </span>
    </p>
   </div>
   <div class='ocr_carea' id='block_1_2' title="bbox 282 226 1795 2903">
    <p class='ocr_par' dir='ltr' id='par_1_2' title="bbox 282 226 1795 724">
     <span class='ocr_line' id='line_1_2' title="bbox 284 226 1794 280; baseline 0.004 -17"><span class='ocrx_word' id='word_1_4' title='bbox 284 237 433 277; x_wconf 84' lang='lat' dir='ltr'>genem</span> <span class='ocrx_word' id='word_1_5' title='bbox 454 239 493 278; x_wconf 91' lang='lat' dir='ltr'>p.</span> <span class='ocrx_word' id='word_1_6' title='bbox 515 226 612 277; x_wconf 80' lang='lat'>316.</span> <span class='ocrx_word' id='word_1_7' title='bbox 646 226 850 276; x_wconf 86' lang='grc' dir='ltr'>κράτιστον</span> <span class='ocrx_word' id='word_1_8' title='bbox 880 230 953 277; x_wconf 83' lang='grc' dir='ltr'>μὲν</span> <span class='ocrx_word' id='word_1_9' title='bbox 980 229 1048 267; x_wconf 81' lang='grc' dir='ltr'>οὖν</span> <span class='ocrx_word' id='word_1_10' title='bbox 1081 229 1142 266; x_wconf 83' lang='grc' dir='ltr'>καὶ</span> <span class='ocrx_word' id='word_1_11' title='bbox 1168 228 1211 267; x_wconf 83' lang='grc' dir='ltr'>τὸ</span> <span class='ocrx_word' id='word_1_12' title='bbox 1244 229 1359 278; x_wconf 81' lang='grc' dir='ltr'>δόξαν</span> <span class='ocrx_word' id='word_1_13' title='bbox 1387 231 1473 268; x_wconf 80' lang='grc' dir='ltr'>τινὰ</span> <span class='ocrx_word' id='word_1_14' title='bbox 1502 228 1678 280; x_wconf 83' lang='grc' dir='ltr'>χρηστὴν</span> <span class='ocrx_word' id='word_1_15' title='bbox 1700 229 1794 269; x_wconf 81' lang='grc' dir='ltr'>ἀπο-</span> 
     </span>
     <span class='ocr_line' id='line_1_3' title="bbox 285 282 1792 335; baseline 0.004 -17"><span class='ocrx_word' id='word_1_16' title='bbox 285 282 479 320; x_wconf 79' lang='grc' dir='ltr'>δεικνύναι</span> <span class='ocrx_word' id='word_1_17' title='bbox 499 285 716 330; x_wconf 86' lang='grc' dir='ltr'>περιποιεῖν</span> <span class='ocrx_word' id='word_1_18' title='bbox 738 284 825 322; x_wconf 88' lang='grc' dir='ltr'>τόδε</span> <span class='ocrx_word' id='word_1_19' title='bbox 852 283 894 322; x_wconf 83' lang='grc' dir='ltr'>τὸ</span> <span class='ocrx_word' id='word_1_20' title='bbox 921 287 1078 334; x_wconf 75' lang='grc' dir='ltr'>πρᾶγμα</span> <span class='ocrx_word' id='word_1_21' title='bbox 1104 283 1293 335; x_wconf 79' lang='grc' dir='ltr'>πραχθέν.</span> <span class='ocrx_word' id='word_1_22' title='bbox 1341 286 1375 324; x_wconf 87' lang='grc' dir='ltr'>εἰ</span> <span class='ocrx_word' id='word_1_23' title='bbox 1402 285 1443 324; x_wconf 83' lang='grc' dir='ltr'>δὲ</span> <span class='ocrx_word' id='word_1_24' title='bbox 1469 285 1520 334; x_wconf 80' lang='grc' dir='ltr'>μὴ</span> <span class='ocrx_word' id='word_1_25' title='bbox 1547 288 1658 324; x_wconf 81' lang='grc' dir='ltr'>τοῦτο</span> <span class='ocrx_word' id='word_1_26' title='bbox 1680 286 1792 325; x_wconf 85' lang='grc' dir='ltr'>δυνά-</span> 
     </span>
     <span class='ocr_line' id='line_1_4' title="bbox 284 335 1794 392; baseline 0.004 -18"><span class='ocrx_word' id='word_1_27' title='bbox 284 339 397 384; x_wconf 91' lang='grc' dir='ltr'>μεθα,</span> <span class='ocrx_word' id='word_1_28' title='bbox 436 335 493 376; x_wconf 86' lang='grc' dir='ltr'>ἐπ’</span> <span class='ocrx_word' id='word_1_29' title='bbox 532 338 655 376; x_wconf 82' lang='grc' dir='ltr'>ἐκεῖνο</span> <span class='ocrx_word' id='word_1_30' title='bbox 688 338 884 388; x_wconf 88' lang='grc' dir='ltr'>τρεπτέον,</span> <span class='ocrx_word' id='word_1_31' title='bbox 919 340 977 378; x_wconf 84' lang='grc' dir='ltr'>ὅτι</span> <span class='ocrx_word' id='word_1_32' title='bbox 1013 339 1102 378; x_wconf 86' lang='grc' dir='ltr'>ἀλλ’</span> <span class='ocrx_word' id='word_1_33' title='bbox 1137 339 1212 378; x_wconf 81' lang='grc' dir='ltr'>οὐδ’</span> <span class='ocrx_word' id='word_1_34' title='bbox 1253 341 1444 392; x_wconf 82' lang='grc' dir='ltr'>αἰσχύνην</span> <span class='ocrx_word' id='word_1_35' title='bbox 1476 340 1720 391; x_wconf 85' lang='grc' dir='ltr'>περιποιήσει</span> <span class='ocrx_word' id='word_1_36' title='bbox 1750 343 1794 390; x_wconf 84' lang='grc' dir='ltr'>τῇ</span> 
     </span>
     <span class='ocr_line' id='line_1_5' title="bbox 287 391 1792 449; baseline 0.003 -19"><span class='ocrx_word' id='word_1_37' title='bbox 287 392 413 431; x_wconf 87' lang='grc' dir='ltr'>πόλει.</span> <span class='ocrx_word' id='word_1_38' title='bbox 449 391 653 442; x_wconf 84' lang='grc' dir='ltr'>δριμυτάτη</span> <span class='ocrx_word' id='word_1_39' title='bbox 676 396 748 444; x_wconf 81' lang='grc' dir='ltr'>γὰρ</span> <span class='ocrx_word' id='word_1_40' title='bbox 770 394 792 442; x_wconf 89' lang='grc' dir='ltr'>ἡ</span> <span class='ocrx_word' id='word_1_41' title='bbox 815 397 967 444; x_wconf 86' lang='grc' dir='ltr'>τοιαύτη</span> <span class='ocrx_word' id='word_1_42' title='bbox 987 395 1164 444; x_wconf 82' lang='grc' dir='ltr'>μέθοδος,</span> <span class='ocrx_word' id='word_1_43' title='bbox 1187 393 1210 449; x_wconf 82' lang='grc' dir='ltr'><em>ᾗ</em></span> <span class='ocrx_word' id='word_1_44' title='bbox 1233 397 1294 435; x_wconf 84' lang='grc' dir='ltr'>καὶ</span> <span class='ocrx_word' id='word_1_45' title='bbox 1312 395 1568 445; x_wconf 77' lang='grc' dir='ltr'>Δημοσθένης</span> <span class='ocrx_word' id='word_1_46' title='bbox 1585 395 1792 447; x_wconf 84' lang='grc' dir='ltr'>ἐχρήσατο.</span> 
     </span>
     <span class='ocr_line' id='line_1_6' title="bbox 284 447 1794 505; baseline 0.003 -20"><span class='ocrx_word' id='word_1_47' title='bbox 284 447 476 497; x_wconf 83' lang='grc' dir='ltr'>ἀναγνοὺς</span> <span class='ocrx_word' id='word_1_48' title='bbox 496 450 569 498; x_wconf 80' lang='grc' dir='ltr'>γὰρ</span> <span class='ocrx_word' id='word_1_49' title='bbox 593 449 635 487; x_wconf 85' lang='grc' dir='ltr'>ἐν</span> <span class='ocrx_word' id='word_1_50' title='bbox 648 451 699 502; x_wconf 78' lang='grc' dir='ltr'><em>τῷ</em></span> <span class='ocrx_word' id='word_1_51' title='bbox 721 451 808 499; x_wconf 83' lang='grc' dir='ltr'>περὶ</span> <span class='ocrx_word' id='word_1_52' title='bbox 830 451 1029 500; x_wconf 83' lang='grc' dir='ltr'>στεφάνου</span> <span class='ocrx_word' id='word_1_53' title='bbox 1050 451 1092 489; x_wconf 82' lang='grc' dir='ltr'>τὸ</span> <span class='ocrx_word' id='word_1_54' title='bbox 1115 452 1269 502; x_wconf 72' lang='grc' dir='ltr'>γραφὲν</span> <span class='ocrx_word' id='word_1_55' title='bbox 1286 452 1385 505; x_wconf 74' lang='grc' dir='ltr'>αὐτῷ</span> <span class='ocrx_word' id='word_1_56' title='bbox 1405 453 1500 490; x_wconf 79' lang='grc' dir='ltr'>κατὰ</span> <span class='ocrx_word' id='word_1_57' title='bbox 1517 452 1604 492; x_wconf 79' lang='grc' dir='ltr'>τοὺς</span> <span class='ocrx_word' id='word_1_58' title='bbox 1626 451 1794 502; x_wconf 83' lang='grc' dir='ltr'>ἔμπροσ-</span> 
     </span>
     <span class='ocr_line' id='line_1_7' title="bbox 286 504 1795 559; baseline 0.004 -18"><span class='ocrx_word' id='word_1_59' title='bbox 286 505 354 542; x_wconf 90' lang='grc' dir='ltr'>θεν</span> <span class='ocrx_word' id='word_1_60' title='bbox 383 504 548 554; x_wconf 83' lang='grc' dir='ltr'>χρόνους</span> <span class='ocrx_word' id='word_1_61' title='bbox 579 504 666 554; x_wconf 79' lang='grc' dir='ltr'>περὶ</span> <span class='ocrx_word' id='word_1_62' title='bbox 690 508 757 543; x_wconf 83' lang='grc' dir='ltr'>τοῦ</span> <span class='ocrx_word' id='word_1_63' title='bbox 787 506 986 556; x_wconf 85' lang='grc' dir='ltr'>στεφάνου</span> <span class='ocrx_word' id='word_1_64' title='bbox 1008 506 1209 557; x_wconf 79' lang='grc' dir='ltr'>ψήφισμα,</span> <span class='ocrx_word' id='word_1_65' title='bbox 1237 508 1366 556; x_wconf 78' lang='grc' dir='ltr'>ἐπειδὴ</span> <span class='ocrx_word' id='word_1_66' title='bbox 1393 510 1573 558; x_wconf 80' lang='grc' dir='ltr'>φανερῶς</span> <span class='ocrx_word' id='word_1_67' title='bbox 1599 507 1665 546; x_wconf 84' lang='grc' dir='ltr'>οὐκ</span> <span class='ocrx_word' id='word_1_68' title='bbox 1688 507 1795 559; x_wconf 80' lang='grc' dir='ltr'>εἶχεν</span> 
     </span>
     <span class='ocr_line' id='line_1_8' title="bbox 285 559 1794 616; baseline 0.004 -20"><span class='ocrx_word' id='word_1_69' title='bbox 285 559 484 607; x_wconf 79' lang='grc' dir='ltr'>ἀποδεῖξαι</span> <span class='ocrx_word' id='word_1_70' title='bbox 512 560 570 598; x_wconf 87' lang='grc' dir='ltr'>ὅτι</span> <span class='ocrx_word' id='word_1_71' title='bbox 599 560 659 598; x_wconf 81' lang='grc' dir='ltr'>καὶ</span> <span class='ocrx_word' id='word_1_72' title='bbox 689 560 807 609; x_wconf 79' lang='grc' dir='ltr'>δόξαν</span> <span class='ocrx_word' id='word_1_73' title='bbox 833 564 918 601; x_wconf 81' lang='grc' dir='ltr'>τινὰ</span> <span class='ocrx_word' id='word_1_74' title='bbox 945 563 989 616; x_wconf 78' lang='grc' dir='ltr'>τῇ</span> <span class='ocrx_word' id='word_1_75' title='bbox 1023 563 1137 600; x_wconf 85' lang='grc' dir='ltr'>πόλει</span> <span class='ocrx_word' id='word_1_76' title='bbox 1166 564 1475 613; x_wconf 86' lang='grc' dir='ltr'>περιπεποίηκεν,</span> <span class='ocrx_word' id='word_1_77' title='bbox 1499 562 1563 602; x_wconf 81' lang='grc' dir='ltr'>ἐπὶ</span> <span class='ocrx_word' id='word_1_78' title='bbox 1589 562 1632 601; x_wconf 84' lang='grc' dir='ltr'>τὸ</span> <span class='ocrx_word' id='word_1_79' title='bbox 1663 563 1794 612; x_wconf 84' lang='grc' dir='ltr'>ἕτερον</span> 
     </span>
     <span class='ocr_line' id='line_1_9' title="bbox 284 616 1793 670; baseline 0.003 -18"><span class='ocrx_word' id='word_1_80' title='bbox 284 616 492 663; x_wconf 58' lang='grc' dir='ltr'>μετῆλθεν</span> <span class='ocrx_word' id='word_1_81' title='bbox 532 616 586 656; x_wconf 86' lang='grc' dir='ltr'>τίς</span> <span class='ocrx_word' id='word_1_82' title='bbox 612 616 680 654; x_wconf 73' lang='grc' dir='ltr'>οὖν</span> <span class='ocrx_word' id='word_1_83' title='bbox 707 617 812 665; x_wconf 77' lang='grc' dir='ltr'>ὑμῶν</span> <span class='ocrx_word' id='word_1_84' title='bbox 841 617 944 656; x_wconf 77' lang='grc' dir='ltr'>οἶδεν</span> <span class='ocrx_word' id='word_1_85' title='bbox 975 618 1129 668; x_wconf 81' lang='grc' dir='ltr'>γέλωτα</span> <span class='ocrx_word' id='word_1_86' title='bbox 1159 616 1181 666; x_wconf 73' lang='grc' dir='ltr'>ἢ</span> <span class='ocrx_word' id='word_1_87' title='bbox 1213 619 1442 670; x_wconf 82' lang='grc' dir='ltr'>χλευασμὸν</span> <span class='ocrx_word' id='word_1_88' title='bbox 1471 621 1532 657; x_wconf 80' lang='grc' dir='ltr'>διὰ</span> <span class='ocrx_word' id='word_1_89' title='bbox 1560 620 1669 656; x_wconf 79' lang='grc' dir='ltr'>τοῦτο</span> <span class='ocrx_word' id='word_1_90' title='bbox 1699 634 1793 667; x_wconf 88' lang='grc' dir='ltr'>συμ-</span> 
     </span>
     <span class='ocr_line' id='line_1_10' title="bbox 282 669 878 724; baseline 0.005 -16"><span class='ocrx_word' id='word_1_91' title='bbox 282 669 412 718; x_wconf 82' lang='grc' dir='ltr'>βάντα</span> <span class='ocrx_word' id='word_1_92' title='bbox 433 670 478 724; x_wconf 79' lang='grc' dir='ltr'><em>τῇ</em></span> <span class='ocrx_word' id='word_1_93' title='bbox 499 671 614 710; x_wconf 86' lang='grc' dir='ltr'>πόλει</span> <span class='ocrx_word' id='word_1_94' title='bbox 632 687 642 716; x_wconf 75' lang='lat'>3</span> <span class='ocrx_word' id='word_1_95' title='bbox 683 671 878 711; x_wconf 77' lang='lat' dir='ltr'>REISK.</span> 
     </span>
    </p>

    <p class='ocr_par' dir='ltr' id='par_1_3' title="bbox 283 726 1795 948">
     <span class='ocr_line' id='line_1_11' title="bbox 342 726 1792 782; baseline 0.003 -17"><span class='ocrx_word' id='word_1_96' title='bbox 342 737 363 765; x_wconf 83' lang='lat'><strong>2</strong></span> <span class='ocrx_word' id='word_1_97' title='bbox 367 739 434 777; x_wconf 75' lang='lat'>54,</span> <span class='ocrx_word' id='word_1_98' title='bbox 460 737 495 776; x_wconf 91' lang='lat'>7.</span> <span class='ocrx_word' id='word_1_99' title='bbox 529 726 578 767; x_wconf 83' lang='grc' dir='ltr'>ὡς</span> <span class='ocrx_word' id='word_1_100' title='bbox 599 726 755 781; x_wconf 79' lang='grc' dir='ltr'>ἑτέρως]</span> <span class='ocrx_word' id='word_1_101' title='bbox 790 728 1031 782; x_wconf 75' lang='lat' dir='ltr'>Respondet</span> <span class='ocrx_word' id='word_1_102' title='bbox 1056 729 1207 769; x_wconf 89' lang='lat' dir='ltr'>Latino</span> <span class='ocrx_word' id='word_1_103' title='bbox 1229 744 1348 769; x_wconf 65' lang='lat' dir='ltr'>secus.</span> <span class='ocrx_word' id='word_1_104' title='bbox 1412 729 1563 769; x_wconf 79' lang='lat' dir='ltr'>Similis</span> <span class='ocrx_word' id='word_1_105' title='bbox 1584 729 1792 782; x_wconf 89' lang='lat' dir='ltr'>oppositio</span> 
     </span>
     <span class='ocr_line' id='line_1_12' title="bbox 283 780 1795 837; baseline 0.005 -18"><span class='ocrx_word' id='word_1_106' title='bbox 283 780 391 820; x_wconf 83' lang='lat' dir='ltr'>infra</span> <span class='ocrx_word' id='word_1_107' title='bbox 412 795 449 834; x_wconf 89' lang='lat' dir='ltr'>p.</span> <span class='ocrx_word' id='word_1_108' title='bbox 476 782 568 835; x_wconf 82' lang='lat'>298,</span> <span class='ocrx_word' id='word_1_109' title='bbox 595 794 659 821; x_wconf 79' lang='lat'>21.</span> <span class='ocrx_word' id='word_1_110' title='bbox 693 785 727 822; x_wconf 86' lang='grc' dir='ltr'>εἰ</span> <span class='ocrx_word' id='word_1_111' title='bbox 746 784 818 833; x_wconf 88' lang='grc' dir='ltr'>μέν</span> <span class='ocrx_word' id='word_1_112' title='bbox 839 801 873 823; x_wconf 91' lang='grc' dir='ltr'>τι</span> <span class='ocrx_word' id='word_1_113' title='bbox 894 789 970 823; x_wconf 81' lang='grc' dir='ltr'>τῶν</span> <span class='ocrx_word' id='word_1_114' title='bbox 991 786 1158 824; x_wconf 79' lang='grc' dir='ltr'>δεόντων</span> <span class='ocrx_word' id='word_1_115' title='bbox 1181 785 1504 837; x_wconf 80' lang='grc' dir='ltr'>ἐπράχθη,--τῶν</span> <span class='ocrx_word' id='word_1_116' title='bbox 1526 783 1556 824; x_wconf 74' lang='grc' dir='ltr'>δ’</span> <span class='ocrx_word' id='word_1_117' title='bbox 1580 785 1629 826; x_wconf 82' lang='grc' dir='ltr'>ὡς</span> <span class='ocrx_word' id='word_1_118' title='bbox 1656 785 1795 835; x_wconf 76' lang='grc' dir='ltr'>ἑτέρως</span> 
     </span>
     <span class='ocr_line' id='line_1_13' title="bbox 284 836 1789 894; baseline 0.003 -19"><span class='ocrx_word' id='word_1_119' title='bbox 284 836 586 886; x_wconf 81' lang='grc' dir='ltr'>συμβάντων-.</span> <span class='ocrx_word' id='word_1_120' title='bbox 635 838 786 878; x_wconf 92' lang='lat' dir='ltr'>Utitur</span> <span class='ocrx_word' id='word_1_121' title='bbox 802 845 945 879; x_wconf 90' lang='lat' dir='ltr'>nostro</span> <span class='ocrx_word' id='word_1_122' title='bbox 962 840 1051 880; x_wconf 90' lang='lat' dir='ltr'>loco</span> <span class='ocrx_word' id='word_1_123' title='bbox 1067 840 1370 880; x_wconf 75' lang='lat' dir='ltr'>Valckenarius</span> <span class='ocrx_word' id='word_1_124' title='bbox 1388 841 1525 880; x_wconf 88' lang='lat' dir='ltr'>Diatr.</span> <span class='ocrx_word' id='word_1_125' title='bbox 1542 839 1733 894; x_wconf 86' lang='lat' dir='ltr'>Euripid.</span> <span class='ocrx_word' id='word_1_126' title='bbox 1749 855 1789 894; x_wconf 92' lang='lat' dir='ltr'>p.</span> 
     </span>
     <span class='ocr_line' id='line_1_14' title="bbox 298 893 1551 948; baseline 0.004 -18"><span class='ocrx_word' id='word_1_127' title='bbox 298 906 305 930; x_wconf 94' lang='grc'>1</span> <span class='ocrx_word' id='word_1_128' title='bbox 325 905 385 932; x_wconf 79' lang='lat'>12.</span> <span class='ocrx_word' id='word_1_129' title='bbox 402 893 462 940; x_wconf 65' lang='lat' dir='ltr'>C.⁹</span> <span class='ocrx_word' id='word_1_130' title='bbox 484 893 553 932; x_wconf 90' lang='lat' dir='ltr'>ubi</span> <span class='ocrx_word' id='word_1_131' title='bbox 575 894 682 934; x_wconf 92' lang='lat' dir='ltr'>hunc</span> <span class='ocrx_word' id='word_1_132' title='bbox 704 895 1031 948; x_wconf 88' lang='lat' dir='ltr'>euphemismmn</span> <span class='ocrx_word' id='word_1_133' title='bbox 1052 896 1245 936; x_wconf 84' lang='lat' dir='ltr'>illustrat.</span> <span class='ocrx_word' id='word_1_134' title='bbox 1296 896 1551 937; x_wconf 83' lang='lat' dir='ltr'>SOHAEF.</span> 
     </span>
    </p>

    <p class='ocr_par' dir='ltr' id='par_1_4' title="bbox 286 950 1794 1058">
     <span class='ocr_line' id='line_1_15' title="bbox 344 950 1794 1006; baseline 0.003 -20"><span class='ocrx_word' id='word_1_135' title='bbox 344 961 435 1001; x_wconf 78' lang='lat'>254,</span> <span class='ocrx_word' id='word_1_136' title='bbox 462 962 472 987; x_wconf 92' lang='lat'>1</span> <span class='ocrx_word' id='word_1_137' title='bbox 490 961 520 988; x_wconf 91' lang='lat'>1.</span> <span class='ocrx_word' id='word_1_138' title='bbox 547 950 744 1003; x_wconf 84' lang='grc' dir='ltr'>πράττειν]</span> <span class='ocrx_word' id='word_1_139' title='bbox 776 951 986 991; x_wconf 86' lang='lat' dir='ltr'>Infinitivo</span> <span class='ocrx_word' id='word_1_140' title='bbox 1008 953 1310 1003; x_wconf 79' lang='grc' dir='ltr'>ἀνωμολόγημαι</span> <span class='ocrx_word' id='word_1_141' title='bbox 1326 952 1517 1006; x_wconf 82' lang='lat' dir='ltr'>jungitur</span> <span class='ocrx_word' id='word_1_142' title='bbox 1538 951 1664 991; x_wconf 91' lang='lat' dir='ltr'>etiam</span> <span class='ocrx_word' id='word_1_143' title='bbox 1686 951 1794 991; x_wconf 88' lang='lat' dir='ltr'>infra</span> 
     </span>
     <span class='ocr_line' id='line_1_16' title="bbox 286 1006 836 1058; baseline 0.009 -17"><span class='ocrx_word' id='word_1_144' title='bbox 286 1019 324 1056; x_wconf 88' lang='lat' dir='ltr'>p.</span> <span class='ocrx_word' id='word_1_145' title='bbox 349 1017 444 1058; x_wconf 79' lang='lat'>315,</span> <span class='ocrx_word' id='word_1_146' title='bbox 469 1018 529 1057; x_wconf 79' lang='lat'>13.</span> <span class='ocrx_word' id='word_1_147' title='bbox 582 1006 836 1046; x_wconf 84' lang='lat' dir='ltr'>SCHAEF.</span> 
     </span>
    </p>

    <p class='ocr_par' dir='ltr' id='par_1_5' title="bbox 282 1062 1794 1451">
     <span class='ocr_line' id='line_1_17' title="bbox 342 1062 1791 1116; baseline 0.003 -18"><span class='ocrx_word' id='word_1_148' title='bbox 342 1072 437 1112; x_wconf 82' lang='lat'>254,</span> <span class='ocrx_word' id='word_1_149' title='bbox 464 1073 526 1100; x_wconf 86' lang='lat'>20.</span> <span class='ocrx_word' id='word_1_150' title='bbox 560 1063 653 1115; x_wconf 92' lang='grc' dir='ltr'>σίτῳ</span> <span class='ocrx_word' id='word_1_151' title='bbox 674 1062 830 1102; x_wconf 82' lang='grc' dir='ltr'>πάντων</span> <span class='ocrx_word' id='word_1_152' title='bbox 852 1064 1066 1113; x_wconf 87' lang='grc' dir='ltr'>ἀνθρώπων</span> <span class='ocrx_word' id='word_1_153' title='bbox 1087 1065 1258 1116; x_wconf 80' lang='grc' dir='ltr'>πλείστῳ</span> <span class='ocrx_word' id='word_1_154' title='bbox 1279 1064 1444 1116; x_wconf 77' lang='grc' dir='ltr'>χρώμεθ’</span> <span class='ocrx_word' id='word_1_155' title='bbox 1469 1063 1700 1116; x_wconf 78' lang='grc' dir='ltr'>ἐπεισάκτῳ]</span> <span class='ocrx_word' id='word_1_156' title='bbox 1731 1062 1791 1103; x_wconf 86' lang='lat' dir='ltr'>Cf.</span> 
     </span>
     <span class='ocr_line' id='line_1_18' title="bbox 285 1115 1789 1171; baseline 0.003 -16"><span class='ocrx_word' id='word_1_157' title='bbox 285 1115 403 1156; x_wconf 90' lang='lat' dir='ltr'>Orat.</span> <span class='ocrx_word' id='word_1_158' title='bbox 425 1116 518 1156; x_wconf 90' lang='lat' dir='ltr'>adv.</span> <span class='ocrx_word' id='word_1_159' title='bbox 544 1117 663 1171; x_wconf 88' lang='lat' dir='ltr'>Lept.</span> <span class='ocrx_word' id='word_1_160' title='bbox 687 1133 728 1171; x_wconf 90' lang='lat' dir='ltr'>p.</span> <span class='ocrx_word' id='word_1_161' title='bbox 751 1121 846 1170; x_wconf 81' lang='lat'>466,</span> <span class='ocrx_word' id='word_1_162' title='bbox 873 1131 937 1157; x_wconf 82' lang='lat'>22.</span> <span class='ocrx_word' id='word_1_163' title='bbox 972 1125 1014 1159; x_wconf 92' lang='lat' dir='ltr'>et</span> <span class='ocrx_word' id='word_1_164' title='bbox 1038 1119 1294 1159; x_wconf 87' lang='lat' dir='ltr'>Boeckhium</span> <span class='ocrx_word' id='word_1_165' title='bbox 1323 1120 1373 1159; x_wconf 88' lang='lat' dir='ltr'>de</span> <span class='ocrx_word' id='word_1_166' title='bbox 1396 1119 1547 1159; x_wconf 86' lang='lat' dir='ltr'>Oecon.</span> <span class='ocrx_word' id='word_1_167' title='bbox 1571 1119 1728 1159; x_wconf 87' lang='lat' dir='ltr'>Athen.</span> <span class='ocrx_word' id='word_1_168' title='bbox 1756 1132 1789 1159; x_wconf 87' lang='lat'>1.</span> 
     </span>
     <span class='ocr_line' id='line_1_19' title="bbox 283 1172 1794 1228; baseline 0.003 -18"><span class='ocrx_word' id='word_1_169' title='bbox 283 1186 322 1225; x_wconf 90' lang='lat' dir='ltr'>p.</span> <span class='ocrx_word' id='word_1_170' title='bbox 347 1172 425 1221; x_wconf 72' lang='lat'>84.,</span> <span class='ocrx_word' id='word_1_171' title='bbox 450 1172 518 1225; x_wconf 89' lang='lat' dir='ltr'>qui</span> <span class='ocrx_word' id='word_1_172' title='bbox 541 1173 625 1212; x_wconf 86' lang='lat' dir='ltr'>fere</span> <span class='ocrx_word' id='word_1_173' title='bbox 653 1174 788 1213; x_wconf 88' lang='lat' dir='ltr'>decies</span> <span class='ocrx_word' id='word_1_174' title='bbox 817 1180 993 1214; x_wconf 83' lang='lat' dir='ltr'>centena</span> <span class='ocrx_word' id='word_1_175' title='bbox 1017 1174 1143 1215; x_wconf 89' lang='lat' dir='ltr'>millia</span> <span class='ocrx_word' id='word_1_176' title='bbox 1169 1178 1363 1225; x_wconf 84' lang='grc' dir='ltr'>μεδίμνων</span> <span class='ocrx_word' id='word_1_177' title='bbox 1384 1176 1609 1228; x_wconf 78' lang='lat' dir='ltr'>quotannis</span> <span class='ocrx_word' id='word_1_178' title='bbox 1630 1175 1794 1214; x_wconf 84' lang='lat' dir='ltr'>invecta</span> 
     </span>
     <span class='ocr_line' id='line_1_20' title="bbox 282 1231 1793 1285; baseline 0.002 -19"><span class='ocrx_word' id='word_1_179' title='bbox 282 1232 418 1280; x_wconf 88' lang='lat' dir='ltr'>putat,</span> <span class='ocrx_word' id='word_1_180' title='bbox 442 1242 617 1282; x_wconf 88' lang='lat' dir='ltr'>quorum</span> <span class='ocrx_word' id='word_1_181' title='bbox 645 1244 839 1284; x_wconf 79' lang='lat' dir='ltr'>magnam</span> <span class='ocrx_word' id='word_1_182' title='bbox 872 1236 1034 1284; x_wconf 87' lang='lat' dir='ltr'>partem</span> <span class='ocrx_word' id='word_1_183' title='bbox 1065 1231 1253 1285; x_wconf 83' lang='lat' dir='ltr'>regiones</span> <span class='ocrx_word' id='word_1_184' title='bbox 1277 1232 1499 1285; x_wconf 79' lang='lat' dir='ltr'>frugiferae</span> <span class='ocrx_word' id='word_1_185' title='bbox 1528 1232 1582 1272; x_wconf 89' lang='lat' dir='ltr'>ad</span> <span class='ocrx_word' id='word_1_186' title='bbox 1609 1232 1793 1270; x_wconf 87' lang='lat' dir='ltr'>Pontum</span> 
     </span>
     <span class='ocr_line' id='line_1_21' title="bbox 284 1284 1792 1339; baseline 0.002 -17"><span class='ocrx_word' id='word_1_187' title='bbox 284 1289 326 1323; x_wconf 90' lang='lat' dir='ltr'>et</span> <span class='ocrx_word' id='word_1_188' title='bbox 351 1284 650 1337; x_wconf 84' lang='lat' dir='ltr'>Propontidem</span> <span class='ocrx_word' id='word_1_189' title='bbox 682 1286 1020 1339; x_wconf 79' lang='lat' dir='ltr'>suppeditabant.</span> <span class='ocrx_word' id='word_1_190' title='bbox 1081 1287 1302 1327; x_wconf 80' lang='lat' dir='ltr'>Caeterum</span> <span class='ocrx_word' id='word_1_191' title='bbox 1333 1288 1383 1327; x_wconf 90' lang='lat' dir='ltr'>de</span> <span class='ocrx_word' id='word_1_192' title='bbox 1406 1302 1440 1327; x_wconf 84' lang='lat' dir='ltr'>v.</span> <span class='ocrx_word' id='word_1_193' title='bbox 1466 1288 1704 1333; x_wconf 85' lang='grc' dir='ltr'>ἐπείσακτος,</span> <span class='ocrx_word' id='word_1_194' title='bbox 1728 1286 1792 1325; x_wconf 84' lang='grc'><strong>0111</strong></span> 
     </span>
     <span class='ocr_line' id='line_1_22' title="bbox 285 1339 1793 1396; baseline 0.002 -18"><span class='ocrx_word' id='word_1_195' title='bbox 285 1339 522 1392; x_wconf 88' lang='lat' dir='ltr'>oppositum</span> <span class='ocrx_word' id='word_1_196' title='bbox 556 1342 736 1392; x_wconf 76' lang='grc' dir='ltr'>ἔμφυτος,</span> <span class='ocrx_word' id='word_1_197' title='bbox 773 1343 971 1394; x_wconf 80' lang='grc' dir='ltr'>ἐγχώριος,</span> <span class='ocrx_word' id='word_1_198' title='bbox 999 1343 1079 1382; x_wconf 85' lang='lat' dir='ltr'>vid.</span> <span class='ocrx_word' id='word_1_199' title='bbox 1108 1344 1328 1396; x_wconf 81' lang='lat' dir='ltr'>VVyttenb.</span> <span class='ocrx_word' id='word_1_200' title='bbox 1359 1343 1412 1383; x_wconf 89' lang='lat' dir='ltr'>ad</span> <span class='ocrx_word' id='word_1_201' title='bbox 1448 1343 1661 1383; x_wconf 77' lang='lat' dir='ltr'>Plutarch.</span> <span class='ocrx_word' id='word_1_202' title='bbox 1692 1342 1793 1381; x_wconf 87' lang='lat' dir='ltr'>Ani-</span> 
     </span>
     <span class='ocr_line' id='line_1_23' title="bbox 285 1395 1012 1451; baseline 0.006 -18"><span class='ocrx_word' id='word_1_203' title='bbox 285 1395 419 1435; x_wconf 88' lang='lat' dir='ltr'>madv.</span> <span class='ocrx_word' id='word_1_204' title='bbox 440 1410 481 1449; x_wconf 91' lang='lat' dir='ltr'>p.</span> <span class='ocrx_word' id='word_1_205' title='bbox 505 1409 588 1449; x_wconf 76' lang='lat'>319</span> <span class='ocrx_word' id='word_1_206' title='bbox 611 1412 721 1451; x_wconf 87' lang='lat' dir='ltr'>seqq.</span> <span class='ocrx_word' id='word_1_207' title='bbox 786 1398 1012 1437; x_wconf 76' lang='lat' dir='ltr'>DISSEN.</span> 
     </span>
    </p>

    <p class='ocr_par' dir='ltr' id='par_1_6' title="bbox 286 1453 1793 1618">
     <span class='ocr_line' id='line_1_24' title="bbox 343 1453 1793 1508; baseline 0.002 -18"><span class='ocrx_word' id='word_1_208' title='bbox 343 1453 627 1505; x_wconf 76' lang='grc' dir='ltr'>ἐπιτειχισμὸν]</span> <span class='ocrx_word' id='word_1_209' title='bbox 668 1455 931 1505; x_wconf 80' lang='grc' dir='ltr'>ἐπιτειχισμὸς</span> <span class='ocrx_word' id='word_1_210' title='bbox 952 1454 991 1494; x_wconf 91' lang='lat' dir='ltr'>h.</span> <span class='ocrx_word' id='word_1_211' title='bbox 1013 1455 1036 1493; x_wconf 86' lang='lat' dir='ltr'>l.</span> <span class='ocrx_word' id='word_1_212' title='bbox 1062 1469 1141 1493; x_wconf 88' lang='lat' dir='ltr'>non</span> <span class='ocrx_word' id='word_1_213' title='bbox 1176 1455 1343 1508; x_wconf 90' lang='lat' dir='ltr'>proprio</span> <span class='ocrx_word' id='word_1_214' title='bbox 1372 1469 1493 1494; x_wconf 86' lang='lat' dir='ltr'>sensu</span> <span class='ocrx_word' id='word_1_215' title='bbox 1523 1454 1687 1502; x_wconf 83' lang='lat' dir='ltr'>dicitur,</span> <span class='ocrx_word' id='word_1_216' title='bbox 1712 1469 1793 1508; x_wconf 91' lang='lat' dir='ltr'>quo</span> 
     </span>
     <span class='ocr_line' id='line_1_25' title="bbox 286 1507 1793 1564; baseline 0.004 -20"><span class='ocrx_word' id='word_1_217' title='bbox 286 1507 420 1546; x_wconf 81' lang='lat' dir='ltr'>locum</span> <span class='ocrx_word' id='word_1_218' title='bbox 442 1508 648 1548; x_wconf 91' lang='lat' dir='ltr'>munitum</span> <span class='ocrx_word' id='word_1_219' title='bbox 671 1523 692 1548; x_wconf 90' lang='lat' dir='ltr'>e</span> <span class='ocrx_word' id='word_1_220' title='bbox 710 1509 860 1549; x_wconf 75' lang='lat' dir='ltr'>vicinia</span> <span class='ocrx_word' id='word_1_221' title='bbox 881 1510 1088 1549; x_wconf 83' lang='lat' dir='ltr'>hostiliter</span> <span class='ocrx_word' id='word_1_222' title='bbox 1109 1510 1390 1550; x_wconf 84' lang='lat' dir='ltr'>imminentem</span> <span class='ocrx_word' id='word_1_223' title='bbox 1413 1510 1632 1564; x_wconf 81' lang='lat' dir='ltr'>significat.</span> <span class='ocrx_word' id='word_1_224' title='bbox 1660 1512 1793 1561; x_wconf 79' lang='grc' dir='ltr'>ἕτερον</span> 
     </span>
     <span class='ocr_line' id='line_1_26' title="bbox 286 1562 1208 1618; baseline 0.004 -17"><span class='ocrx_word' id='word_1_225' title='bbox 286 1562 415 1615; x_wconf 79' lang='lat' dir='ltr'>igitur</span> <span class='ocrx_word' id='word_1_226' title='bbox 436 1569 595 1603; x_wconf 87' lang='lat' dir='ltr'>vertam</span> <span class='ocrx_word' id='word_1_227' title='bbox 615 1564 722 1604; x_wconf 71' lang='lat' dir='ltr'>alius</span> <span class='ocrx_word' id='word_1_228' title='bbox 739 1567 905 1618; x_wconf 49' lang='lat' dir='ltr'>mazeris.</span> <span class='ocrx_word' id='word_1_229' title='bbox 959 1566 1208 1605; x_wconf 76' lang='lat' dir='ltr'>SCHAEF.</span> 
     </span>
    </p>

    <p class='ocr_par' dir='ltr' id='par_1_7' title="bbox 285 1621 1793 2344">
     <span class='ocr_line' id='line_1_27' title="bbox 346 1621 1792 1675; baseline 0.003 -18"><span class='ocrx_word' id='word_1_230' title='bbox 346 1631 438 1670; x_wconf 78' lang='lat'>254,</span> <span class='ocrx_word' id='word_1_231' title='bbox 456 1632 519 1672; x_wconf 77' lang='lat'>23.</span> <span class='ocrx_word' id='word_1_232' title='bbox 543 1621 790 1672; x_wconf 78' lang='grc' dir='ltr'>Βυζαντίους]</span> <span class='ocrx_word' id='word_1_233' title='bbox 818 1621 924 1661; x_wconf 86' lang='lat' dir='ltr'>Post</span> <span class='ocrx_word' id='word_1_234' title='bbox 947 1621 1218 1675; x_wconf 81' lang='lat' dir='ltr'>Selymbriam</span> <span class='ocrx_word' id='word_1_235' title='bbox 1241 1622 1304 1661; x_wconf 88' lang='lat' dir='ltr'>Ol.</span> <span class='ocrx_word' id='word_1_236' title='bbox 1330 1636 1416 1674; x_wconf 69' lang='lat'>109,</span> <span class='ocrx_word' id='word_1_237' title='bbox 1432 1636 1470 1672; x_wconf 81' lang='lat'>4.</span> <span class='ocrx_word' id='word_1_238' title='bbox 1493 1636 1602 1661; x_wconf 89' lang='lat' dir='ltr'>anno</span> <span class='ocrx_word' id='word_1_239' title='bbox 1624 1622 1792 1662; x_wconf 88' lang='lat' dir='ltr'>ineunte</span> 
     </span>
     <span class='ocr_line' id='line_1_28' title="bbox 286 1675 1790 1729; baseline 0.002 -15"><span class='ocrx_word' id='word_1_240' title='bbox 286 1675 468 1714; x_wconf 85' lang='lat' dir='ltr'>clausam</span> <span class='ocrx_word' id='word_1_241' title='bbox 490 1675 715 1721; x_wconf 88' lang='lat' dir='ltr'>obsidione,</span> <span class='ocrx_word' id='word_1_242' title='bbox 739 1676 828 1729; x_wconf 89' lang='lat' dir='ltr'>ipsa</span> <span class='ocrx_word' id='word_1_243' title='bbox 856 1677 987 1716; x_wconf 89' lang='lat' dir='ltr'>hieme</span> <span class='ocrx_word' id='word_1_244' title='bbox 1009 1678 1106 1717; x_wconf 84' lang='lat' dir='ltr'>anni</span> <span class='ocrx_word' id='word_1_245' title='bbox 1133 1683 1207 1717; x_wconf 90' lang='lat' dir='ltr'>aut</span> <span class='ocrx_word' id='word_1_246' title='bbox 1229 1692 1323 1717; x_wconf 79' lang='lat' dir='ltr'>vere</span> <span class='ocrx_word' id='word_1_247' title='bbox 1348 1692 1420 1716; x_wconf 89' lang='lat' dir='ltr'>rex</span> <span class='ocrx_word' id='word_1_248' title='bbox 1445 1677 1692 1718; x_wconf 84' lang='lat' dir='ltr'>Perinthum</span> <span class='ocrx_word' id='word_1_249' title='bbox 1715 1677 1790 1717; x_wconf 89' lang='lat' dir='ltr'>ad-</span> 
     </span>
     <span class='ocr_line' id='line_1_29' title="bbox 286 1732 1793 1780; baseline 0.001 -10"><span class='ocrx_word' id='word_1_250' title='bbox 286 1736 403 1770; x_wconf 80' lang='lat' dir='ltr'>ortus</span> <span class='ocrx_word' id='word_1_251' title='bbox 428 1736 504 1774; x_wconf 78' lang='lat' dir='ltr'>est,</span> <span class='ocrx_word' id='word_1_252' title='bbox 528 1732 599 1771; x_wconf 84' lang='lat' dir='ltr'>sed</span> <span class='ocrx_word' id='word_1_253' title='bbox 630 1732 787 1772; x_wconf 85' lang='lat' dir='ltr'>restitit</span> <span class='ocrx_word' id='word_1_254' title='bbox 816 1733 915 1772; x_wconf 88' lang='lat' dir='ltr'>urbs</span> <span class='ocrx_word' id='word_1_255' title='bbox 946 1733 1114 1773; x_wconf 87' lang='lat' dir='ltr'>defensa</span> <span class='ocrx_word' id='word_1_256' title='bbox 1145 1734 1241 1780; x_wconf 89' lang='lat' dir='ltr'>situ,</span> <span class='ocrx_word' id='word_1_257' title='bbox 1264 1734 1419 1773; x_wconf 83' lang='lat' dir='ltr'>virtute</span> <span class='ocrx_word' id='word_1_258' title='bbox 1447 1733 1606 1780; x_wconf 80' lang='lat' dir='ltr'>civium,</span> <span class='ocrx_word' id='word_1_259' title='bbox 1629 1732 1793 1772; x_wconf 87' lang='lat' dir='ltr'>auxiliis</span> 
     </span>
     <span class='ocr_line' id='line_1_30' title="bbox 288 1786 1790 1842; baseline 0.002 -17"><span class='ocrx_word' id='word_1_260' title='bbox 288 1786 583 1839; x_wconf 72' lang='lat' dir='ltr'>Byzantiorum</span> <span class='ocrx_word' id='word_1_261' title='bbox 615 1792 743 1840; x_wconf 84' lang='lat' dir='ltr'>atque</span> <span class='ocrx_word' id='word_1_262' title='bbox 776 1788 902 1828; x_wconf 88' lang='lat' dir='ltr'>etiam</span> <span class='ocrx_word' id='word_1_263' title='bbox 935 1794 1198 1842; x_wconf 84' lang='lat' dir='ltr'>satraparum</span> <span class='ocrx_word' id='word_1_264' title='bbox 1232 1789 1507 1834; x_wconf 72' lang='lat' dir='ltr'>Persicorum,</span> <span class='ocrx_word' id='word_1_265' title='bbox 1540 1789 1590 1828; x_wconf 85' lang='lat' dir='ltr'>cf.</span> <span class='ocrx_word' id='word_1_266' title='bbox 1618 1789 1790 1828; x_wconf 88' lang='lat' dir='ltr'>Diodor.</span> 
     </span>
     <span class='ocr_line' id='line_1_31' title="bbox 294 1844 1793 1898; baseline 0.003 -18"><span class='ocrx_word' id='word_1_267' title='bbox 294 1844 354 1890; x_wconf 85' lang='grc'>16,</span> <span class='ocrx_word' id='word_1_268' title='bbox 380 1854 432 1894; x_wconf 70' lang='lat'>74</span> <span class='ocrx_word' id='word_1_269' title='bbox 452 1857 564 1896; x_wconf 82' lang='lat' dir='ltr'>seqq.</span> <span class='ocrx_word' id='word_1_270' title='bbox 625 1844 880 1884; x_wconf 85' lang='lat' dir='ltr'>Continuata</span> <span class='ocrx_word' id='word_1_271' title='bbox 907 1844 1035 1898; x_wconf 75' lang='lat' dir='ltr'>igitur</span> <span class='ocrx_word' id='word_1_272' title='bbox 1063 1859 1136 1898; x_wconf 89' lang='lat' dir='ltr'>per</span> <span class='ocrx_word' id='word_1_273' title='bbox 1162 1850 1248 1884; x_wconf 87' lang='lat' dir='ltr'>tres</span> <span class='ocrx_word' id='word_1_274' title='bbox 1269 1850 1518 1897; x_wconf 76' lang='lat' dir='ltr'>quattuorve</span> <span class='ocrx_word' id='word_1_275' title='bbox 1540 1858 1701 1884; x_wconf 86' lang='lat' dir='ltr'>menses</span> <span class='ocrx_word' id='word_1_276' title='bbox 1722 1845 1793 1884; x_wconf 92' lang='lat' dir='ltr'>ob-</span> 
     </span>
     <span class='ocr_line' id='line_1_32' title="bbox 285 1898 1792 1954; baseline 0.001 -17"><span class='ocrx_word' id='word_1_277' title='bbox 285 1898 445 1938; x_wconf 87' lang='lat' dir='ltr'>sidione</span> <span class='ocrx_word' id='word_1_278' title='bbox 476 1899 615 1939; x_wconf 81' lang='lat' dir='ltr'>divisit</span> <span class='ocrx_word' id='word_1_279' title='bbox 642 1900 870 1939; x_wconf 87' lang='lat' dir='ltr'>exercitum</span> <span class='ocrx_word' id='word_1_280' title='bbox 903 1915 975 1940; x_wconf 91' lang='lat' dir='ltr'>rex</span> <span class='ocrx_word' id='word_1_281' title='bbox 1008 1905 1051 1940; x_wconf 90' lang='lat' dir='ltr'>et</span> <span class='ocrx_word' id='word_1_282' title='bbox 1079 1906 1223 1941; x_wconf 84' lang='lat' dir='ltr'>contra</span> <span class='ocrx_word' id='word_1_283' title='bbox 1256 1900 1479 1954; x_wconf 88' lang='lat' dir='ltr'>Byzantios</span> <span class='ocrx_word' id='word_1_284' title='bbox 1507 1914 1550 1939; x_wconf 90' lang='lat' dir='ltr'>se</span> <span class='ocrx_word' id='word_1_285' title='bbox 1575 1899 1792 1940; x_wconf 87' lang='lat' dir='ltr'>convertit.</span> 
     </span>
     <span class='ocr_line' id='line_1_33' title="bbox 287 1955 1792 2010; baseline 0.001 -16"><span class='ocrx_word' id='word_1_286' title='bbox 287 1955 446 2008; x_wconf 80' lang='lat' dir='ltr'>Coepta</span> <span class='ocrx_word' id='word_1_287' title='bbox 466 1955 626 1995; x_wconf 88' lang='lat' dir='ltr'>obsidio</span> <span class='ocrx_word' id='word_1_288' title='bbox 648 1956 763 1995; x_wconf 87' lang='lat' dir='ltr'>urbis</span> <span class='ocrx_word' id='word_1_289' title='bbox 785 1962 979 2010; x_wconf 81' lang='lat' dir='ltr'>vergente</span> <span class='ocrx_word' id='word_1_290' title='bbox 1000 1957 1053 1996; x_wconf 84' lang='lat' dir='ltr'>ad</span> <span class='ocrx_word' id='word_1_291' title='bbox 1084 1957 1209 1996; x_wconf 89' lang='lat' dir='ltr'>finem</span> <span class='ocrx_word' id='word_1_292' title='bbox 1230 1971 1340 1996; x_wconf 89' lang='lat' dir='ltr'>anno</span> <span class='ocrx_word' id='word_1_293' title='bbox 1363 1956 1424 1995; x_wconf 82' lang='lat' dir='ltr'>Ol.</span> <span class='ocrx_word' id='word_1_294' title='bbox 1449 1970 1538 2009; x_wconf 83' lang='lat'>109,</span> <span class='ocrx_word' id='word_1_295' title='bbox 1562 1970 1600 2005; x_wconf 88' lang='lat'>4.</span> <span class='ocrx_word' id='word_1_296' title='bbox 1633 1961 1675 1996; x_wconf 90' lang='lat' dir='ltr'>et</span> <span class='ocrx_word' id='word_1_297' title='bbox 1697 1970 1792 1995; x_wconf 94' lang='lat' dir='ltr'>con-</span> 
     </span>
     <span class='ocr_line' id='line_1_34' title="bbox 286 2010 1793 2059; baseline 0.001 -10"><span class='ocrx_word' id='word_1_298' title='bbox 286 2010 451 2051; x_wconf 87' lang='lat' dir='ltr'>tinuata</span> <span class='ocrx_word' id='word_1_299' title='bbox 472 2016 536 2051; x_wconf 89' lang='lat' dir='ltr'>est</span> <span class='ocrx_word' id='word_1_300' title='bbox 558 2012 621 2051; x_wconf 86' lang='lat' dir='ltr'>Ol.</span> <span class='ocrx_word' id='word_1_301' title='bbox 648 2025 733 2059; x_wconf 81' lang='grc'><strong>110,</strong></span> <span class='ocrx_word' id='word_1_302' title='bbox 760 2026 788 2051; x_wconf 87' lang='grc' dir='ltr'>ι.</span> <span class='ocrx_word' id='word_1_303' title='bbox 852 2014 965 2051; x_wconf 83' lang='lat' dir='ltr'>Tum</span> <span class='ocrx_word' id='word_1_304' title='bbox 997 2013 1105 2052; x_wconf 88' lang='lat' dir='ltr'>enim</span> <span class='ocrx_word' id='word_1_305' title='bbox 1134 2013 1412 2052; x_wconf 68' lang='lat' dir='ltr'>Athenienses</span> <span class='ocrx_word' id='word_1_306' title='bbox 1439 2012 1610 2052; x_wconf 87' lang='lat' dir='ltr'>excitati</span> <span class='ocrx_word' id='word_1_307' title='bbox 1640 2013 1793 2051; x_wconf 90' lang='lat' dir='ltr'>Demo-</span> 
     </span>
     <span class='ocr_line' id='line_1_35' title="bbox 287 2067 1793 2122; baseline 0.001 -17"><span class='ocrx_word' id='word_1_308' title='bbox 287 2067 445 2106; x_wconf 87' lang='lat' dir='ltr'>sthenis</span> <span class='ocrx_word' id='word_1_309' title='bbox 467 2067 726 2107; x_wconf 87' lang='lat' dir='ltr'>orationibus</span> <span class='ocrx_word' id='word_1_310' title='bbox 754 2068 1027 2108; x_wconf 73' lang='lat' dir='ltr'>decreverunt</span> <span class='ocrx_word' id='word_1_311' title='bbox 1055 2074 1223 2122; x_wconf 88' lang='lat' dir='ltr'>ruptam</span> <span class='ocrx_word' id='word_1_312' title='bbox 1254 2083 1343 2108; x_wconf 87' lang='lat' dir='ltr'>esse</span> <span class='ocrx_word' id='word_1_313' title='bbox 1368 2084 1393 2108; x_wconf 89' lang='lat' dir='ltr'>a</span> <span class='ocrx_word' id='word_1_314' title='bbox 1421 2068 1616 2121; x_wconf 86' lang='lat' dir='ltr'>Philippo</span> <span class='ocrx_word' id='word_1_315' title='bbox 1646 2081 1793 2122; x_wconf 86' lang='lat' dir='ltr'>pacem</span> 
     </span>
     <span class='ocr_line' id='line_1_36' title="bbox 287 2123 1793 2178; baseline 0.001 -17"><span class='ocrx_word' id='word_1_316' title='bbox 287 2128 330 2162; x_wconf 87' lang='lat' dir='ltr'>et</span> <span class='ocrx_word' id='word_1_317' title='bbox 365 2128 460 2176; x_wconf 89' lang='lat' dir='ltr'>post</span> <span class='ocrx_word' id='word_1_318' title='bbox 496 2124 718 2163; x_wconf 83' lang='lat' dir='ltr'>Charetem</span> <span class='ocrx_word' id='word_1_319' title='bbox 751 2138 843 2163; x_wconf 88' lang='grc'><strong>011111</strong></span> <span class='ocrx_word' id='word_1_320' title='bbox 878 2124 1008 2164; x_wconf 81' lang='lat' dir='ltr'>classe</span> <span class='ocrx_word' id='word_1_321' title='bbox 1047 2125 1249 2164; x_wconf 86' lang='lat' dir='ltr'>miserunt</span> <span class='ocrx_word' id='word_1_322' title='bbox 1291 2124 1544 2164; x_wconf 76' lang='lat' dir='ltr'>Phocionem</span> <span class='ocrx_word' id='word_1_323' title='bbox 1580 2123 1793 2178; x_wconf 83' lang='lat' dir='ltr'>Byzantiis</span> 
     </span>
     <span class='ocr_line' id='line_1_37' title="bbox 286 2179 1792 2234; baseline 0.001 -17"><span class='ocrx_word' id='word_1_324' title='bbox 286 2179 594 2225; x_wconf 72' lang='lat' dir='ltr'>auxiliaturum,</span> <span class='ocrx_word' id='word_1_325' title='bbox 632 2179 836 2219; x_wconf 86' lang='lat' dir='ltr'>archonte</span> <span class='ocrx_word' id='word_1_326' title='bbox 871 2181 1181 2234; x_wconf 65' lang='lat' dir='ltr'>Theophrasto</span> <span class='ocrx_word' id='word_1_327' title='bbox 1231 2181 1328 2219; x_wconf 75' lang='lat' dir='ltr'>Vid.</span> <span class='ocrx_word' id='word_1_328' title='bbox 1355 2181 1477 2219; x_wconf 88' lang='lat' dir='ltr'>Diod.</span> <span class='ocrx_word' id='word_1_329' title='bbox 1506 2182 1567 2228; x_wconf 79' lang='grc'>16,</span> <span class='ocrx_word' id='word_1_330' title='bbox 1591 2192 1656 2231; x_wconf 86' lang='lat'>77.</span> <span class='ocrx_word' id='word_1_331' title='bbox 1696 2180 1792 2219; x_wconf 89' lang='lat' dir='ltr'>Plu-</span> 
     </span>
     <span class='ocr_line' id='line_1_38' title="bbox 287 2235 1791 2290; baseline 0.001 -17"><span class='ocrx_word' id='word_1_332' title='bbox 287 2235 418 2274; x_wconf 80' lang='lat' dir='ltr'>tarch.</span> <span class='ocrx_word' id='word_1_333' title='bbox 443 2235 643 2274; x_wconf 81' lang='lat' dir='ltr'>Phocion.</span> <span class='ocrx_word' id='word_1_334' title='bbox 666 2250 698 2274; x_wconf 89' lang='grc'><strong>0.</strong></span> <span class='ocrx_word' id='word_1_335' title='bbox 723 2248 782 2284; x_wconf 85' lang='lat'>14.</span> <span class='ocrx_word' id='word_1_336' title='bbox 822 2235 994 2288; x_wconf 87' lang='lat' dir='ltr'>Dionys.</span> <span class='ocrx_word' id='word_1_337' title='bbox 1020 2237 1116 2276; x_wconf 91' lang='lat' dir='ltr'>Hal.</span> <span class='ocrx_word' id='word_1_338' title='bbox 1142 2236 1276 2290; x_wconf 90' lang='lat' dir='ltr'>Epist.</span> <span class='ocrx_word' id='word_1_339' title='bbox 1299 2237 1351 2276; x_wconf 87' lang='lat' dir='ltr'>ad</span> <span class='ocrx_word' id='word_1_340' title='bbox 1376 2236 1514 2276; x_wconf 84' lang='lat' dir='ltr'>Amm.</span> <span class='ocrx_word' id='word_1_341' title='bbox 1540 2251 1572 2275; x_wconf 90' lang='grc'><strong>0.</strong></span> <span class='ocrx_word' id='word_1_342' title='bbox 1593 2250 1607 2275; x_wconf 87' lang='grc'>1</span> <span class='ocrx_word' id='word_1_343' title='bbox 1623 2249 1670 2284; x_wconf 83' lang='grc'>1.,</span> <span class='ocrx_word' id='word_1_344' title='bbox 1695 2235 1791 2274; x_wconf 86' lang='lat' dir='ltr'>Wi-</span> 
     </span>
     <span class='ocr_line' id='line_1_39' title="bbox 287 2290 1012 2344; baseline 0.003 -16"><span class='ocrx_word' id='word_1_345' title='bbox 287 2290 456 2329; x_wconf 84' lang='lat' dir='ltr'>niewski</span> <span class='ocrx_word' id='word_1_346' title='bbox 478 2305 515 2343; x_wconf 92' lang='lat' dir='ltr'>p.</span> <span class='ocrx_word' id='word_1_347' title='bbox 543 2294 616 2343; x_wconf 68' lang='lat'>189</span> <span class='ocrx_word' id='word_1_348' title='bbox 639 2305 753 2344; x_wconf 76' lang='lat' dir='ltr'>seqq.</span> <span class='ocrx_word' id='word_1_349' title='bbox 787 2292 1012 2331; x_wconf 83' lang='lat' dir='ltr'>DISSEN.</span> 
     </span>
    </p>

    <p class='ocr_par' dir='ltr' id='par_1_8' title="bbox 287 2347 1792 2455">
     <span class='ocr_line' id='line_1_40' title="bbox 346 2347 1791 2401; baseline 0.001 -17"><span class='ocrx_word' id='word_1_350' title='bbox 346 2359 438 2399; x_wconf 76' lang='lat'>254,</span> <span class='ocrx_word' id='word_1_351' title='bbox 476 2349 538 2386; x_wconf 78' lang='lat'>28.</span> <span class='ocrx_word' id='word_1_352' title='bbox 577 2347 697 2386; x_wconf 76' lang='grc' dir='ltr'>οὐκέτ’</span> <span class='ocrx_word' id='word_1_353' title='bbox 732 2347 930 2399; x_wconf 85' lang='grc' dir='ltr'>ἐρωτήσω]</span> <span class='ocrx_word' id='word_1_354' title='bbox 971 2348 1095 2386; x_wconf 78' lang='grc' dir='ltr'>οὐκέτι,</span> <span class='ocrx_word' id='word_1_355' title='bbox 1128 2348 1305 2388; x_wconf 82' lang='lat' dir='ltr'>refertur</span> <span class='ocrx_word' id='word_1_356' title='bbox 1339 2348 1393 2387; x_wconf 84' lang='lat' dir='ltr'>ad</span> <span class='ocrx_word' id='word_1_357' title='bbox 1430 2347 1791 2401; x_wconf 81' lang='lat' dir='ltr'>interrogationes,</span> 
     </span>
     <span class='ocr_line' id='line_1_41' title="bbox 287 2401 1792 2455; baseline 0.003 -16"><span class='ocrx_word' id='word_1_358' title='bbox 287 2401 436 2454; x_wconf 84' lang='lat' dir='ltr'>quibus</span> <span class='ocrx_word' id='word_1_359' title='bbox 458 2416 583 2455; x_wconf 90' lang='lat' dir='ltr'>supra</span> <span class='ocrx_word' id='word_1_360' title='bbox 604 2407 746 2442; x_wconf 88' lang='lat' dir='ltr'>orator</span> <span class='ocrx_word' id='word_1_361' title='bbox 767 2403 1048 2442; x_wconf 82' lang='lat' dir='ltr'>adversarium</span> <span class='ocrx_word' id='word_1_362' title='bbox 1071 2403 1296 2443; x_wconf 80' lang='lat' dir='ltr'>identidem</span> <span class='ocrx_word' id='word_1_363' title='bbox 1318 2408 1496 2444; x_wconf 83' lang='lat' dir='ltr'>urserat.</span> <span class='ocrx_word' id='word_1_364' title='bbox 1543 2403 1792 2444; x_wconf 82' lang='lat' dir='ltr'>SCHAEF.</span> 
     </span>
    </p>

    <p class='ocr_par' dir='ltr' id='par_1_9' title="bbox 288 2458 1793 2846">
     <span class='ocr_line' id='line_1_42' title="bbox 348 2458 1791 2512; baseline 0.001 -16"><span class='ocrx_word' id='word_1_365' title='bbox 348 2470 439 2510; x_wconf 76' lang='lat'>255,</span> <span class='ocrx_word' id='word_1_366' title='bbox 464 2471 499 2509; x_wconf 85' lang='lat'>9.</span> <span class='ocrx_word' id='word_1_367' title='bbox 538 2460 676 2499; x_wconf 77' lang='grc' dir='ltr'>ἐνστὰς</span> <span class='ocrx_word' id='word_1_368' title='bbox 708 2460 879 2508; x_wconf 85' lang='grc' dir='ltr'>πόλεμος</span> <span class='ocrx_word' id='word_1_369' title='bbox 911 2473 992 2497; x_wconf 88' lang='grc'><strong>11011</strong></span> <span class='ocrx_word' id='word_1_370' title='bbox 1028 2464 1091 2497; x_wconf 80' lang='lat' dir='ltr'>est</span> <span class='ocrx_word' id='word_1_371' title='bbox 1126 2459 1298 2503; x_wconf 80' lang='lat' dir='ltr'>instans.</span> <span class='ocrx_word' id='word_1_372' title='bbox 1332 2460 1402 2498; x_wconf 85' lang='lat' dir='ltr'>sed</span> <span class='ocrx_word' id='word_1_373' title='bbox 1435 2466 1606 2512; x_wconf 74' lang='lat' dir='ltr'>coeptum</span> <span class='ocrx_word' id='word_1_374' title='bbox 1639 2458 1791 2507; x_wconf 75' lang='lat' dir='ltr'>bellum,</span> 
     </span>
     <span class='ocr_line' id='line_1_43' title="bbox 289 2513 1792 2567; baseline 0.001 -14"><span class='ocrx_word' id='word_1_375' title='bbox 289 2514 636 2567; x_wconf 86' lang='lat' dir='ltr'>quemadmodum</span> <span class='ocrx_word' id='word_1_376' title='bbox 667 2513 793 2554; x_wconf 88' lang='lat' dir='ltr'>etiam</span> <span class='ocrx_word' id='word_1_377' title='bbox 816 2516 835 2553; x_wconf 89' lang='grc' dir='ltr'>ὁ</span> <span class='ocrx_word' id='word_1_378' title='bbox 860 2516 1024 2555; x_wconf 84' lang='grc' dir='ltr'>ἐνεστὼς</span> <span class='ocrx_word' id='word_1_379' title='bbox 1045 2516 1215 2564; x_wconf 82' lang='grc' dir='ltr'>πόλεμος</span> <span class='ocrx_word' id='word_1_380' title='bbox 1237 2515 1403 2562; x_wconf 90' lang='lat' dir='ltr'>dicitur,</span> <span class='ocrx_word' id='word_1_381' title='bbox 1426 2520 1467 2555; x_wconf 88' lang='lat' dir='ltr'>et</span> <span class='ocrx_word' id='word_1_382' title='bbox 1495 2515 1688 2564; x_wconf 82' lang='grc' dir='ltr'>ἐνέστηκε,</span> <span class='ocrx_word' id='word_1_383' title='bbox 1713 2517 1792 2554; x_wconf 88' lang='grc' dir='ltr'>ἐνε-</span> 
     </span>
     <span class='ocr_line' id='line_1_44' title="bbox 289 2570 1791 2624; baseline 0.001 -16"><span class='ocrx_word' id='word_1_384' title='bbox 289 2570 419 2618; x_wconf 82' lang='grc' dir='ltr'>στήκει</span> <span class='ocrx_word' id='word_1_385' title='bbox 455 2572 638 2619; x_wconf 75' lang='grc' dir='ltr'>πόλεμος,</span> <span class='ocrx_word' id='word_1_386' title='bbox 674 2571 779 2609; x_wconf 80' lang='lat' dir='ltr'>conf.</span> <span class='ocrx_word' id='word_1_387' title='bbox 815 2570 1043 2624; x_wconf 75' lang='lat' dir='ltr'>Schweigh.</span> <span class='ocrx_word' id='word_1_388' title='bbox 1076 2571 1175 2610; x_wconf 86' lang='lat' dir='ltr'>Lex.</span> <span class='ocrx_word' id='word_1_389' title='bbox 1201 2571 1344 2624; x_wconf 90' lang='lat' dir='ltr'>Polyb.</span> <span class='ocrx_word' id='word_1_390' title='bbox 1418 2571 1496 2610; x_wconf 88' lang='lat' dir='ltr'>Est</span> <span class='ocrx_word' id='word_1_391' title='bbox 1531 2575 1671 2610; x_wconf 87' lang='lat' dir='ltr'>autem</span> <span class='ocrx_word' id='word_1_392' title='bbox 1709 2585 1791 2624; x_wconf 89' lang='lat' dir='ltr'>pax</span> 
     </span>
     <span class='ocr_line' id='line_1_45' title="bbox 289 2625 1791 2680; baseline 0.001 -16"><span class='ocrx_word' id='word_1_393' title='bbox 289 2625 527 2665; x_wconf 84' lang='lat' dir='ltr'>solemniter</span> <span class='ocrx_word' id='word_1_394' title='bbox 558 2625 730 2666; x_wconf 81' lang='lat' dir='ltr'>discissa</span> <span class='ocrx_word' id='word_1_395' title='bbox 763 2625 826 2665; x_wconf 91' lang='lat' dir='ltr'>Ol.</span> <span class='ocrx_word' id='word_1_396' title='bbox 856 2640 943 2673; x_wconf 82' lang='grc'><strong>110,</strong></span> <span class='ocrx_word' id='word_1_397' title='bbox 976 2641 1004 2665; x_wconf 93' lang='lat'>1.</span> <span class='ocrx_word' id='word_1_398' title='bbox 1040 2627 1218 2669; x_wconf 76' lang='lat' dir='ltr'>ineunte,</span> <span class='ocrx_word' id='word_1_399' title='bbox 1248 2632 1341 2680; x_wconf 88' lang='lat' dir='ltr'>post</span> <span class='ocrx_word' id='word_1_400' title='bbox 1378 2632 1568 2680; x_wconf 89' lang='lat' dir='ltr'>coeptam</span> <span class='ocrx_word' id='word_1_401' title='bbox 1602 2626 1791 2679; x_wconf 87' lang='lat' dir='ltr'>Byzantii</span> 
     </span>
     <span class='ocr_line' id='line_1_46' title="bbox 289 2681 1788 2736; baseline 0.001 -17"><span class='ocrx_word' id='word_1_402' title='bbox 289 2681 557 2720; x_wconf 80' lang='lat' dir='ltr'>obsidionem.</span> <span class='ocrx_word' id='word_1_403' title='bbox 584 2682 698 2722; x_wconf 80' lang='lat' dir='ltr'>Conf.</span> <span class='ocrx_word' id='word_1_404' title='bbox 724 2682 961 2722; x_wconf 78' lang='lat' dir='ltr'>Philochor.</span> <span class='ocrx_word' id='word_1_405' title='bbox 986 2697 1051 2735; x_wconf 81' lang='lat' dir='ltr'>ap.</span> <span class='ocrx_word' id='word_1_406' title='bbox 1077 2682 1247 2735; x_wconf 83' lang='lat' dir='ltr'>Dionys.</span> <span class='ocrx_word' id='word_1_407' title='bbox 1272 2683 1407 2736; x_wconf 85' lang='lat' dir='ltr'>Epist.</span> <span class='ocrx_word' id='word_1_408' title='bbox 1429 2683 1482 2722; x_wconf 87' lang='lat' dir='ltr'>ad</span> <span class='ocrx_word' id='word_1_409' title='bbox 1505 2682 1642 2721; x_wconf 88' lang='lat' dir='ltr'>Amm.</span> <span class='ocrx_word' id='word_1_410' title='bbox 1668 2683 1703 2735; x_wconf 58' lang='grc' dir='ltr'>ξ.</span> <span class='ocrx_word' id='word_1_411' title='bbox 1727 2696 1788 2721; x_wconf 86' lang='lat'>11:</span> 
     </span>
     <span class='ocr_line' id='line_1_47' title="bbox 289 2738 1793 2789; baseline 0.002 -13"><span class='ocrx_word' id='word_1_412' title='bbox 289 2738 559 2789; x_wconf 82' lang='grc' dir='ltr'>ἐχειροτόνησε</span> <span class='ocrx_word' id='word_1_413' title='bbox 594 2739 632 2788; x_wconf 88' lang='grc' dir='ltr'>(ὁ</span> <span class='ocrx_word' id='word_1_414' title='bbox 664 2741 793 2788; x_wconf 82' lang='grc' dir='ltr'>δῆμος)</span> <span class='ocrx_word' id='word_1_415' title='bbox 820 2739 888 2787; x_wconf 74' lang='grc' dir='ltr'>τὴν</span> <span class='ocrx_word' id='word_1_416' title='bbox 920 2740 992 2787; x_wconf 80' lang='grc' dir='ltr'>μὲν</span> <span class='ocrx_word' id='word_1_417' title='bbox 1024 2739 1173 2787; x_wconf 83' lang='grc' dir='ltr'>στήλην</span> <span class='ocrx_word' id='word_1_418' title='bbox 1200 2743 1380 2778; x_wconf 85' lang='grc' dir='ltr'>καθελεῖν</span> <span class='ocrx_word' id='word_1_419' title='bbox 1406 2740 1475 2786; x_wconf 78' lang='grc' dir='ltr'>τὴν</span> <span class='ocrx_word' id='word_1_420' title='bbox 1500 2738 1587 2788; x_wconf 88' lang='grc' dir='ltr'>περὶ</span> <span class='ocrx_word' id='word_1_421' title='bbox 1613 2738 1679 2787; x_wconf 81' lang='grc' dir='ltr'>τῆς</span> <span class='ocrx_word' id='word_1_422' title='bbox 1699 2738 1793 2789; x_wconf 83' lang='grc' dir='ltr'>πρὸς</span> 
     </span>
     <span class='ocr_line' id='line_1_48' title="bbox 288 2793 1520 2846; baseline 0.002 -14"><span class='ocrx_word' id='word_1_423' title='bbox 288 2794 488 2832; x_wconf 71' lang='grc' dir='ltr'>Φίλιππον</span> <span class='ocrx_word' id='word_1_424' title='bbox 511 2793 661 2843; x_wconf 82' lang='grc' dir='ltr'>εἰρήνης</span> <span class='ocrx_word' id='word_1_425' title='bbox 684 2795 745 2832; x_wconf 84' lang='grc' dir='ltr'>καὶ</span> <span class='ocrx_word' id='word_1_426' title='bbox 767 2796 987 2846; x_wconf 79' lang='grc' dir='ltr'>συμμαχίας</span> <span class='ocrx_word' id='word_1_427' title='bbox 1009 2799 1233 2834; x_wconf 78' lang='grc' dir='ltr'>σταθεῖσαν.</span> <span class='ocrx_word' id='word_1_428' title='bbox 1297 2794 1520 2834; x_wconf 81' lang='lat' dir='ltr'>DISSEN.</span> 
     </span>
    </p>

    <p class='ocr_par' dir='ltr' id='par_1_10' title="bbox 350 2850 1791 2903">
     <span class='ocr_line' id='line_1_49' title="bbox 350 2850 1791 2903; baseline 0.001 -16"><span class='ocrx_word' id='word_1_429' title='bbox 350 2860 440 2901; x_wconf 70' lang='lat'>2552</span> <span class='ocrx_word' id='word_1_430' title='bbox 468 2862 525 2887; x_wconf 84' lang='lat'>¹0.</span> <span class='ocrx_word' id='word_1_431' title='bbox 549 2850 658 2901; x_wconf 77' lang='grc' dir='ltr'>ἄνευ]</span> <span class='ocrx_word' id='word_1_432' title='bbox 693 2851 974 2902; x_wconf 69' lang='lat' dir='ltr'>Praelerqnmn</span> <span class='ocrx_word' id='word_1_433' title='bbox 993 2851 1104 2903; x_wconf 67' lang='lat' dir='ltr'>quod,</span> <span class='ocrx_word' id='word_1_434' title='bbox 1123 2864 1203 2889; x_wconf 85' lang='lat' dir='ltr'>non</span> <span class='ocrx_word' id='word_1_435' title='bbox 1223 2851 1415 2897; x_wconf 67' lang='lat' dir='ltr'>excludit,</span> <span class='ocrx_word' id='word_1_436' title='bbox 1435 2850 1503 2889; x_wconf 87' lang='lat' dir='ltr'>sed</span> <span class='ocrx_word' id='word_1_437' title='bbox 1528 2864 1605 2890; x_wconf 82' lang='lat' dir='ltr'>una</span> <span class='ocrx_word' id='word_1_438' title='bbox 1630 2864 1791 2903; x_wconf 86' lang='lat' dir='ltr'>quoque</span> 
     </span>
    </p>
   </div>
  </div>
 </body>
</html>
