1914 3184
214 117 267 155 10
743 118 1197 160 PROLEGOMENA

213 226 256 261 et
292 223 470 262 maxime
503 223 668 276 quidem
701 223 741 262 in
774 224 951 277 Philipp.
990 238 1019 269 1,
1055 238 1173 277 quae,
1209 229 1410 277 quattuor
1441 231 1540 266 ante
1576 226 1727 268 bellum

218 278 463 331 Olynthium
500 280 619 319 annis
656 280 927 320 Aristodemo
964 286 1159 333 praetore
1183 280 1267 331 (Ol.
1298 294 1385 331 107,
1410 296 1442 321 1.
1466 297 1503 322 a.
1527 283 1599 323 Oh.
1622 291 1725 337 352)

215 335 373 383 habita,
417 350 548 389 paene
589 341 682 376 tota
724 336 763 375 in
816 337 893 377 hac
938 351 981 376 re
1022 341 1213 376 versatur
1261 337 1419 378 civibus
1469 339 1726 380 inculcanda.

218 390 271 430 V.
299 391 480 446 Philipp.
513 407 541 431 1.
579 408 617 446 p.
652 406 719 442 42,
747 406 770 447 3
807 407 866 446 sq.
901 407 967 444 44,
1006 394 1054 432 16
1087 408 1146 446 sq.
1179 407 1313 447 45,11
1352 399 1393 434 01
1428 407 1492 448 25.
1521 398 1588 446 46,
1619 409 1654 436 2.
1685 402 1728 437 et

216 448 397 488 maxime
420 463 459 502 p.
480 451 549 499 46,
572 461 718 502 17-p.
741 461 808 500 47,
832 461 894 501 23.
917 462 984 502 53,
1008 461 1072 489 20.
1134 449 1249 500 Quae
1272 465 1397 503 qumn
1421 451 1480 491 ita
1502 452 1599 498 sint,
1616 453 1728 492 omni

216 504 267 543 de
300 505 447 544 harum
485 505 722 545 orationum
755 505 899 545 ordine
927 520 1021 544 cum
1050 505 1288 545 Philochori
1320 507 1561 548 narratione
1593 509 1727 549 conci-

215 559 355 600 liando
378 561 620 614 quaestione
645 566 847 615 tanquam
869 561 1004 601 inutili
1031 563 1338 615 praetermissa,
1357 564 1444 617 jam
1466 565 1520 604 ad
1542 564 1727 618 ipsarum

215 616 452 656 orationum
472 622 721 671 argumenta
740 617 1042 659 consideranda
1062 619 1341 672 aggredimur.

273 678 296 694 ‘⁶
312 673 431 713 Haec
449 673 577 727 igitur
593 674 626 713 si
648 688 698 714 ex
715 689 776 721 ea,
793 689 875 727 qua
891 674 1170 723 continentur,
1186 690 1325 715 rerum
1342 676 1728 731 sententiarumque

214 729 499 782 perpetuitate
523 730 756 784 generatim
777 735 1022 785 spectantur
1051 736 1179 785 atque
1207 731 1317 772 inter
1348 747 1389 772 se
1418 738 1726 786 comparantur,

213 785 394 838 primum
415 786 515 825 illud
536 786 653 827 facile
675 787 949 841 cognoscitur,
968 788 1121 828 nullam
1142 788 1290 828 harum
1307 789 1544 829 orationum
1560 794 1729 843 praeter

214 855 318 890 eam,
342 857 448 895 quae
478 843 612 896 primo
643 843 732 883 1000
760 844 881 899 vulgo
912 845 1151 894 collocatur,
1182 845 1239 885 sic
1266 845 1307 885 in
1334 860 1379 885 re
1404 846 1620 900 proposita
1641 861 1728 887 ver-

215 898 310 947 sari,
333 903 380 939 ut
401 899 492 939 fieri
522 915 598 953 par
629 905 704 944 est,
728 901 761 940 si
789 916 895 954 quae
926 916 1072 941 caussa
1102 902 1282 955 primum
1313 901 1354 941 in
1386 902 1728 943 deliberationem

214 955 449 995 adducitur.
512 956 625 996 Nam
647 957 679 996 si
702 972 896 1010 unquam,
919 963 1009 997 tum
1035 957 1215 998 maxime
1246 964 1415 1013 oportet
1446 959 1504 998 sic
1535 959 1646 1000 illam
1676 975 1727 1000 ex

214 1011 405 1052 omnibus
426 1013 679 1053 considerari
707 1013 911 1067 partibus,
935 1019 981 1054 ut
1003 1014 1104 1054 nihil
1127 1015 1395 1069 incognitum,
1419 1015 1519 1054 nihil
1542 1016 1726 1063 dubium,

215 1067 318 1107 nihil
338 1068 543 1109 incertum
563 1069 836 1123 relinquatur.
897 1070 1058 1111 Caussa
1079 1072 1169 1125 ipsa
1191 1071 1322 1124 qualis
1345 1072 1400 1112 sit
1422 1072 1724 1126 explicabitur,

216 1124 313 1178 quid
347 1125 401 1164 ad
433 1125 582 1165 civium
620 1126 688 1166 illa
723 1126 908 1166 rationes
940 1127 1175 1181 pertineat;
1222 1128 1321 1181 quid
1356 1129 1410 1168 ad
1446 1128 1504 1168 rei
1538 1129 1729 1182 publicae

215 1180 495 1222 conditionem
531 1182 730 1223 momenti
767 1183 965 1224 habitura
999 1184 1077 1231 sit;
1122 1199 1221 1224 num
1254 1184 1425 1239 dignmn
1467 1184 1522 1225 sit
1558 1185 1729 1226 civitate

215 1237 325 1289 quod
366 1239 578 1285 suadetur,
620 1254 718 1278 1111111
758 1239 860 1280 utile
891 1241 953 1280 vel
993 1241 1046 1280 ad
1088 1240 1194 1280 illius
1235 1241 1562 1281 incolumitatem
1603 1241 1729 1282 etiam

216 1294 503 1334 necessarium.
566 1296 804 1342 Praeterea,
838 1297 871 1336 si
912 1297 1146 1337 faciendum
1186 1312 1274 1338 esse
1314 1298 1537 1351 pervicerit
1572 1302 1727 1348 orator,

217 1364 299 1402 qua
334 1351 388 1391 sit
424 1351 523 1391 illud
561 1352 723 1393 ratione
757 1354 1069 1406 perficiendum,
1102 1355 1251 1407 quibus
1287 1355 1488 1394 utendum
1522 1354 1728 1404 subsidiis,

217 1406 326 1446 unde
346 1412 508 1447 sumtus
529 1409 740 1463 erogandi,
764 1410 955 1457 docebit,
991 1410 1179 1464 denique,
1203 1425 1473 1465 quaecunque
1494 1412 1549 1451 ad
1569 1410 1730 1452 animos

216 1463 474 1503 audientium
503 1465 729 1505 flectendos
755 1471 796 1506 et
827 1466 869 1505 in
897 1482 1014 1507 suam
1036 1468 1264 1507 trahendos
1290 1468 1541 1508 sententiam
1572 1468 1729 1508 oratori

217 1524 428 1560 momenta
455 1522 796 1575 suppeditabunt,
819 1522 868 1562 iis
899 1523 1079 1563 admotis
1110 1524 1301 1563 omnibus
1328 1538 1568 1578 expugnare
1589 1524 1729 1564 volun-

217 1580 350 1615 tatem
391 1577 553 1616 illorum
594 1578 826 1618 conabitur.
888 1580 1021 1633 Atqui
1064 1580 1166 1620 haee
1208 1580 1359 1627 omnia,
1397 1585 1600 1633 quantmn
1640 1581 1730 1621 fieri

217 1632 329 1671 brevi
361 1633 551 1674 oratione
583 1635 734 1688 potuit,
769 1635 809 1674 in
841 1636 974 1689 prima
1007 1642 1105 1676 sunt
1135 1652 1159 1676 a
1192 1637 1475 1676 Demosthene
1507 1637 1730 1691 diligenter

218 1687 463 1742 disceptata,
494 1690 535 1729 in
564 1691 725 1731 duabus
750 1692 917 1745 reliquis
944 1698 1110 1733 tantum
1136 1708 1218 1733 non
1250 1693 1388 1733 omnia
1418 1694 1727 1747 praetermissa.

218 1743 408 1799 Namque
440 1747 619 1787 clamare
650 1752 840 1801 tempora
870 1749 931 1789 ait
967 1755 1014 1789 ut
1045 1749 1122 1803 ipsi
1154 1764 1323 1789 manmn
1352 1750 1634 1790 Athenienses
1665 1751 1729 1790 his

216 1801 339 1840 rebus
361 1803 636 1849 admoveant3
671 1804 932 1845 decernenda
960 1805 1088 1859 igitur
1114 1806 1268 1846 auxilia
1295 1811 1337 1846 et
1365 1820 1489 1860 quam
1518 1806 1730 1847 celerrime

215 1858 414 1909 paranda,
432 1859 763 1913 legationemque
779 1861 1041 1909 mittendam,
1058 1876 1163 1915 quae
1180 1862 1400 1916 Olynthios
1421 1862 1521 1901 illud
1542 1863 1728 1912 edoceat,

216 1927 267 1952 ne
294 1914 441 1955 fraude
468 1915 650 1969 Philippi
677 1917 920 1970 artibusque
945 1918 1109 1972 decepti
1141 1918 1408 1958 festinantius
1437 1918 1664 1972 quidquam
1692 1920 1729 1960 ei

216 1971 448 2011 concedant
486 1976 543 2025 (p.
581 1975 654 2025 9.).
715 1973 849 2023 Quam
884 1974 1127 2014 societatem
1163 1979 1211 2014 ut
1251 1974 1533 2014 vehementius
1573 1975 1729 2015 civibus

217 2027 539 2075 commendaret,
572 2028 739 2081 partim,
772 2044 897 2083 quam
933 2035 1135 2084 exoptata
1168 2031 1272 2071 haec
1306 2031 1401 2070 belli
1434 2031 1728 2085 opportunitas

219 2082 408 2122 omnibus
430 2084 646 2132 evenisset,
669 2085 836 2138 partim,
861 2100 985 2139 quam
1016 2092 1254 2140 suspectum
1276 2087 1463 2141 Olynthii
1490 2087 1729 2142 Philippum

219 2142 261 2177 ct
283 2153 407 2192 quam
428 2140 602 2179 invisum
624 2141 838 2189 haberent,
862 2157 986 2195 quam
1014 2148 1161 2183 contra
1182 2143 1254 2182 fidi
1283 2148 1608 2197 constantesque
1629 2158 1729 2198 erga

220 2194 417 2247 populum
444 2196 744 2236 Atheniensem
771 2203 910 2238 essent
937 2198 1035 2238 socii
1056 2199 1199 2246 futuri,
1223 2214 1273 2239 ex
1301 2200 1462 2239 illorum
1492 2199 1729 2240 conditione

219 2249 424 2303 hujusque
440 2256 591 2291 natura
607 2253 822 2293 societatis
839 2254 1005 2307 collegit
1028 2260 1086 2307 (p.
1105 2268 1163 2301 10,
1181 2268 1304 2308 7—p.
1323 2266 1382 2301 11,
1399 2257 1472 2308 7.).
1516 2256 1729 2306 Quantum

220 2319 315 2344 vero
347 2307 589 2360 respublica,
622 2308 656 2346 si
694 2309 769 2348 hoc
804 2315 1030 2362 aspernata
1061 2311 1206 2349 foedus
1240 2311 1396 2359 fuisset,
1431 2311 1729 2351 detrimentum

219 2366 330 2400 esset
360 2368 548 2415 captura,
581 2369 627 2403 ut
660 2364 815 2404 civibus
846 2366 1128 2417 persuaderet,
1161 2366 1338 2420 primum
1366 2367 1499 2407 multa
1530 2381 1579 2406 ex
1612 2381 1728 2420 prae-

219 2417 347 2457 terita
376 2419 575 2459 memoria
604 2420 738 2473 petita
759 2421 1008 2461 documenta
1034 2422 1343 2475 infaustumque
1368 2422 1569 2476 pristinae
1594 2437 1729 2463 socor-

220 2472 312 2512 diae
329 2479 533 2522 eventum,
550 2476 768 2529 repudiato
783 2477 1222 2531 Amphipolitanorum
1236 2479 1400 2518 foedere
1421 2483 1547 2532 atque
1566 2478 1727 2531 Pydna,

222 2528 438 2579 Potidaea,
482 2531 696 2578 Methone,
735 2532 910 2586 Pagasis
948 2534 1136 2587 proditis,
1177 2539 1267 2574 tum
1308 2549 1449 2574 eorum
1490 2534 1730 2576 discrimina

220 2585 505 2636 periculorum,
540 2602 643 2640 quae
677 2588 809 2641 captis
847 2589 1054 2642 Olynthiis
1094 2590 1171 2643 ipsi
1207 2590 1528 2630 Atheniensium
1569 2591 1728 2631 civitati

221 2640 495 2689 imminerent,
518 2643 695 2697 denique
715 2645 928 2684 assiduum
952 2646 1060 2699 regis
1088 2661 1226 2686 rerum
1250 2647 1507 2701 agendarum
1536 2647 1729 2687 ardorem

221 2762 267 2790 ὅτι
292 2764 372 2800 τρεῖς
394 2764 531 2800 βοήθειαι
557 2765 767 2804 ἐπέμφθησαν,
794 2768 857 2796 καθ’
876 2766 944 2796 ἔκα-
1003 2768 1067 2796 καθ)
1085 2766 1367 2802 ἕκαστον-ἱκανῆς
1396 2767 1459 2806 ipse
1484 2768 1577 2797 finxit
1604 2768 1726 2805 conjec-

223 2814 299 2833 στον
316 2804 413 2842 λόγον
427 2808 496 2842 μιᾶς
513 2809 718 2845 πεμπομένης,
737 2810 774 2839 ὡς
791 2810 846 2843 τῆς
864 2809 941 2846 monh<
1003 2816 1074 2839 tura
1094 2809 1192 2839 nihilo
1216 2810 1417 2848 prudentiore
1440 2820 1534 2848 quam
1558 2809 1637 2838 aliae
1659 2809 1727 2846 ejus

223 2857 277 2880 της
307 2847 348 2882 μὴ
380 2849 472 2883 οὔσης
504 2850 617 2884 ἱκανῆς.
665 2851 729 2886 Qui
766 2851 942 2880 Philochori
1003 2852 1221 2881 hariolationes
1248 2851 1399 2890 plurimae
1427 2857 1510 2881 sunt.
1568 2850 1725 2880 G.D1N-

222 2889 433 2919 narrationem
459 2902 519 2919 non
544 2892 670 2921 aliunde
694 2904 787 2930 quam
810 2904 845 2922 ex
866 2893 943 2921 Dio-
1008 2894 1137 2923 DOHF.

224 2930 312 2967 nysio
336 2933 492 2969 cognitam
519 2934 637 2964 habuit.
665 2942 816 2972 postrema
840 2942 943 2965 autem
