1914 3184
302 114 385 151 240
791 112 829 150 D
836 111 869 149 E
903 112 930 150 S
940 111 977 149 Y
985 111 1028 149 M
1038 111 1081 149 M
1089 111 1259 150 ORHS.

300 230 444 255 censos
466 229 554 254 0000
577 229 674 254 narr
676 229 773 254 {wei
774 220 833 254 at
897 214 1131 254 Fridericus
1153 219 1293 254 autem
1311 214 1363 253 A
1373 213 1553 253 Wolfius
1574 215 1645 254 1.1.
1668 230 1706 268 p.
1727 225 1805 267 95

301 285 551 325 quamquam
583 286 622 324 p.
647 272 710 309 88.
743 270 904 310 tributa
935 270 1123 310 00010110
1153 270 1317 310 dixerat
1348 269 1530 309 onmium
1560 271 1697 317 fuisse,
1730 271 1806 309 nisi

301 327 369 380 qui
393 327 434 366 in
456 331 557 366 nota
578 331 818 378 testataque
839 325 977 379 inopia
997 326 1125 366 vitam
1151 327 1362 379 deger,ent
1384 325 1493 366 mille
1514 326 1715 374 ducentis,
1738 326 1806 379 qui

300 383 341 421 in
363 382 598 422 tributariis
619 387 758 421 essent
784 382 1026 434 symmoriis,
1050 382 1146 421 solis
1179 382 1357 422 officium
1391 381 1646 422 tributorum
1667 383 1804 422 confe-

300 439 523 478 rendorum
546 438 778 491 injunctum
798 437 923 477 fuisse
944 437 1225 478 existimabat.
1276 438 1509 477 Boeckhius
1532 438 1671 492 igitur,
1694 443 1806 491 post-

299 509 475 548 eaqnam
496 494 571 533 has
592 493 716 533 falsas
737 493 950 546 opiniones
985 494 1126 533 multis
1155 493 1411 548 argumentis
1439 494 1557 546 plene
1579 494 1804 534 cumulate—

300 565 379 603 que
401 550 598 589 leiutavit
614 555 741 602 atque
757 554 925 602 praeter
940 555 1010 590 utr
1013 564 1163 603 umque
1179 550 1287 589 mille
1303 550 1576 589 ducentorum
1592 564 1807 589 numerum

232 610 286 648 23
302 606 422 644 simul
443 620 584 645 01111100
605 605 724 651 cives,
748 605 824 644 nisi
847 605 915 659 qui
948 605 989 644 in
1021 610 1122 645 nota
1142 610 1382 658 testataque
1408 610 1657 658 paupertate
1678 605 1806 645 vitam

299 662 511 715 degerent
532 661 726 714 pecunias
748 661 969 701 contulisse
991 662 1288 714 comprobavit
1308 661 1418 700 inter
1440 675 1520 708 eos,
1544 661 1611 714 qui
1638 661 1679 700 in
1702 675 1807 714 sym-

299 717 452 757 morias
485 717 730 757 tributarias
770 721 910 757 essent
941 717 1126 780 ascripti,
1164 722 1290 770 atque
1323 716 1515 770 reliquos,
1551 717 1619 770 qui
1653 722 1695 757 et
1728 717 1805 770 ipsi

299 773 460 813 tributa
482 787 531 812 ex
554 787 677 812 censu
699 773 884 812 conferre
916 773 1049 813 coacti
1084 778 1234 821 essent,
1257 773 1364 812 cives
1396 773 1503 813 hanc
1526 773 1808 812 intercessisse

298 829 503 868 rationem
517 829 726 881 op·inatui,
735 833 781 868 nt
795 834 939 869 tenues
951 830 1096 869 horum
1111 805 1361 882 reliquorum
1376 828 1526 868 civium
1540 843 1685 868 census
1699 829 1807 868 itain

299 899 480 938 symmoi
482 884 542 924 ias
556 884 768 924 distiibuti
785 885 949 933 luerint,
966 891 1013 925 ut
1030 885 1201 938 singulis
1219 899 1262 938 01
1266 899 1449 924 1110101110
1465 885 1648 937 aequalis
1662 899 1807 924 census

298 940 476 980 univeisi
499 955 596 993 pars
627 940 681 979 sit
703 941 1009 1003 comprehensa.
1074 940 1155 980 Sed
1188 941 1293 980 hanc
1315 945 1449 980 totam
1483 954 1599 980 suun
1628 940 1807 993 descrip-

298 996 454 1036 tionem
475 996 536 1034 vir
557 997 704 1035 doctus
726 997 978 1050 excogitavit
1009 997 1064 1036 ad
1095 997 1329 1050 exemplum
1350 996 1665 1048 symmoriaium
1686 996 1806 1036 trier-

299 1052 572 1100 archicarum,
596 1052 737 1104 quales
759 1051 848 1091 11100
880 1051 1078 1092 describit
1106 1052 1145 1090 in
1179 1053 1255 1092 hac
1277 1052 1466 1091 oratione
1488 1052 1806 1092 Demosthenes,

301 1108 393 1158 Qua
414 1108 454 1146 in
475 1122 520 1147 re
536 1122 618 1146 non
635 1107 858 1160 reputavit.
876 1108 1191 1161 symmoriarum
1209 1107 1525 1147 tributariarum
1543 1107 1663 1161 longe
1683 1107 1807 1147 aliam

299 1163 424 1203 fuisse
455 1164 659 1203 rationem
689 1169 815 1216 atque
846 1164 1223 1203 trierarchicarum.
1284 1163 1392 1203 Nam
1422 1178 1513 1202 cum
1545 1163 1608 1202 his
1637 1163 1806 1217 singulis

299 1219 483 1272 aequalis
521 1219 687 1258 navium
721 1234 915 1259 numerus
955 1219 1221 1259 instruendus
1253 1219 1314 1259 vel
1345 1219 1524 1259 tuendus
1561 1224 1682 1267 esset,
1715 1219 1807 1259 illae

300 1281 446 1315 contra
467 1275 741 1328 providebant
763 1280 928 1315 tantum
952 1280 998 1315 ut
1020 1275 1225 1328 imperata
1252 1276 1508 1315 tributorum
1529 1289 1689 1315 summa
1709 1290 1805 1315 000-

300 1331 419 1371 fieret
440 1336 494 1377 et,
518 1331 549 1370 si
574 1345 675 1384 opus
698 1336 801 1377 erat,
823 1336 1239 1385 repraesentaretur3
1274 1330 1446 1385 singulis
1470 1335 1611 1371 autem
1633 1345 1807 1384 symmo-

300 1387 372 1425 riis
406 1387 595 1439 aequalia
627 1401 709 1425 non
746 1387 941 1440 imposita
972 1392 1092 1427 erant
1125 1387 1298 1426 tributa.
1362 1387 1663 1440 Praeterquam
1699 1387 1807 1426 enim

301 1443 411 1494 quod
432 1442 528 1482 talis
551 1443 787 1495 descriptio,
813 1443 974 1496 qualem
995 1443 1117 1483 finxit
1140 1442 1385 1490 Boeckhius,
1408 1457 1489 1482 non
1512 1447 1603 1482 erat
1623 1456 1807 1482 necessa-

301 1498 375 1544 ria,
397 1498 638 1538 difficillima
669 1513 833 1552 quoque
864 1504 906 1538 et
939 1499 1231 1538 molestissima
1264 1499 1408 1538 fuisset
1435 1498 1514 1538 illa.
1576 1498 1684 1538 Nam
1714 1512 1807 1537 cum

301 1553 445 1607 viginti
469 1554 560 1593 illae
583 1555 828 1606 symmoriae
846 1555 1093 1594 tributariae
1111 1554 1171 1593 ita
1187 1554 1442 1594 constitutae
1459 1559 1598 1594 essent
1618 1559 1664 1594 ut
1685 1554 1807 1594 binae

300 1624 348 1648 ex
373 1609 544 1663 singulis
566 1610 816 1663 eligerentur
838 1610 1041 1657 tribubus,
1061 1615 1382 1649 consentaneum
1400 1614 1463 1649 est
1484 1609 1612 1649 etiam
1633 1609 1807 1662 reliquo-

300 1679 403 1711 rum,
427 1665 495 1718 qui
519 1680 597 1704 non
630 1671 769 1704 essent
800 1666 840 1704 in
875 1665 1118 1718 symmoriis,
1143 1665 1292 1705 civium
1322 1680 1468 1704 census
1496 1665 1687 1704 tributim
1718 1679 1806 1704 esse

301 1720 361 1760 ita
383 1721 623 1773 descriptos,
647 1727 693 1760 ut
714 1721 768 1760 ad
788 1721 906 1761 binas
928 1721 1182 1775 singularum
1203 1721 1387 1760 tribuum
1410 1721 1652 1774 symmorias
1673 1726 1806 1761 caete-

300 1791 456 1820 rorum,
479 1777 547 1829 qui
568 1777 620 1815 ad
643 1777 816 1816 eandem
847 1777 1003 1816 tribum
1035 1777 1304 1829 pertinerent,
1327 1790 1472 1816 census
1505 1781 1613 1815 esset
1635 1777 1805 1816 relatus.

303 1832 422 1882 Quod
445 1831 478 1871 si
500 1847 641 1871 verum
663 1838 738 1880 est,
758 1847 899 1871 0111000
921 1832 1103 1871 onmium
1124 1832 1307 1872 tribuum
1330 1832 1574 1885 symmoriae
1594 1832 1807 1885 aequalem

302 1887 479 1927 universi
500 1902 645 1926 census
667 1892 829 1940 partem
852 1889 1004 1927 habere
1026 1903 1107 1927 non
1129 1894 1337 1941 poterant,
1356 1887 1432 1926 0101
1455 1887 1488 1926 01
1511 1901 1652 1927 onmes
1672 1887 1806 1927 tribus

300 1943 461 1996 aequali
483 1958 627 1982 census
650 1944 878 1991 utebantur
898 1943 1196 1997 magnitudine.
1260 1944 1352 1983 Hoc
1377 1948 1518 1983 autem
1539 1958 1631 1982 cum
1653 1944 1714 1983 vel
1734 1958 1808 1996 per

301 2013 343 2038 se
367 1999 448 2038 veri
471 2014 552 2037 non
575 1999 630 2038 sit
652 1999 793 2046 simile,
818 1999 914 2052 quia
936 1999 976 2038 in
999 2014 1080 2039 una
1101 2000 1212 2039 tribu
1235 2004 1278 2039 et
1298 2000 1431 2052 major
1447 2004 1490 2038 et
1511 1999 1638 2038 ditior
1658 1999 1807 2038 civium

301 2069 496 2093 numerus
522 2069 610 2094 esse
637 2060 805 2108 poterat
828 2070 950 2107 qnam
978 2055 1019 2093 in
1043 2056 1188 2100 altera,
1211 2059 1300 2094 tum
1327 2055 1455 2094 etiam
1478 2055 1663 2107 exemplo
1685 2069 1707 2094 e
1725 2055 1807 2094 De-

300 2111 529 2149 mosthenis
550 2110 635 2150 vita
664 2111 843 2163 quodam
876 2111 1031 2164 optime
1061 2111 1274 2150 refellitur.
1336 2110 1511 2150 Constat
1541 2110 1650 2149 enim
1681 2125 1702 2149 e
1725 2109 1807 2150 De-

301 2166 529 2204 mosthenis
562 2166 750 2205 oratione
776 2166 964 2205 Midiana
994 2181 1032 2219 p.
1054 2168 1152 2218 518.
1188 2171 1307 2211 extr..
1332 2166 1372 2204 in
1406 2166 1518 2205 tribu
1547 2165 1808 2205 Pandionide

303 2221 596 2260 Demosthenis
627 2226 767 2260 aetate
788 2226 874 2261 tam
909 2222 1081 2274 exiguae
1114 2227 1155 2262 et
1186 2226 1328 2261 curtae
1360 2221 1418 2261 rei
1449 2221 1662 2261 familiaris
1683 2221 1808 2260 fuisse

301 2276 422 2323 cives,
444 2281 491 2315 ut
512 2280 597 2315 tres
613 2291 744 2315 annos
766 2277 1026 2316 continuosm
1048 2277 1231 2316 tribuum
1255 2282 1469 2316 curatores
1490 2291 1571 2315 non
1592 2277 1806 2324 haberent,

234 2336 289 2372 24
302 2345 422 2383 quem
445 2332 679 2384 sumptibus
713 2332 754 2370 in
789 2332 1028 2385 choragiam
1060 2332 1280 2386 erogandis
1302 2347 1444 2384 parem
1466 2333 1647 2372 ederent.
1712 2332 1807 2372 Etsi

299 2391 441 2426 autem
469 2387 596 2439 aliqui
619 2388 810 2433 sortasse,
833 2387 903 2440 qui
930 2388 1004 2426 hos
1026 2393 1214 2440 sumptus
1247 2388 1427 2427 tolerare
1448 2392 1632 2439 possent,
1657 2387 1698 2426 in
1729 2388 1808 2427 hac

300 2442 414 2481 tribu
448 2447 580 2489 erant,
615 2442 722 2482 sicut
757 2442 904 2481 deinde
939 2443 1242 2482 Demosthenes
1274 2443 1383 2482 ultro
1419 2443 1472 2482 ad
1504 2443 1807 2495 suscipiendam

300 2497 542 2551 ehoragiam
573 2504 743 2537 exortus
775 2502 849 2544 est,
888 2503 1027 2537 tamen
1060 2513 1150 2538 eam
1182 2498 1338 2538 tribum
1369 2513 1449 2537 non
1482 2503 1547 2537 tot
1581 2498 1806 2551 locupletes

300 2553 418 2599 cives,
453 2557 555 2607 quot
591 2553 781 2605 reliquas,
816 2568 1054 2593 numerasse
1089 2568 1137 2593 00
1173 2558 1237 2593 est
1267 2553 1525 2593 verisimilius
1556 2568 1637 2606 quo
1673 2554 1807 2593 rarius

300 2609 422 2662 vulgo
445 2614 616 2661 proptor
636 2609 908 2648 ambitionem
930 2609 1027 2648 illud
1044 2624 1192 2648 munus
1213 2610 1447 2648 detrectare
1469 2609 1658 2648 solebant
1675 2609 1806 2648 Athe-

301 2663 472 2703 01011000.
535 2663 576 2702 Si
610 2678 704 2703 vero
736 2664 999 2704 nihilominus
1031 2665 1284 2718 singularum
1315 2665 1629 2718 symmoriarum
1660 2678 1806 2703 census

346 2774 373 2790 m
402 2767 488 2797 Male.
518 2767 672 2797 intellexit
695 2768 886 2797 Parreidtius
915 2768 1020 2807 τρίτον
1088 2769 1172 2807 legit,
1196 2770 1289 2799 etiam
1319 2769 1387 2798 aliis
1412 2780 1446 2798 ai
1448 2771 1606 2805 frumentis
1630 2769 1766 2797 refutata
1788 2777 1806 2796 a

302 2808 370 2838 ἔτος
396 2808 494 2846 τουτί,
511 2820 590 2847 quae
610 2811 704 2839 verba
728 2810 908 2847 significant
933 2812 1020 2840 terlio
1090 2811 1290 2841 Boehneckio
1307 2811 1438 2847 Quaest.
1464 2811 1523 2839 101
1546 2820 1570 2839 1.
1600 2821 1627 2848 p.
1647 2809 1716 2847 670.
1765 2809 1803 2837 G.

301 2851 413 2879 abhinc
437 2861 529 2879 (mmo.
578 2852 757 2880 (unu-idum
774 2852 872 2889 igitur
888 2863 967 2890 qnae
983 2855 1020 2881 eh»
1091 2854 1291 2882 ΞνίδῚΝΗέι
1281 2854 1312 2880 ²⁴.

301 2893 400 2921 tribus
420 2893 622 2921 Pamlinnidis
646 2901 828 2931 paupertate
844 2904 882 2923 ex
904 2895 939 2922 iis
956 2895 1016 2922 (01-
