1914 3184
263 157 346 196 146
791 155 869 194 DE
904 154 1276 194 HALONNESO.

263 262 412 302 naudus
432 266 527 307 erat.
551 260 740 313 quoforo,
764 259 903 313 quibus
925 259 1239 312 ’νγιαῃί3ίιάίίῗόιιε,
1253 257 1474 310 jndicibus,
1497 258 1720 298 rationibus
1741 265 1776 298 et

263 317 485 358 actionibus
523 317 737 370 litiqafores
774 316 835 355 uti
867 314 1047 355 deberent
1077 320 1146 366 (ex
1166 315 1339 364 Venit).
1380 314 1599 354 FRANK.
1661 315 1775 355 (litat

266 375 291 413 h
331 375 355 413 l.
380 373 690 426 Ha1·p‹i›eration
713 386 744 411 s.
765 386 800 410 v.
824 373 1022 421 σύμβολα.

326 432 391 481 78,
417 433 481 468 26.
504 430 591 470 τοὺς
612 428 910 480 ποιησομένους]
948 427 1012 466 Sc.
1031 428 1228 476 σύμβολα.

325 489 390 538 78,
417 498 480 538 27.
514 487 556 524 ἐν
577 487 627 537 τῷ
659 484 887 537 δικαστηρίῳ
915 485 965 537 τῷ
996 484 1084 533 παρ”
1106 483 1210 536 ὑμῖν]
1246 482 1523 522 Athenienses
1554 483 1664 522 enim
1700 483 1772 521 im-

267 542 381 596 perio
402 540 528 580 maris
549 539 643 579 freti
666 540 771 579 hane
793 539 924 593 legem
942 539 1231 586 ‹⁷›bservabant‚
1251 544 1298 578 ut
1319 543 1442 591 paeta
1462 543 1665 578 conventa
1684 554 1776 577 eum

266 598 420 638 exteris
447 596 685 636 eivitatilms
717 596 897 635 ineunda
920 595 1097 635 Athenis
1123 610 1147 634 a
1170 594 1462 634 thesmothetis
1487 595 1530 645 (i.
1554 610 1588 633 e.
1611 594 1652 633 in
1670 594 1776 647 judi-

266 655 329 693 eio
362 653 661 699 Heliastarum,
694 651 758 691 eui
795 651 1105 691 thesmothetae
1140 650 1453 704 praesidebant)
1488 651 1777 690 eonfirmaren-

266 716 348 753 tur.
372 714 519 749 eontra
541 708 650 761 quod
676 707 893 761 Philippus
920 707 1146 760 postulavit
1168 711 1214 746 ut
1242 712 1368 759 paeta
1399 721 1481 745 non
1509 706 1776 759 prius,qua1n

266 767 320 806 ad
354 766 488 819 ipsum
524 765 656 804 relata
688 769 730 803 et
761 779 785 803 a
817 779 859 803 se
891 763 1163 816 e‹›1npr‹i›bata
1196 768 1345 809 essent.
1379 769 1474 802 rata
1510 763 1775 802 haberentur.

273 822 420 861 Pollux
454 823 490 865 8,
523 824 588 860 88.
626 821 686 859 καὶ
723 823 768 859 τὰ
802 822 987 869 σύμβολα
1022 822 1068 858 τέι
1105 819 1200 869 πρὸς
1236 822 1303 859 τὰς
1339 821 1472 859 πόλεις
1509 822 1688 869 κυροῦσιν
1723 820 1779 869 (οἱ

271 878 538 928 θεσμοθέται).
585 877 637 915 V.
663 876 935 916 Sehoemann.
958 876 1008 914 de
1030 875 1102 914 lite
1127 875 1271 914 Attica
1293 890 1331 927 p.
1357 887 1434 926 775
1459 889 1547 927 sqq.
1590 875 1777 914 VOEM.

328 936 392 984 78,
412 935 476 972 ¹28.
497 932 990 985 ἐφέσιμον-ποιούμενος]
1019 933 1127 970 Dum
1149 932 1203 969 im
1226 938 1389 969 vestram
1411 931 1661 984 coemtionem
1684 930 1726 981 (i.
1743 945 1776 969 e.

270 992 293 1030 ’ὰ
325 991 373 1030 ἂν
397 991 505 1039 ὑμεῖς
543 993 663 1040 γνῶτε
696 1003 726 1027 s.
754 1003 859 1041 quae
891 1002 962 1026 vos
996 987 1238 1027 censueritis
1272 1002 1301 1025 s.
1335 987 1618 1035 decreveritis)
1654 987 1710 1026 αιί
1743 1001 1780 1025 se

272 1052 506 1099 (tamquam
527 1045 754 1091 arbitrum)
779 1043 1026 1096 rquremlam
1046 1050 1171 1083 σιιναΐ.
1234 1043 1323 1081 Non
1346 1043 1483 1096 agitur
1505 1043 1543 1081 h.
1567 1043 1590 1081 l.
1615 1043 1666 1082 de
1688 1057 1778 1096 pro-

270 1102 487 1142 vocatione
512 1117 543 1140 s.
565 1100 844 1154 appellatione
867 1115 991 1152 quam
1013 1100 1167 1139 dieunt.
1218 1099 1253 1137 F
1259 1099 1439 1138 RANK.

329 1171 394 1211 79,
421 1171 455 1198 2.
477 1157 600 1210 ὑμῶν]
636 1156 853 1196 (ὲοηίῖίνιις
879 1156 1032 1209 pendet
1053 1171 1078 1195 a
1099 1159 1210 1194 τοῦτο
1228 1171 1235 1193 :
1269 1156 1370 1194 Ιιαιιι·
1392 1162 1556 1194 vestram
1578 1154 1779 1194 concessio-

270 1229 354 1254 nem
376 1221 467 1253 ante
488 1228 623 1267 capet-v
647 1218 719 1263 (se.
737 1227 861 1267 quam
884 1218 1007 1266 pacta
1029 1212 1344 1261 confirmentur)
1370 1211 1462 1250 vult.
1528 1211 1618 1249 Non
1640 1210 1782 1263 agitur

273 1271 323 1310 de
355 1275 480 1323 capta
511 1269 607 1308 olim
632 1269 715 1320 (Ol.
740 1281 828 1322 105.
853 1271 912 1322 3.)
948 1268 1160 1313 Potidaea.
1191 1282 1312 1320 quam
1345 1282 1431 1306 rem
1464 1266 1562 1306 nihil
1595 1267 1647 1306 ad
1675 1266 1781 1319 juris

273 1326 563 1366 commercium
593 1325 803 1379 pertinere
834 1329 964 1378 patet.
989 1325 1059 1363 sed
1083 1325 1132 1363 de
1154 1323 1284 1371 bonis,
1309 1338 1414 1377 quae
1440 1338 1510 1362 rex
1542 1323 1716 1376 privatis
1739 1328 1782 1362 et

273 1383 442 1437 singulis
459 1382 680 1435 eripuerat.
739 1381 905 1420 Etenim
923 1381 1065 1432 ejectis
1081 1379 1400 1419 Atheniensium
1419 1379 1619 1433 agripetis
1634 1393 1781 1430 agrum

277 1439 595 1478 Potidaoensem
621 1441 729 1487 (eum
755 1437 892 1476 fundis
919 1437 1079 1476 illorum
1102 1436 1441 1488 Atheniensium)
1465 1435 1671 1489 Olynthiis
1699 1440 1782 1474 tra-

274 1495 439 1534 diderat
460 1496 525 1544 (ef.
545 1509 582 1547 p.
605 1506 657 1545 70
675 1510 734 1546 sq.
753 1499 795 1533 et
818 1507 889 1546 105
904 1502 929 1541 );
962 1499 1057 1546 post
1078 1497 1360 1545 expugnatam
1391 1497 1532 1531 autem
1554 1491 1783 1545 Olynthum

276 1565 357 1590 non
391 1551 522 1590 sohnn
560 1550 804 1589 Potidaeam
840 1550 983 1589 urbem
1018 1563 1246 1602 agrumque
1282 1548 1488 1601 publicum
1523 1562 1620 1587 suae
1656 1547 1783 1586 domi·

276 1607 434 1647 nationi
458 1606 693 1651 vindicavit.
717 1606 788 1645 sed
818 1606 945 1645 etiam
970 1605 1301 1649 Atheniensium.
1326 1604 1393 1657 qui
1417 1604 1512 1643 olim
1538 1604 1579 1642 in
1607 1618 1655 1643 ea
1682 1605 1784 1642 urbe

275 1663 582 1705 habitaverant,
602 1677 688 1701 rem
709 1661 955 1701 familiarem
977 1676 1024 1700 ae
1046 1661 1252 1714 privatam
1271 1660 1418 1703 tenuit.
1434 1675 1557 1712 quam
1574 1660 1680 1699 eives
1702 1660 1783 1698 fru-

275 1724 365 1760 stra
385 1719 668 1773 postulabant.
732 1718 880 1770 Itaque
902 1717 934 1756 si
963 1717 1175 1770 Philippus
1196 1716 1408 1755 conventis
1430 1716 1519 1763 illis,
1542 1716 1783 1769 priusquam

275 1776 552 1821 confirmaret,
586 1775 670 1813 tale
705 1774 803 1827 quid
836 1773 1091 1813 asldhlisset:
1132 1773 1164 1811 si
1200 1774 1310 1812 bona
1347 1772 1520 1824 alieujus
1555 1772 1709 1811 fuerint
1743 1772 1783 1810 in

275 1831 532 1885 possessione
554 1830 681 1875 tertii.
705 1831 896 1869 dominus
919 1829 957 1867 in
982 1829 1050 1879 jus
1072 1834 1220 1868 vocato
1241 1844 1346 1871 eum,
1371 1829 1479 1867 unde
1501 1828 1651 1868 tertius
1672 1843 1784 1867 aece-

276 1888 349 1941 pit.
373 1887 441 1927 illa
463 1887 611 1926 civium
640 1886 956 1926 Atheniensium
978 1886 1099 1930 bona,
1124 1885 1219 1937 quia
1242 1885 1295 1924 ab
1319 1884 1527 1937 Olynthiis
1548 1884 1679 1936 repeti
1704 1898 1785 1923 non

276 1948 484 1997 poterant,
507 1957 557 1982 ex
575 1943 668 1993 jure
692 1942 930 1982 retinuisset
954 1946 1023 1993 (ex
1043 1941 1177 1979 Vomi.
1202 1956 1241 1993 p.
1264 1955 1330 1991 54.
1354 1945 1397 1979 et
1418 1942 1529 1992 125).
1564 1940 1784 1979 FRANK.

339 2000 720 2049 ὁμολογούμενον-
735 1996 999 2051 καταστῆσαι]
1086 1996 1201 2036 (litat
1252 1997 1435 2036 Thomas
1487 1997 1547 2035 M.
1598 2011 1637 2050 p.
1691 1996 1785 2048 819.

280 2055 612 2096 SOHAEFER.

339 2122 405 2163 79,
433 2124 472 2164 5.
507 2111 625 2161 αὐτὴν
661 2112 810 2150 ἐκεῖνον
842 2114 987 2160 λαβεῖν
1016 2109 1201 2161 intellige
1236 2123 1319 2148 non
1356 2110 1488 2149 solum
1523 2110 1680 2153 urbem.
1715 2108 1787 2148 sed

276 2167 404 2208 etiam
430 2182 578 2221 agrum
604 2167 809 2206 urbanum
831 2171 874 2206 et
895 2167 1055 2215 fundos,
1080 2165 1148 2219 qui
1175 2165 1216 2204 in
1238 2179 1286 2205 eo
1307 2165 1526 2206 florebant.
1590 2165 1654 2204 Ut
1678 2164 1785 2203 Phil.

280 2236 315 2263 2.
334 2239 372 2277 p.
390 2234 455 2274 70.
480 2225 695 2262 Ποτίδαιαν
716 2223 747 2261 δ’
765 2223 891 2262 ἐδίδου
913 2237 965 2261 se.
982 2221 1218 2266 Ὀλυνθίοις,
1243 2221 1267 2260 i.
1286 2236 1319 2260 e.
1342 2222 1411 2271 τὴν
1432 2223 1563 2273 χώραν
1580 2220 1608 2260 δ’
1629 2222 1789 2262 ἐκείνοις

279 2280 454 2319 ἐδεδώκει
478 2282 730 2328 καρποῦσθαι,
753 2282 801 2317 ut
822 2277 975 2317 ibidem
998 2277 1240 2331 explicatur.
1287 2277 1474 2317 VOEM.

337 2345 402 2387 79,
427 2335 463 2373 8.
495 2335 716 2385 συμμαχίας
754 2334 815 2372 καὶ
851 2334 974 2384 ὅρκων
1005 2333 1312 2384 ὀμωμοσμένων]
1359 2333 1503 2386 Neque
1536 2333 1587 2371 de
1622 2332 1788 2371 foedere

280 2390 625 2430 Potidaeatarum
646 2403 739 2428 eum
763 2388 955 2442 Philippo
976 2389 1087 2428 faeto
1114 2402 1246 2440 neque.
1273 2389 1323 2427 de
1349 2388 1622 2441 jurejurando
1643 2402 1668 2427 a
1691 2387 1788 2426 Phi-

277 2446 390 2499 lippo
411 2445 617 2499 praestito
639 2444 865 2498 quidquam
887 2444 1080 2484 innotuit.
1130 2444 1165 2482 F
1170 2443 1351 2482 RANK.

337 2513 402 2554 79,
429 2515 489 2540 11.
511 2504 630 2540 ταῦτα
651 2501 695 2550 δὴ
716 2501 905 2549 βούλεται
928 2519 959 2539 κ.
974 2517 1006 2539 τ.
1021 2500 1080 2552 λ.]
1119 2500 1315 2541 Φίλιππος
1337 2499 1380 2549 δὴ
1402 2500 1591 2548 βούλεται
1615 2500 1788 2548 βεβαιώ-

278 2561 425 2597 σασθαι
450 2556 679 2609 πανταχόσε
706 2555 793 2606 παρ’
811 2557 914 2605 ὑμῖν,
938 2557 997 2595 ὅτι
1019 2557 1105 2595 οὔτε
1132 2557 1333 2606 ἐγκαλεῖτε
1363 2555 1463 2609 αὐτῷ
1485 2558 1606 2594 ταῦτα
1633 2557 1680 2594 τὰ
1706 2556 1786 2594 ἇὸι·

279 2614 439 2663 κήματα,
463 2614 551 2652 οὔτε
572 2614 732 2663 ἡγεῖσθε
754 2613 983 2651 ἀδικεῖσθαι.
1030 2610 1221 2649 WOLF.

337 2682 402 2720 79,
432 2682 492 2722 13.
526 2666 1042 2719 συμβόλων-Ἀθηναίους]
1096 2666 1240 2706 Gitant
1271 2667 1310 2705 h.
1341 2666 1366 2705 l.
1400 2665 1711 2719 Harpocration
1746 2670 1790 2705 et

282 2725 465 2764 Thomas
490 2725 549 2763 M.
571 2739 610 2777 p.
635 2727 728 2775 819.
753 2723 793 2761 in
816 2738 852 2762 v.
876 2724 1073 2773 σύμβολα.
1124 2722 1316 2761 REISK.

339 2792 404 2831 79,
429 2793 489 2832 19.
517 2779 577 2830 ἐφ’
595 2781 684 2829 ἡμῖν
705 2782 780 2829 γὰρ
800 2779 848 2827 ἣν
869 2779 891 2828 ἡ
914 2780 1140 2818 Μακεδονία
1167 2779 1227 2818 καὶ
1249 2777 1392 2829 φόρους
1416 2778 1506 2826 ἡμῖν
1529 2776 1691 2828 ἔφερον]
1734 2774 1787 2814 V.

281 2836 334 2875 ad
359 2850 399 2888 p.
426 2845 492 2889 35.
518 2848 554 2884 7.
583 2841 605 2856 “⁶
624 2834 767 2874 Liban.
792 2835 867 2873 vol.
890 2849 928 2883 4.
952 2849 992 2886 p.
1018 2846 1110 2884 241.
1138 2847 1206 2887 30.
1235 2835 1310 2884 ἐγὼ
1335 2832 1591 2885 (Philippus)
1620 2835 1709 2872 παῖς
1735 2830 1789 2870 ὢν

279 2890 470 2940 Ἀμύντου
503 2890 646 2941 φόρους
670 2889 892 2939 Ἀθηναίοις
922 2891 1122 2940 φέροντος.
1171 2893 1214 2928 et
1246 2888 1434 2928 similiter
1466 2888 1519 2928 ib.
1551 2903 1590 2941 p.
1624 2898 1717 2937 972,
1747 2899 1785 2938 9.

281 2946 396 2985 Gonf.
421 2945 603 2985 Boeekh.
628 2946 780 2984 Oeeon.
805 2945 881 2984 vol.
905 2959 937 2984 1.
961 2960 999 2997 p.
1023 2945 1145 2997 443.qq
1183 2944 1418 2984 JACOBS.
