1935 3205
659 145 690 183 l'
706 145 783 184 itA
801 144 832 183 Ε
849 144 880 183 1³
891 146 923 183 A
940 145 972 183 Τ
990 145 1001 183 Ι
1017 147 1065 183 0.
1557 140 1621 179 lvii

109 252 336 287 variantium
369 252 675 299 supplementum
700 253 796 300 Aug.
822 252 931 299 primi
963 251 1153 298 appellare
1185 249 1301 289 solco,
1330 249 1511 295 scriptum
1544 256 1620 282 crat

109 316 225 350 literis
259 316 380 351 multo
415 316 696 356 minutioribus,
733 315 971 351 creberrimis
1006 313 1256 361 compendiis,
1292 312 1486 359 pallidiore
1523 319 1621 345 atra-

110 387 253 419 mento,
276 380 312 414 in
339 380 572 415 membranis
604 379 721 414 multo
745 378 980 414 tenuioribus
1001 386 1037 413 et
1059 376 1353 416 candidioribus,
1377 388 1489 422 quam
1513 383 1621 409 crant

109 441 301 489 reliquac;
343 455 429 477 nam
471 443 729 483 membranae,
764 455 859 489 quae
901 449 1105 489 supersunt
1139 453 1160 475 a
1191 448 1342 475 vetusta
1380 452 1495 474 manu
1532 451 1621 473 eon-

110 507 285 554 scriptae,
304 516 388 542 sunt
409 507 612 542 crassiores
629 516 662 542 et
682 507 874 542 subflavae
892 519 912 540 a
929 513 1129 541 vetustate.
1181 506 1383 538 (Jommata
1400 502 1503 537 nulla
1519 509 1620 542 sunt,

109 571 173 606 sed
195 571 335 618 ubique
358 579 512 618 puncta,
535 571 627 606 utin
651 571 841 618 plerisque
862 569 972 605 codd.
991 569 1126 607 MStis,
1145 581 1239 615 quos
1258 567 1344 602 vidi.
1395 566 1622 612 Plerumque

109 635 173 670 dat
193 635 345 680 ’γίνεσθαι
371 647 438 682 pro
459 636 648 680 γίγνεσθαι,
671 636 779 668 πάντα
804 646 871 680 pro
892 634 1034 673 ἅπαντα,
1056 634 1234 678 γινώσκειν
1255 644 1322 678 pro
1349 645 1450 676 γιγν.,
1471 631 1534 664 αἰεὶ
1555 642 1622 677 pro

1014 722 1038 746 Δ
1515 718 1541 743 Θ

107 763 168 796 «iel.
215 763 445 797 Paucissima
466 762 691 809 compendia
711 762 932 808 scripturae,
952 769 991 796 ut
1013 777 1037 795 ω
1059 773 1124 808 pro
1145 759 1171 794 ὦ
1191 761 1308 805 ἄνδρες
1328 761 1495 801 δικασταὶ,
1513 775 1538 792 ω
1555 771 1622 806 pro

109 823 135 860 ὦ
154 827 271 871 ἄνδρες
285 826 465 869 Ἀθηναῖοι.
523 824 830 860 Terminationes
852 840 896 858 ων
917 832 954 859 et
975 839 1031 859 ους
1053 832 1090 858 et
1110 839 1148 859 ας
1168 831 1206 858 et
1226 823 1320 857 aliae
1348 822 1489 857 similes
1509 833 1622 868 saepe

109 889 344 936 compendiis
365 895 685 936 repraesentatae.
745 886 901 922 Scholia
930 894 1063 922 contra
1093 885 1291 921 scatebant
1321 884 1557 932 compendiis
1585 891 1623 919 ct

108 960 217 988 erant
238 952 340 988 lectu
362 952 605 991 difficillima;
637 951 738 986 unde
764 963 958 997 nunquam
989 962 1051 985 me
1082 949 1370 997 expedivissem,
1394 949 1465 983 nisi
1487 947 1621 983 Simon

110 1016 303 1051 Fabricius
333 1016 530 1063 praeisset,
558 1016 616 1051 cui
649 1015 784 1056 debeo,
810 1014 911 1061 quod
941 1014 1033 1049 istos
1063 1013 1240 1048 mirificos
1271 1012 1407 1047 ductus
1437 1011 1621 1046 extricare

109 1080 311 1126 potuerim.
360 1079 574 1114 Fabricium
597 1078 712 1117 hunc,
736 1077 906 1125 quisquis
926 1076 1009 1117 fuit,
1033 1089 1145 1124 quem
1169 1075 1322 1111 aliunde
1343 1075 1412 1110 nisi
1434 1087 1501 1122 per
1514 1075 1621 1109 Wol-

108 1143 199 1177 fium
234 1154 310 1177 non
340 1142 442 1184 novi,
474 1153 629 1177 necesse
660 1149 716 1177 est
749 1141 944 1176 hominem
977 1140 1092 1175 fuisse
1127 1140 1297 1179 doctum,
1330 1146 1368 1174 et
1397 1150 1552 1178 navum,
1585 1145 1623 1173 et

109 1207 239 1246 fidum,
262 1214 300 1242 et
319 1206 477 1242 mirifice
496 1206 668 1241 laborum
699 1205 921 1253 patientem.
980 1204 1056 1240 Sed
1076 1203 1202 1239 fructu
1222 1203 1395 1238 laborum
1418 1209 1455 1237 et
1477 1214 1560 1236 eum
1585 1208 1622 1236 et

110 1284 179 1306 nos
200 1270 386 1306 fraudavit
402 1270 532 1306 Wolfii
553 1270 760 1312 dementia,
783 1270 846 1317 qui
876 1269 914 1304 in
945 1267 1090 1304 schedis
1113 1267 1270 1302 Fabricii
1301 1279 1369 1313 pro
1393 1265 1514 1300 lubitu
1538 1278 1619 1300 mu-
1636 1276 1725 1299 val

110 1335 217 1375 tavit,
240 1335 409 1383 ingessit,
431 1334 634 1374 truncavit,
661 1341 703 1369 ut
733 1346 853 1381 paene
883 1332 1080 1374 furiosum,
1110 1329 1475 1367 inconsultissimum
1506 1337 1620 1370 certe,

110 1411 149 1433 se
170 1399 341 1447 gesserit,
363 1399 553 1445 fidemque
583 1410 689 1432 suam
717 1409 870 1432 omnem
893 1396 1080 1432 everterit.
1138 1394 1398 1442 Apostrophos
1428 1401 1530 1428 amat
1559 1393 1621 1428 ille

110 1462 238 1501 codex,
261 1470 302 1497 ut.
326 1460 418 1496 ταῦτ’
434 1473 501 1508 pro
521 1464 636 1502 ταῦτα,
660 1460 731 1495 ἐστ’
749 1473 816 1507 pro
838 1461 912 1494 ἐστὶ
934 1467 1004 1495 etc.
1064 1459 1186 1507 Leges
1217 1466 1254 1494 et
1284 1457 1515 1496 testimonia,
1547 1456 1621 1491 for-

111 1526 236 1560 mulae
256 1525 421 1572 denique
445 1524 649 1572 pleraeque
669 1523 944 1559 desiderantur.
1002 1521 1090 1566 Quo
1110 1523 1163 1564 fit,
1185 1529 1227 1557 ut
1249 1534 1436 1568 nequeam
1458 1520 1623 1568 Tayloro

111 1589 280 1625 assentiri
313 1588 528 1629 affirmanti,
560 1588 838 1623 Baroecianum
870 1595 908 1623 et
938 1586 1149 1622 Parisinum
1180 1586 1359 1633 primum,
1383 1584 1418 1620 iu
1449 1583 1621 1632 plurimis

111 1655 205 1701 Aug.
226 1665 281 1700 pr.
304 1652 600 1692 consentientes,
622 1664 664 1687 ex
686 1651 821 1687 eodem
843 1650 947 1686 fonte
968 1650 1124 1684 haustos
1146 1661 1240 1684 esse.
1304 1648 1404 1683 Nam
1427 1660 1524 1695 quae
1544 1646 1620 1682 for-

111 1717 237 1752 mulae
257 1717 395 1752 desunt
416 1720 653 1764 Augustarum
677 1728 742 1751 eae
771 1723 860 1751 sunt
885 1714 923 1749 in
949 1713 1032 1748 illis.
1093 1712 1321 1748 Lectionum
1350 1711 1460 1760 hujus
1481 1710 1622 1747 codicis

110 1782 170 1816 vix
192 1781 342 1816 tertiam
363 1788 508 1828 partein
532 1779 634 1815 dedit
652 1778 766 1822 &Volfi
789 1791 854 1814 seu
876 1778 976 1824 quod
998 1776 1132 1812 Simon
1155 1775 1348 1811 Fabricius
1369 1787 1431 1810 eas
1453 1782 1621 1822 praeter-

110 1845 217 1887 vidit,
239 1858 304 1880 seu
326 1844 427 1892 quod
444 1843 554 1879 Wolf
577 1857 599 1878 a
628 1843 800 1879 Fabricio
831 1850 1005 1878 enotatas
1036 1840 1229 1888 expunxit,
1255 1839 1357 1875 leves
1386 1847 1423 1874 et
1453 1838 1620 1874 editione

110 1909 284 1957 indignas
309 1908 496 1957 judicans.
555 1908 677 1956 Saepe
705 1919 857 1955 quoque
888 1905 999 1941 falsas
1030 1905 1062 1940 ei
1092 1904 1310 1952 imputavit,
1340 1902 1508 1950 quisquis
1537 1902 1619 1942 fuit,

111 1985 175 2008 seu
207 1972 412 2012 Fabricius,
443 1984 509 2007 scu
525 1971 642 2014 Wolf,
671 1984 734 2007 seu
766 1983 904 2018 operae
935 1969 1222 2017 Episcopianae.
1281 1967 1402 2014 Saepe
1432 1979 1542 2001 suum
1574 1966 1620 2002 de

111 2037 184 2072 illis
213 2036 399 2085 judicium
434 2036 676 2083 interposuit,
710 2048 784 2070 non
817 2034 1027 2073 Fabricius
1061 2033 1123 2068 sed
1140 2031 1256 2068 Wolf.
1315 2031 1437 2078 Saepe
1468 2043 1620 2078 quoque

112 2112 198 2134 suas
233 2102 472 2148 conjecturas
509 2099 727 2134 immiscuit.
795 2097 1045 2146 Conjecturas
1082 2095 1257 2132 lectionis
1288 2094 1464 2130 varietati
1494 2094 1621 2129 Fabri-

111 2162 243 2198 cianae
276 2162 463 2197 immistas
497 2170 562 2197 aut
595 2174 727 2197 omnes
760 2169 825 2196 aut
858 2159 1059 2208 plerasque
1090 2159 1271 2194 aXVolfio
1304 2157 1494 2206 profectas
1524 2170 1618 2200 esse,

111 2225 344 2261 documento
365 2235 421 2262 est
441 2226 547 2262 locus
567 2226 605 2261 in
629 2233 723 2261 orat.
746 2225 783 2260 in
808 2224 1038 2260 Leocharen]
1060 2236 1096 2271 p.
1120 2223 1210 2270 613,
1231 2233 1280 2270 5.,
1303 2223 1366 2258 ubi
1387 2222 1424 2257 in
1452 2222 1620 2258 lectione

112 2289 336 2325 Fabriciana
373 2298 411 2326 et
448 2290 486 2325 in
526 2297 716 2325 annotatt.
738 2288 940 2323 Wolfianis
977 2288 1109 2323 eadem
1156 2286 1346 2335 profertur
1385 2288 1617 2334 conjectura.

111 2353 317 2389 Lectiones
342 2353 425 2388 illas
446 2366 468 2388 a
484 2353 624 2388 Wolfio
654 2352 773 2388 editas
802 2364 889 2387 cum
917 2359 1132 2391 tractarem,
1155 2363 1266 2398 saepe
1293 2350 1421 2390 fiebat,
1443 2357 1484 2385 ut
1510 2349 1619 2385 sedes

112 2429 256 2458 earum,
290 2417 441 2452 tametsi
473 2417 562 2452 totis
593 2416 694 2452 horis
724 2427 923 2463 quaerenS‚
956 2415 1121 2462 reperire
1151 2427 1229 2450 non
1259 2426 1422 2461 possem.
1481 2413 1620 2460 Coepit

110 2481 239 2528 itaque
267 2493 326 2515 me
354 2479 581 2516 desiderium
608 2479 813 2528 usurpandi
843 2480 954 2528 hujus
985 2478 1139 2521 codicis,
1161 2487 1202 2513 ut
1222 2478 1347 2512 saltim
1374 2478 1521 2517 scirem,
1543 2489 1620 2523 quo

110 2544 225 2580 lectio
247 2556 421 2591 quaeque
452 2544 649 2580 referenda
679 2551 788 2580 esset.
846 2543 919 2578 Sed
953 2543 1075 2578 multo
1106 2541 1322 2577 uberiorem
1353 2540 1422 2575 tuli
1455 2540 1618 2575 fructum

112 2609 222 2656 hujus
252 2607 405 2648 codicis,
426 2616 469 2643 ut
495 2620 540 2643 eo
563 2621 647 2644 sum
674 2607 831 2655 potitus.
891 2606 1030 2642 Statim
1058 2606 1157 2642 enim
1188 2606 1281 2641 mihi
1312 2603 1620 2644 constitit‚W01-

112 2672 201 2706 fnum
223 2684 289 2706 seu
309 2672 472 2707 nescisse
493 2684 538 2707 eo
558 2680 662 2707 recte
683 2671 751 2711 uti,
775 2683 842 2706 seu
862 2670 914 2705 nil
935 2682 1096 2712 curasse,
1118 2678 1156 2704 et
1175 2669 1267 2704 alias
1288 2667 1507 2709 secorditer,
1528 2667 1620 2702 alias

113 2735 213 2770 mala
241 2734 314 2770 fide
347 2734 477 2783 egisse.
534 2734 777 2781 Quamquam
809 2741 961 2782 egomet
990 2732 1067 2780 ipse
1092 2744 1236 2772 vereor,
1268 2744 1314 2766 ne
1344 2730 1464 2766 multa
1493 2742 1618 2765 meam

113 2798 365 2833 attentionem
396 2797 600 2833 fefellerint
629 2796 666 2831 in
696 2797 768 2832 ista
796 2796 1053 2832 festinatione.
1113 2793 1363 2830 Collationem
1386 2792 1488 2829 enim
1509 2793 1619 2842 hujus

114 2861 254 2898 codicis
282 2862 438 2898 ineunte
466 2861 571 2896 Maio
593 2861 682 2896 anni
705 2860 816 2907 1767.
839 2867 1014 2907 coeptam
1037 2866 1219 2906 vergente
1250 2858 1417 2906 Augusto
1449 2856 1618 2905 ejusdem

115 2924 203 2961 anni
225 2925 381 2961 absolvi.
439 2925 576 2972 Neque
596 2923 675 2960 fieri
698 2931 825 2972 potest
846 2921 977 2958 aliter:
1011 2929 1194 2969 negatum
1215 2928 1272 2956 est
1291 2920 1450 2962 homini,
1471 2927 1514 2956 ut
1535 2932 1618 2955 om-
