1935 3205
548 151 891 193 PHILIPPICA
935 156 1140 196 PRIMA.
1519 162 1588 198 101

86 256 133 291 ut
154 252 207 291 ad
230 253 354 293 verba
371 269 476 306 quae
498 262 595 296 sunt
618 260 671 299 εἰς
691 258 864 308 Εὔβοιαν
886 267 927 299 et
951 263 1004 301 εἰς
1024 263 1159 302 Πύλας
1179 261 1361 301 addatur
1378 263 1591 313 ὡρμήσατε.

85 307 138 346 ad
162 308 340 347 medium
363 324 458 349 vero
482 327 639 352 comma
676 316 736 353 καὶ
758 317 943 365 πρότερόν
965 317 1060 356 ποτέ
1084 324 1207 367 φασιν
1231 320 1283 358 εἰς
1304 317 1514 368 Ἀλίαρτον
1537 320 1592 358 in-

84 362 268 402 finitivus
289 366 466 414 ὁρμῆσαι.
530 368 596 407 SA
611 369 740 408 151'1’.

140 432 207 468 44,
234 432 297 470 27.
331 423 384 462 εἰς
408 421 601 476 Εὔβοιαν]
642 425 869 478 Ulpianus:
906 427 946 465 τὸ
969 429 1008 467 δὲ
1038 429 1080 467 ἐν
1106 430 1254 481 Εὐβοίᾳ
1281 430 1354 480 πρὸ
1381 434 1494 479 τριῶν
1518 436 1591 479 (se.

85 475 217 524 ἐτῶν),
244 477 308 515 ὅτε
339 478 358 514 ὁ
390 477 514 528 ῥήτωρ
549 481 802 533 ἐτριηράρχει.
869 482 1051 523 Putabat
1086 483 1213 534 igitur
1246 485 1296 523 de
1329 486 1594 538 expeditione

88 529 297 569 Phocione
338 532 439 571 duee
482 534 609 574 invito
650 537 926 577 Demosthene
963 546 1153 592 sust-epta
1188 541 1455 593 cogitandum
1492 557 1591 589 esse.

83 586 361 637 quodfalsum
396 604 484 629 esse
517 606 565 630 ea
587 593 824 632 ostendunt.
850 609 954 646 quae
989 595 1038 633 de
1069 611 1115 635 ea
1143 596 1442 636 l)‹=111‹›sthen‹:s
1465 613 1502 650 p.
1525 602 1592 651 58.

84 640 197 681 dicit.
263 642 538 694 Intelligenda
568 653 631 686 est
660 652 723 698 (ut
750 649 851 688 vidit
877 650 1103 699 Frankius)
1133 652 1343 704 expeditio
1373 653 1594 693 Timotheo

81 702 255 737 auctore
283 704 325 738 et
356 699 460 739 duee
484 702 545 740 01.
579 714 664 755 105,
687 716 725 753 3.
751 706 865 756 (358.
888 720 924 745 a.
949 706 1064 755 (Ἢν.)
1089 721 1249 747 summa
1280 709 1500 748 alacritate
1526 710 1593 749 ‹le-

82 758 198 792 crcta
215 758 257 792 et
280 754 454 808 triginta
476 757 620 796 diebus
637 759 866 799 felicissime
883 761 1087 801 absoluta.
1150 764 1210 801 (ff.
1228 764 1446 804 Demosth.
1470 780 1508 818 p.
1536 780 1542 804 ι
1562 779 1593 804 1.

86 810 177 846 108.
199 821 295 860 597.
359 811 588 852 Aeschines
610 829 648 866 p.
673 816 737 865 65,
761 828 827 862 42.
892 817 958 855 SA
974 817 1104 856 [ἸῬ.

137 877 204 914 44,
232 866 295 904 28.
320 867 371 907 εἷς
391 865 622 918 ιΑλίαρτον]
651 870 836 910 Thebani
860 886 985 924 quum
1005 873 1065 911 ()l.
1092 875 1157 924 96,
1179 887 1212 912 Ι.
1238 877 1292 924 (a.
1316 887 1396 927 395
1417 892 1453 915 a.
1473 876 1591 927 Chr.)

80 919 335 960 audivissent
375 922 723 964 Lacedaemonios
765 926 803 964 in
844 926 1058 967 Boeotiam
1100 929 1372 982 irruptionem
1410 933 1594 971 facturos

80 988 183 1021 esse,
214 976 413 1016 auxilium
444 979 497 1018 ab
534 980 863 1021 Atheniensilms
900 983 1150 1036 1⁷)etiverunt,
1187 985 1296 1038 iique
1331 986 1592 1040 'l‘hrasybulo

81 1030 296 1071 Steiricnsi
336 1038 507 1074 auctore
542 1037 857 1088 praestiterunt.
921 1039 1116 1092 Xenoph.
1154 1040 1262 1080 Hell.
1300 1056 1336 1095 3.
1370 1056 1408 1095 5,
1448 1054 1466 1094 7
1503 1058 1591 1096 sqq.

81 1085 295 1126 Plutarch.
327 1089 527 1141 Lysandr.
563 1094 626 1131 28.
695 1093 856 1132 Sievers
893 1094 1037 1135 histor.
1067 1097 1252 1136 Graecae
1284 1113 1322 1150 p.
1353 1104 1403 1151 (³3
1435 1114 1523 1151 sqq.
1550 1105 1593 1139 ct

78 1142 175 1194 384.
200 1157 258 1196 sq.
293 1144 505 1185 SAUPP.
567 1148 683 1187 Conf.
707 1163 744 1201 p.
772 1152 863 1200 258,
895 1163 953 1189 10.

135 1198 268 1251 πρῴην
290 1202 343 1241 εἰς
365 1202 516 1255 Πύλας]
540 1203 666 1243 Anno
687 1209 785 1244 ante
808 1205 913 1245 hauc
935 1207 1179 1255 orationem,
1204 1208 1229 1247 i.
1252 1223 1285 1247 e.
1310 1209 1471 1263 Olynlp.
1500 1213 1589 1258 106,

81 1266 120 1303 4.
146 1254 220 1305 (A.
245 1255 289 1294 C.
310 1258 427 1308 352.)

135 1323 203 1359 44,
225 1323 288 1360 29.
312 1312 415 1351 οὔτοι
436 1318 637 1356 παντελῶς
659 1333 690 1355 κ.
713 1332 744 1355 τ.
768 1316 823 1369 λ.]
847 1318 961 1357 Citat
983 1318 1020 1357 h.
1045 1318 1069 1357 l.
1093 1319 1381 1373 Hermogenes
1403 1336 1442 1374 p.
1466 1335 1532 1375 90,
1556 1336 1589 1361 1.

78 1364 147 1403 ubi
172 1364 370 1420 Hermog.
392 1368 570 1408 Aldinus
591 1385 616 1410 a
639 1371 900 1425 Crispiniano
923 1374 1033 1413 haud
1055 1389 1201 1427 parum
1224 1375 1459 1430 discrepat;
1494 1392 1589 1417 nam

79 1420 235 1460 Portus
252 1422 307 1461 ibi
322 1423 533 1475 vulgatam
550 1425 918 1468 Delnosthenicam
933 1429 1136 1470 exhibuit.
1182 1430 1470 1485 Hermogenes
1488 1434 1589 1472 Aldi

79 1475 136 1516 sic
158 1478 307 1517 refert:
340 1478 384 1518 οὔ
400 1476 440 1518 ’τι
462 1486 662 1523 παντελῶς
683 1483 798 1522 οὐδἐἰ
822 1485 874 1534 μὴ
895 1485 1079 1534 ποιήσετε
1106 1487 1152 1535 νὴ
1176 1488 1266 1533 Δία,
1290 1489 1340 1529 ὡς
1362 1489 1485 1540 ἔγωγε
1510 1492 1586 1540 κρί-

79 1548 143 1580 νω,
168 1533 509 1585 εὐκαταφρόνητον
530 1537 651 1585 ἔσται,
676 1539 738 1577 ἵνα
758 1537 780 1588 ἢ
802 1542 864 1578 διὰ
890 1541 958 1579 τὸν
981 1542 1112 1590 φόβον
1141 1543 1247 1583 εἰδὼς
1273 1544 1475 1594 εὐπρεπεῖς
1496 1547 1590 1594 ὑμᾶς

79 1589 312 1640 ἀπόσχηται,
347 1589 368 1639 ἢ
402 1591 570 1642 παριδὼν
604 1610 636 1632 τ.
659 1595 693 1632 ἀ.
718 1600 756 1632 λ.
791 1595 983 1635 REISK.
1046 1596 1138 1636 Hos
1173 1604 1402 1650 apparatus
1439 1600 1590 1640 Demo-

78 1643 244 1684 sthenes
267 1647 520 1687 necessarios
543 1663 631 1688 esse
658 1649 769 1695 dicit.
793 1656 839 1691 ut
867 1651 1096 1705 repentinis
1123 1653 1200 1692 illis
1224 1654 1403 1708 Philippi
1425 1657 1590 1709 expedi-

77 1698 261 1739 tionibus
293 1701 484 1742 celeriter
519 1709 562 1743 ct
593 1709 761 1744 strenue
798 1708 957 1746 occurri
991 1708 1135 1761 possit.
1199 1709 1280 1748 Sed
1316 1711 1477 1751 etiamsi
1512 1712 1589 1751 hoc

78 1755 362 1796 Athenienses
395 1758 544 1798 facturi
574 1774 656 1799 non
687 1767 837 1807 essent,
867 1768 1008 1803 tamen
1041 1770 1270 1817 apparatus
1303 1780 1385 1805 non
1421 1767 1590 1808 inutiles

75 1810 163 1851 fore
181 1828 190 1857 ;
225 1826 320 1851 nam
343 1814 670 1869 autUPhilippum
692 1822 805 1857 metu
823 1825 1077 1859 commotum
1098 1821 1367 1873 tranquillum
1389 1823 1587 1871 futurum,

75 1871 162 1915 aut,
187 1867 219 1906 si
252 1867 316 1907 his
349 1869 475 1922 copiis
499 1871 821 1912 Atheniensium
854 1876 1030 1927 superbe
1062 1876 1285 1916 contemtis
1314 1878 1465 1918 milites
1494 1894 1589 1919 suos

77 1936 127 1962 ex
164 1922 316 1963 finibus
350 1925 623 1966 Macedoniae
658 1928 711 1967 ad
745 1943 851 1969 nova
886 1931 993 1970 bella
1028 1931 1267 1979 abduceret,
1298 1933 1588 1974 Macedoniam

77 1977 211 2031 ipsam
232 1979 286 2018 ab
310 1980 641 2022 Atheniensibus
662 1984 746 2036 peti
770 1999 902 2037 posse.
966 1986 1108 2025 Minus
1130 1994 1244 2027 reete
1265 1988 1395 2041 igitur
1413 1990 1589 2029 Hermo—

75 2048 202 2087 genes
226 2034 379 2074 WValZii
400 2050 439 2089 3.
466 2051 505 2089 p.
528 2050 595 2089 51,
626 2052 663 2077 [1
691 2055 699 2077 :
740 2041 810 2090 ἤδη
841 2042 882 2080 δὲ
915 2042 976 2081 καὶ
1006 2042 1048 2081 τὸ
1077 2044 1334 2093 ψηφίσασθαι
1364 2046 1485 2094 μόνον
1513 2050 1588 2097 (sc.

76 2092 314 2141 λυσιτελεῖ).
375 2091 587 2132 SAUPP.

132 2156 200 2198 45,
223 2159 261 2199 3.
286 2147 385 2186 εἰσὶν
406 2149 442 2187 οῖ
470 2148 580 2187 πάντ’
606 2149 936 2204 ἐξαγγέλλοντες]
962 2154 1062 2192 Jam
1084 2160 1174 2194 tum
1202 2155 1330 2209 igitur
1351 2157 1469 2197 multi
1492 2158 1589 2197 Phi-

76 2199 176 2254 lippi
207 2202 330 2241 rebus
354 2203 535 2243 Athenis
556 2204 764 2245 favebant.
788 2207 850 2246 vel
883 2208 1081 2249 comitate
1114 2216 1157 2250 et
1187 2211 1450 2253 humanitate
1481 2214 1588 2267 regis

76 2256 188 2309 capti
205 2257 267 2296 vel
288 2259 463 2311 pecunia
479 2261 664 2313 corrupti
683 2277 692 2308 ;
725 2276 775 2301 ex
797 2277 938 2302 eorum
955 2279 1125 2305 numero
1142 2266 1295 2307 fuerint
1315 2268 1587 2317 Philocrates,

78 2311 288 2365 Phrynon,
311 2314 617 2363 Aristodemus,
642 2317 952 2370 Neoptolemus,
972 2320 1210 2375 Ctesiphon.
1233 2323 1314 2363 alii.
1376 2325 1589 2365 SAL'PP.

79 2367 143 2407 De
165 2368 438 2409 Aristodemo
471 2376 513 2410 et
542 2371 816 2425 Neoptolemo
849 2375 1132 2420 histrionibus.
1156 2378 1321 2431 saepius
1354 2381 1407 2419 ab
1438 2381 1588 2421 Demo-

77 2423 224 2463 sthene
258 2427 498 2466 memoratis
534 2429 600 2479 (ut
633 2443 671 2481 p.
702 2442 790 2481 150,
827 2441 862 2481 7.
894 2433 960 2484 58,
999 2434 1084 2483 22.)
1127 2433 1256 2473 etiam
1294 2435 1509 2476 Tourellus
1545 2443 1587 2477 et

77 2478 364 2520 Boehneckius
386 2481 627 2535 cogita-runt
651 2484 890 2534 Quaestion.
914 2487 990 2526 vol.
1019 2502 1050 2528 1.
1074 2503 1113 2541 p.
1139 2501 1232 2539 244.

133 2548 200 2587 45,
226 2546 262 2587 7.
297 2537 345 2575 ἂν
367 2538 463 2590 ἐνδῷ
485 2539 633 2592 καιρόν]
657 2540 993 2593 Comparandum
1015 2558 1107 2584 cum
1129 2545 1406 2585 locutionibus
1427 2548 1586 2600 pervul-

75 2590 186 2643 gatis
207 2591 340 2641 λαβήν
360 2592 422 2631 vel
443 2595 620 2641 μαλακόν
641 2611 676 2634 τι
699 2597 889 2636 ἐνδοῦναι.

131 2658 199 2697 45,
236 2647 272 2685 8.
314 2645 890 2706 δεδόχθαι-παρεσκευάσθαι]
936 2653 984 2691 In
1025 2658 1213 2707 tempore
1254 2656 1437 2708 perfecto
1478 2658 1585 2698 inest

75 2699 325 2754 significatio
346 2703 604 2743 necessitatis
625 2711 854 2758 apparatus
875 2708 1068 2747 absoluti.
1091 2724 1129 2762 p.
1153 2724 1218 2761 90,
1244 2723 1309 2751 22.
1330 2713 1418 2762 περὶ
1438 2715 1584 2753 τούτων

76 2754 105 2794 δ’
129 2756 234 2805 οἶμαι
254 2757 323 2806 τὴν
344 2759 533 2809 ταχίστην
550 2763 765 2810 συμφέρειν
784 2763 844 2801 καὶ
860 2767 1154 2813 βεβουλεῦσθαι
1172 2766 1233 2804 καὶ
1254 2768 1583 2816 παρεσκευάσθαι.

76 2823 115 2861 p.
146 2813 232 2857 182,
257 2823 321 2865 23.
349 2814 411 2852 καὶ
436 2816 483 2853 τὰ
508 2816 580 2863 μὲν
608 2816 768 2865 σώματα
799 2822 918 2857 ταῦτα
947 2820 1043 2858 οὕτω
1077 2820 1336 2872 συντετάχθαι
1363 2825 1461 2873 φημὶ
1486 2827 1579 2864 δεῖν.

77 2864 283 2906 BREMI.

132 2934 199 2974 45,
216 2935 253 2974 9.
277 2923 370 2973 πρὸς
391 2925 430 2963 δὲ
454 2925 616 2978 τούτοις]
639 2927 710 2977 πρὸ
734 2929 775 2967 δὲ
792 2930 936 2969 τούτων
959 2929 999 2969 S.
1018 2930 1169 2983 aliique
1190 2933 1385 2980 nonnulli.
1401 2933 1454 2973 ad
1472 2935 1582 2986 quod
