1934 3179
326 119 408 157 434
882 121 995 161 PRO
1028 120 1277 161 CORONA.

325 220 489 271 εἰσῄειτε
509 224 562 265 εἰς
583 225 650 265 τὰς
672 224 814 274 Θήβας
837 226 878 263 ἐν
899 229 979 266 τοῖς
1000 226 1135 266 ὅπλοις
1157 225 1477 274 διεσκευασμένοι
1503 226 1563 264 καὶ
1585 227 1621 265 οἱ
1640 227 1746 273 πεζοὶ
1772 227 1833 266 καὶ

324 278 360 316 οἱ
383 279 522 323 ἱππεῖς,
546 280 651 329 πρὶν
672 281 772 329 περὶ
799 281 1064 331 συμμαχίας
1088 281 1195 329 μίαν
1218 281 1363 329 μόνην
1385 281 1630 329 συλλαβὴν
1653 280 1833 332 γράψαι

327 334 641 383 Δημοσθένην.
705 335 916 374 Haeccine
955 334 1177 374 manifesta
1217 334 1432 374 mendacia
1472 335 1656 387 potuisse
1692 350 1833 376 coram

319 387 531 439 judicibus
554 389 658 430 dici?
720 390 851 429 Immo
876 404 969 429 cum
994 390 1137 429 ederet
1166 390 1409 438 orationem,
1432 390 1534 430 haec
1563 395 1605 430 et
1634 390 1736 431 talia
1761 391 1832 431 ad-

325 442 443 482 didit.
488 444 711 484 DISSEN.

383 511 475 551 299,
502 510 564 549 27.
593 501 655 539 ἵνα
679 501 750 539 τάν
770 517 875 553 μεσῳ
896 500 1142 552 παραλείπω]
1180 501 1401 541 Pertinent
1431 501 1510 540 huc
1533 515 1638 554 quae
1661 501 1833 540 Aeschi-

323 567 395 592 nes
427 560 570 594 na1rat
601 570 639 608 p.
669 569 726 605 14,
749 568 802 608 32
826 555 1014 608 66(1(1.,61
1040 569 1136 595 vera
1168 560 1276 603 sunt,
1305 556 1545 609 Philippum
1575 561 1673 610 post
1703 557 1834 596 ictum

322 609 465 648 foedus
497 625 640 663 pacem
665 611 801 650 facere
823 611 1009 657 voluisse,
1033 625 1295 664 nequaquam
1318 612 1500 651 Graecos
1522 612 1830 665 despicientem,

323 665 432 703 unde
459 665 733 719 magistiatus
756 667 1050 706 Thebanorum
1081 671 1123 705 et
1155 666 1242 720 ipse
1272 668 1326 706 ad
1357 682 1502 720 pacem
1532 667 1830 716 inclinaverint,

321 734 370 759 ac
403 720 577 760 remissa
612 721 795 761 subsidia
829 721 1149 761 Atheniensium
1185 736 1273 762 esse
1304 723 1390 775 jam
1422 737 1587 776 egressa
1618 723 1753 771 domo,
1785 728 1832 763 ut

323 775 449 814 etiam
486 777 807 817 Atheniensium
843 777 1018 831 populus
1054 777 1315 818 deliberalet.
1384 778 1466 817 Sed
1501 779 1714 818 obstitisse
1751 778 1831 818 De-

321 831 605 878 mosthene1n3
645 847 773 885 (1111116
807 833 1101 879 Boeotarchas,
1135 847 1185 872 ne
1221 833 1454 886 proditores
1489 834 1688 874 Graeciae
1722 833 1832 874 vide-

321 891 478 935 rentur,
504 888 678 928 educere
709 889 937 928 exercitum
963 888 1202 928 decrevisse.
1265 889 1421 928 Narrat
1453 890 1504 929 de
1535 890 1611 928 hoc
1643 895 1830 943 tempore

326 941 579 982 Plutarchus
602 944 655 983 V.
679 944 897 984 Demosth.
921 958 953 983 0.
981 946 1040 982 18.
1104 943 1155 982 V.
1181 944 1380 983 Phocion.
1405 959 1439 983 c.
1464 947 1523 984 16.
1567 945 1792 984 DISSEN.

382 1010 473 1051 299,
499 1000 562 1038 28.
593 999 682 1038 ὥστ’
707 1000 778 1048 ἔξω
810 1004 885 1038 τῶν
912 1001 1081 1039 ὁπλιτῶν
1109 1000 1168 1038 καὶ
1198 999 1344 1039 ἱππέων
1365 999 1508 1053 ὄντων]
1543 1000 1599 1039 H.
1625 1016 1658 1040 e.
1681 1007 1723 1040 ut
1744 1015 1832 1040 cum

320 1059 432 1092 eoetra
471 1068 601 1094 muros
635 1055 692 1094 <th
730 1055 861 1094 urbem
897 1055 1153 1094 consedissent
1189 1055 1321 1108 copia(
1357 1062 1524 1102 nostrae,
1560 1070 1600 1094 m
1635 1057 1765 1096 domos
1799 1062 1832 1096 et

321 1108 452 1148 urbem
487 1110 703 1162 r‘ecz‘pemnt
736 1111 959 1150 eoeaelcitum.
1026 1110 1113 1149 Alii
1148 1125 1241 1149 cum
1277 1110 1445 1150 Reiskio
1486 1111 1542 1150 sic
1580 1111 1829 1165 intellig-‚unt

325 1164 546 1205 Thebanos
569 1180 665 1206 suas
688 1166 829 1219 copias
860 1166 902 1205 in
931 1171 1072 1205 castra
1094 1169 1214 1205 extra
1234 1166 1379 1205 urbem
1404 1166 1630 1229 ablegasse,
1654 1167 1832 1207 Atheni-

322 1220 521 1260 ensibus
510 1236 552 1260 111
570 1222 713 1261 urbem
729 1222 921 1275 receptis.
964 1221 1046 1261 Sed
1064 1221 1213 1261 desunt
1235 1222 1492 1274 pronomina,
1512 1236 1616 1275 quae
1639 1222 1696 1262 sic
1718 1223 1830 1262 nullo

323 1276 446 1315 modo
482 1277 628 1317 abesse
663 1282 872 1330 poterant.
941 1277 1149 1317 Caeterum
1184 1277 1393 1317 rarissime
1429 1282 1493 1317 est
1527 1278 1684 1317 factum
1719 1278 1831 1331 apud

323 1336 482 1371 veteres
504 1337 551 1372 ut
576 1333 728 1373 milites
755 1333 797 1372 in
818 1333 963 1373 domos
985 1332 1279 1385 reciperentur,
1303 1332 1400 1385 quia
1423 1333 1558 1372 minus
1586 1348 1729 1373 severa
1750 1334 1831 1373 dis—

324 1387 474 1440 ciplina
494 1388 686 1428 militaris
709 1394 799 1429 erat
823 1403 946 1443 quam
968 1388 1102 1433 hodie,
1127 1388 1204 1427 vid.
1230 1388 1410 1427 Boeckh.
1431 1389 1482 1428 de
1500 1389 1652 1428 Oecon.
1672 1389 1828 1429 Athen.

331 1456 360 1481 1.
383 1458 422 1496 p.
445 1445 542 1496 306.
586 1444 810 1484 DISSEN.

381 1511 477 1552 300,
502 1512 537 1539 2.
560 1502 607 1539 τὰ
628 1499 856 1550 τιμιώτατα]
889 1499 1093 1539 Additum
1120 1499 1381 1539 abundantia
1403 1499 1611 1540 oratoria:
1646 1514 1742 1540 nam
1771 1500 1831 1540 ni-

323 1554 380 1592 hil
415 1554 641 1608 quidquam
682 1555 823 1596 differt
861 1556 914 1595 ab
954 1554 1310 1601 antecedentibus.
1351 1559 1489 1597 παῖδας
1531 1556 1593 1594 καὶ
1633 1560 1829 1607 γυναῖκας.

323 1609 546 1681 Compares
567 1611 775 1663 poeticum
797 1613 843 1650 τὰ
865 1613 1046 1661 φίλτατα.
1090 1610 1340 1649 SOHAEF.

379 1668 465 1716 τρία
487 1665 677 1714 ἕδειξαν’
661 1668 829 1717 εγκώμια
852 1665 933 1705 καθ’
952 1667 1071 1718 ὑμῶν]
1109 1665 1163 1704 V
1185 1665 1299 1718 adp.
1323 1667 1388 1713 68,
1415 1678 1450 1706 2.

378 1723 670 1772 300,12.ουτε
691 1721 1079 1773 γὰρ-ἐνεκάλεσεν]
1119 1720 1263 1761 Gitant
1286 1721 1445 1760 Allecd.
1469 1721 1598 1760 Bekk.
1622 1737 1659 1775 p.
1682 1724 1770 1769 160,
1791 1724 1828 1762 8.

378 1844 474 1884 300,
504 1846 565 1885 13.
566 1809 667 1872 'rofi
702 1832 982 1885 στρατοπέδου]
1025 1832 1211 1872 Subaudi
1248 1835 1315 1871 τοῦ
1349 1832 1545 1882 ὑμετέρου.
1605 1832 1828 1885 00111111·11111

322 1891 566 1935 vestr,a1um
590 1903 692 1942 quas
716 1888 924 1928 Thebanis
946 1888 1098 1928 auxilio
1120 1888 1243 1927 miser
1244 1887 1337 1927 atis.
1382 1887 1577 1926 REISK.

378 1956 558 1996 300,15
585 1945 673 1984 οὐδὲ
704 1943 857 1997 ἀδίκως]
895 1944 956 1983 Ν6
987 1958 1061 1996 1161·
1092 1944 1206 1982 nefas
1237 1942 1415 1995 quidem,
1447 1957 1499 1982 ne
1530 1943 1634 1982 falsa
1665 1943 1829 1995 quidem

321 1998 621 2047 criminatione,
644 2000 795 2038 nedum
817 2014 925 2038 ver.a
970 1999 1162 2038 REISK.

378 2055 433 2095 δίς
460 2071 502 2094 τε
528 2055 882 2105 συμπαραταξαμει
884 2072 920 2093 οι
949 2071 1014 2095 τας
1044 2056 1195 2104 πρώτας
1224 2053 1364 2105 μάχας,
1387 2070 1457 2102 την
1477 2052 1507 2092 τ’
1532 2054 1594 2093 ἐπὶ
1621 2055 1688 2092 τοῦ
1714 2070 1829 2093 ποτα-

318 2113 392 2157 μοῦ
422 2110 482 2148 καὶ
507 2110 575 2158 τὴν
597 2111 835 2163 χειμερινην]
875 2110 913 2148 V
919 2110 1077 2149 idemus
1108 2114 1206 2149 ante
1237 2109 1462 2148 maximum
1493 2108 1693 2161 proelium
1725 2108 1829 2148 duas

320 2164 423 2204 alias
449 2165 653 2204 commiss
644 2180 689 2205 16
714 2179 885 2219 pugnas,
911 2165 1002 2204 Hec
1005 2165 1280 2205 atombaeone
1302 2164 1468 2204 circiter
1487 2164 1622 2203 medio
1644 2164 1740 2203 anni
1764 2164 1827 2203 Ol.

326 2233 415 2265 110,
450 2233 487 2272 3.
555 2222 616 2259 Αο
647 2220 761 2273 prior
794 2221 959 2274 quidem
995 2221 1107 2260 haud
1143 2220 1266 2259 dubie
1302 2220 1355 2259 ad
1385 2220 1607 2273 Oephisum
1642 2224 1829 2272 pugnata

321 2279 397 2322 est,
431 2275 500 2327 qui
537 2275 683 2314 fluvius
718 2275 1000 2329 progredienti
1036 2275 1185 2315 Elatea
1217 2275 1434 2315 Boeotiam
1462 2289 1602 2314 versus
1636 2275 1828 2328 Philippo

320 2330 590 2382 trajiciendus
626 2335 729 2377 erat,
758 2344 824 2380 40.
860 2332 968 2370 stad.
1000 2346 1024 2370 a
1052 2331 1304 2375 Chaeronea,
1338 2330 1471 2383 prima
1503 2330 1679 2370 Boeotia
1713 2331 1826 2370 urbe.

323 2386 403 2425 Sed
434 2386 656 2438 χειμερινήν
682 2390 923 2439 corruptum
952 2391 1026 2425 est.
1095 2386 1198 2425 Cum
1228 2391 1367 2425 aestas
1398 2390 1520 2433 esset,
1548 2385 1827 2438 interpretan-

320 2445 390 2479 tur
420 2442 703 2494 procellosam,
726 2441 906 2494 procella
934 2441 1167 2487 diremtam,
1191 2440 1319 2480 etiam
1348 2440 1531 2480 Boeckh.
1555 2441 1606 2479 de
1636 2441 1825 2481 archont.

319 2497 517 2548 pseudon.
543 2512 581 2550 p.
605 2510 695 2547 1¹4·
718 2501 761 2536 et
783 2496 1037 2535 &Viniewski
1065 2512 1103 2549 p.
1129 2508 1236 2547 249„
1269 2496 1341 2535 sed
1372 2496 1479 2535 hanc
1510 2495 1708 2547 χειμέριον
1739 2496 1826 2535 dix-

319 2551 418 2592 isset
452 2553 754 2592 Demosthenes
784 2556 978 2591 monente
1011 2551 1244 2599 Schaefero,
1271 2551 1376 2590 conf.
1403 2551 1581 2590 Lobeck.
1608 2551 1661 2590 ad
1695 2551 1826 2604 Phry-

320 2607 428 2647 nich.
446 2623 484 2661 p.
499 2621 567 2661 52.
589 2612 633 2647 et
655 2607 768 2647 Bosii
793 2607 933 2660 Ellips.
952 2622 990 2660 p.
1008 2609 1105 2657 406.
1170 2607 1263 2659 Ipse
1287 2607 1530 2646 Schaeferus
1551 2610 1674 2659 putat
1694 2606 1826 2647 latere

318 2677 467 2703 nomen
491 2678 652 2717 pugnae
673 2664 726 2703 ad
748 2668 978 2703 torrentem
997 2662 1268 2715 (χειμάρρουν)
1289 2662 1543 2702 commissae.
1597 2661 1663 2701 Sic
1685 2666 1826 2702 tamen

318 2718 566 2758 habebimus
597 2733 778 2772 pugnam
809 2719 862 2758 ad
893 2718 1060 2758 fluvium
1090 2723 1131 2758 et
1164 2717 1288 2757 aliam
1318 2719 1372 2757 ad
1397 2722 1627 2757 torrentem
1655 2717 1823 2765 dictam,

319 2774 428 2825 quod
451 2789 531 2813 non
554 2774 782 2827 probabile.
844 2776 1065 2814 Caeterum
1087 2773 1178 2812 vide
1200 2774 1249 2812 de
1271 2773 1348 2812 hoc
1380 2773 1469 2813 loco
1496 2773 1623 2812 etiam
1645 2772 1823 2812 Clinton.

320 2828 438 2867 Fast.
465 2830 626 2869 Hellen.
642 2830 718 2869 vol.
743 2842 779 2870 2.
805 2830 912 2882 App.
939 2831 998 2869 16.
1041 2828 1266 2868 DISSEN.
1326 2828 1456 2880 μάχην
1482 2828 1703 2879 χειμερινὴν
1724 2828 1825 2866 nihil

318 2885 429 2924 alind
452 2885 683 2938 significare
706 2899 826 2937 posse
845 2899 968 2938 quam
990 2898 1171 2937 pugnam
1194 2883 1338 2923 hiemis
1359 2889 1546 2936 tempore
1563 2883 1823 2922 commissam
