1935 3205
659 140 780 179 vim
803 139 1064 179 lflFA'l‘lo.
1515 138 1605 177 xlvii

100 256 214 295 gustu
236 248 400 296 quodam
433 261 602 284 mearum
626 248 659 284 in
687 249 986 284 Demosthenem
1015 247 1324 283 lucubrationum
1348 246 1447 280 viros
1478 245 1609 281 doctos

99 312 291 348 imbuerit.

800 369 826 410 ᾗ.
855 379 865 400 1
884 378 912 400 2.

569 435 624 470 De
648 435 896 470 Demosthenis
918 434 1146 469 versionibus.

153 505 371 551 Antequam
404 505 448 540 ad
478 506 627 541 codices
651 507 781 540 ,ustos
803 506 910 540 Dein.
934 513 1099 546 transeo,
1123 504 1223 552 prius
1245 503 1291 539 de
1315 502 1460 538 Latinis
1492 503 1607 537 inter-

99 568 376 616 pretationibus
406 569 653 617 singularium
687 569 923 616 (piarundam
955 568 1169 604 orationum
1204 568 1315 603 Dem.
1348 580 1480 616 agam:
1520 579 1607 601 nam

100 632 146 668 de
172 632 364 668 ll'olliana
394 632 557 668 universi
592 633 699 668 Dein.
736 633 824 680 quid
857 633 991 668 attinet
1023 632 1159 672 dicere,
1192 644 1288 679 qnae
1319 640 1375 667 est
1406 631 1442 666 in
1473 631 1609 680 vulgus

101 704 204 737 nota,
229 705 266 731 et
287 697 333 732 de
356 710 431 743 qna
445 699 524 745 jam
547 709 671 744 snpra,
690 709 774 731 cum
799 697 844 731 de
861 696 1052 731 &Voltiana
1073 696 1240 732 editione
1263 708 1473 744 ageremus,
1496 708 1609 743 saepe

100 760 427 796 commemorandi
450 759 555 795 locus
575 767 631 795 est
652 760 790 795 datus?
850 760 979 795 Meum
1004 761 1169 807 denique
1191 774 1267 795 non
1291 768 1347 795 est
1370 759 1542 808 judicare
1565 759 1610 794 de

99 824 287 863 versione,
311 836 385 871 qua
407 836 529 871 paene
558 837 746 871 nusquam
769 824 814 859 ad
837 824 907 859 1100
929 825 1002 859 diei
1025 837 1115 859 usus
1146 838 1242 865 sum,
1265 832 1301 859 et
1331 824 1521 858 rarissime
1553 831 1608 858 at-

99 887 205 936 tingo
232 888 389 923 Latinas
417 888 646 923 Graecorum
680 896 876 923 auctorum
906 889 1108 924 versiones.
1169 889 1355 924 Universe
1386 900 1607 935 persuasum

99 951 191 986 mihi
222 952 344 987 habeo
373 952 512 987 bonam
543 964 637 987 esse.
697 952 735 987 Si
764 952 894 987 naevis
917 952 1142 999 quibusdam
1164 952 1372 991 obsidetur,
1395 951 1532 998 ecquid
1554 959 1610 986 est

99 1027 226 1050 rerum
261 1015 512 1050 humanarum
543 1017 714 1050 omnium
746 1016 844 1050 vitiis
878 1016 1037 1063 expers?
1069 1016 1177 1051 eccui
1211 1015 1276 1051 uni
1308 1023 1386 1051 tam
1423 1014 1538 1061 longo
1572 1015 1607 1050 in

98 1092 212 1127 opere
242 1092 399 1115 somnus
428 1092 503 1114 non
528 1080 711 1127 obrepat?
772 1079 919 1114 Horum
949 1080 1064 1128 igitur
1089 1079 1342 1127 interpretum
1373 1079 1458 1126 quia
1489 1091 1610 1126 paene

97 1142 190 1179 nihil
212 1157 379 1191 unquam
403 1157 528 1191 neque
550 1144 640 1184 vidi,
662 1156 788 1191 neque
812 1144 1004 1191 usurpati,
1027 1156 1183 1179 neccsse
1205 1143 1327 1178 habeo
1350 1143 1529 1190 quicquid
1553 1151 1610 1178 est

98 1207 209 1257 hujus
239 1208 398 1243 notitiae
426 1220 469 1243 ex
492 1208 668 1243 Andreae
690 1208 839 1243 Schotti
864 1208 1055 1243 parallelis
1086 1220 1200 1255 supra
1229 1207 1393 1243 laudatis
1424 1214 1607 1255 repetere,

99 1271 163 1318 qui
184 1284 267 1319 cap.
285 1272 353 1307 VI.
377 1272 423 1308 de
444 1272 715 1319 interpretibus
737 1272 934 1307 Demosth.
959 1272 1047 1321 egit.
1108 1272 1181 1307 Ubi
1204 1280 1405 1318 postquam
1433 1271 1478 1306 de
1502 1270 1609 1306 Wol-

98 1336 199 1371 fiana
227 1336 470 1383 disputasset,
503 1336 554 1371 sic
585 1336 730 1384 pergit:
766 1335 985 1383 “Singulas
1015 1348 1106 1371 vero
1136 1343 1250 1371 antea
1278 1336 1470 1370 orationes
1502 1347 1610 1370 exer-

98 1400 210 1435 cendi
232 1399 329 1435 forte
350 1399 435 1447 styli
457 1399 590 1448 gratia,
613 1412 655 1434 ac
681 1399 853 1447 plerique
880 1399 982 1435 aliud
1010 1406 1169 1449 agentes
1195 1407 1491 1438 converterunt;
1524 1398 1607 1434 Phi-

97 1463 255 1511 lippicas
287 1463 440 1511 quidem
474 1471 638 1511 quatuor
670 1464 808 1499 Paulus
837 1463 1048 1505 Manutius,
1076 1465 1192 1499 homo
1224 1464 1399 1503 disertus,
1433 1462 1607 1503 reddidit,
1625 1471 1659 1493 LI

98 1528 349 1577 Olynthiacas
373 1540 463 1563 vero
492 1528 657 1575 plurimi,
678 1528 737 1564 Jo,
757 1528 928 1570 Camers,
949 1527 1061 1563 Vitus
1082 1528 1372 1576 Amerpachius‚
1395 1526 1531 1562 additis
1562 1526 1609 1561 ab

97 1602 260 1642 utroque
291 1593 455 1634 scholiis,
486 1594 654 1629 Jacobus
683 1593 852 1629 Grifolus
878 1593 1184 1636 Lucinianensis,
1216 1593 1280 1640 qui
1312 1601 1351 1628 et
1381 1592 1610 1639 Philippicas

97 1658 191 1694 duas
222 1665 260 1693 et
288 1670 404 1693 unam
436 1657 483 1692 de
514 1669 608 1705 pace
641 1657 904 1705 interpositam
940 1656 1116 1692 reddidit.
1177 1656 1237 1692 De
1268 1669 1362 1704 pace
1394 1656 1608 1692 orationem

98 1734 250 1770 quoque
272 1721 386 1757 vertit
410 1720 584 1756 ,Iustinus
606 1720 808 1763 Goblerus,
832 1729 870 1757 et
892 1721 1023 1756 Petrus
1045 1721 1239 1757 Braechus
1260 1721 1519 1761 Placentinus,
1544 1721 1608 1768 qui

97 1793 135 1821 et
155 1798 238 1821 earn
260 1786 306 1821 de
323 1785 578 1821 Cherrhonesi
598 1785 723 1821 rebus.
764 1785 825 1821 De
847 1785 1030 1822 classibus
1050 1785 1221 1821 Joannes
1239 1785 1463 1821 Lonicerus.
1505 1785 1607 1820 Con-

97 1858 156 1885 tra
175 1849 453 1885 Androtionen]
477 1848 681 1884 Bassianus
704 1849 859 1884 Landus
880 1848 1136 1884 Placentinus.
1168 1848 1311 1882 Contra
1334 1847 1537 1895 Leptinen]
1560 1848 1606 1883 de

96 1913 337 1949 immunitate
359 1913 496 1949 Petrus
517 1913 693 1948 Nannius
715 1912 994 1948 Alcmarianus.
1054 1912 1186 1947 Plures
1216 1911 1255 1946 in
1286 1910 1495 1946 Basileensi
1526 1912 1604 1947 edi·

97 1977 202 2013 tione
222 1977 465 2024 interpretes,
488 1977 517 2012 si
538 1977 654 2017 voles,
676 1977 820 2026 leges.''
870 1976 978 2012 Haec
1000 1974 1194 2011 schottus.
1252 1974 1344 2011 Seil.
1366 1975 1404 2010 in
1427 1975 1606 2010 editionis

95 2040 242 2089 primae
262 2040 478 2076 Wolfianae
500 2040 603 2076 calce
626 2041 833 2076 multorum
860 2039 1197 2087 interpretationes
1224 2037 1469 2087 singularium
1490 2046 1604 2075 oratt.

98 2104 302 2140 Demosth.
322 2104 515 2153 leguntur,
539 2117 635 2151 quae
658 2103 695 2139 in
715 2112 910 2152 postrema
931 2103 1091 2139 omissae
1112 2111 1213 2139 sunt.
1264 2104 1353 2138 Post
1372 2102 1436 2138 illa
1455 2101 1605 2138 Schotti

97 2175 272 2215 tempora
300 2168 460 2203 accessit
489 2168 561 2203 1100
592 2168 742 2203 saeculo
766 2167 996 2203 Lucchesini
1024 2167 1288 2215 interpretatio
1309 2166 1604 2214 Philippicarum

97 2231 199 2267 edita
223 2232 368 2266 Romae
399 2244 500 2266 anno
525 2242 637 2278 1712.
669 2232 705 2266 in
737 2238 803 2277 4to
833 2243 920 2267 cum
949 2238 1054 2267 texto
1085 2231 1233 2266 Graeco
1265 2238 1302 2266 et
1331 2230 1432 2266 notis
1463 2231 1604 2266 criticis

96 2295 374 2342 historicisque.
444 2296 508 2332 Jo,
530 2295 758 2331 Vincentius
789 2294 1046 2330 Lucchesinus
1081 2293 1151 2330 fuit
1184 2294 1368 2330 Patricius
1402 2294 1601 2330 Lucensis.

98 2359 258 2394 Videtur
277 2359 486 2406 periculum
507 2358 634 2394 facere
655 2366 721 2394 aut
741 2358 958 2406 exemplum
979 2358 1068 2394 dare
1090 2357 1254 2394 voluisse
1276 2357 1531 2394 conferendae
1556 2359 1602 2394 ad

96 2423 211 2458 Dem.
230 2422 429 2458 Tullianae
458 2422 672 2463 facundiae,
704 2435 856 2470 unaque
887 2422 1214 2470 interpretationis
1243 2422 1292 2457 W
1296 2422 1457 2458 olfianae
1488 2423 1602 2457 casti-

95 2486 254 2536 gandae,
277 2487 340 2534 qui
360 2494 519 2522 conatus
540 2486 731 2534 quomodo
751 2486 822 2534 ipsi
842 2486 1011 2526 cesserit,
1033 2498 1228 2533 nunquam
1251 2486 1433 2533 quaesivi.
1490 2486 1602 2521 Vide-

95 2551 172 2585 rint
192 2550 267 2586 alii.
327 2549 536 2585 Dorvillius
557 2550 709 2597 quidem
731 2550 778 2585 ad
799 2550 1046 2586 Charitonem
1068 2562 1103 2597 p.
1124 2560 1208 2596 177.
1231 2562 1316 2585 eam
1335 2549 1537 2597 improbat.

150 2613 211 2649 De
241 2613 411 2649 francica
436 2613 617 2648 Tourellii
649 2612 809 2648 aliorum
842 2621 924 2649 esto
949 2613 1152 2661 judicium,
1179 2613 1272 2648 item
1305 2613 1352 2648 de
1379 2613 1603 2648 Britannica

96 2676 270 2717 Lelandi,
303 2677 440 2723 quibus
474 2677 657 2712 ambabus
692 2677 808 2712 carui.
867 2676 942 2712 Sed
976 2676 1107 2711 ambas
1142 2675 1286 2711 laudari
1320 2676 1445 2719 video,
1478 2688 1602 2723 neque

96 2741 306 2776 detractum
328 2740 391 2775 ibo
412 2739 516 2775 illam
537 2739 626 2786 ipsis
656 2740 821 2780 laudem,
844 2752 1076 2786 quamquam
1108 2752 1170 2774 me
1199 2752 1277 2775 non
1306 2739 1414 2789 fugit,
1437 2740 1526 2787 quid
1557 2741 1603 2775 de

96 2801 270 2838 laudibus
291 2802 536 2838 statuendum
558 2803 617 2844 sit,
640 2815 733 2849 quas
755 2803 874 2838 nostri
894 2802 1164 2842 Journalistae,
1188 2810 1253 2837 aut
1273 2803 1430 2838 venales
1452 2803 1506 2838 illi
1534 2803 1603 2838 bo-

96 2866 232 2906 mines,
254 2873 319 2901 aut
339 2865 385 2901 de
413 2866 526 2901 rebus
555 2878 689 2913 parum
711 2865 872 2914 cognitis
902 2873 1046 2900 temere
1071 2865 1245 2914 judicare
1274 2866 1387 2907 soliti,
1411 2875 1603 2915 spargunt.

97 2929 157 2964 De
186 2942 273 2965 mea
301 2930 530 2978 germanica,
555 2942 667 2976 quam
697 2928 810 2965 factio
837 2929 1023 2976 quaedam
1055 2928 1252 2964 hominum
1283 2930 1544 2977 improborum
1569 2939 1605 2966 et
