1935 3205
711 150 792 190 DE
829 150 994 191 PAGE.
1531 152 1610 190 125

156 256 278 307 63,1.
310 253 415 307 τάδε]
463 253 591 301 Haec,
620 268 725 307 quac
757 268 864 294 nunc
901 255 1014 294 facta
1047 258 1156 300 sunt,
1190 253 1391 307 imprimis
1428 253 1611 292 Phocen-

99 308 204 349 sium
226 309 443 358 excidium,
463 325 543 363 quo
565 316 608 350 ct
628 309 808 364 Philippi
831 316 873 350 et
895 310 1188 350 Thebanorum
1211 324 1309 363 opes
1332 315 1481 349 auctae
1502 314 1612 349 sunt.

103 365 325 405 FRANK.

157 423 223 475 63,
245 435 282 471 4.
318 423 364 460 τὰ
387 424 622 471 κελευόμενα
650 439 681 461 κ.
705 438 736 461 τ.
759 423 814 474 λ.]
842 420 1070 473 ’Ὑποφοράε
1106 422 1301 475 imperata
1329 421 1456 474 {qitzar
1476 421 1617 473 facere

99 490 167 517 nos
186 483 332 531 oportet
353 478 567 517 communis
588 477 678 517 belli.
704 485 808 517 metm
832 480 970 529 (ταῦτα
992 479 1109 529 φοβ.)
1128 478 1141 517 ’ἔ
1171 480 1218 517 τὰ
1247 478 1485 525 κελευόμενα
1507 477 1551 519 (i.
1575 492 1613 529 q.

101 534 126 573 ἃ
147 533 195 572 ἂν
213 533 426 573 κελεύωσιν
447 535 483 573 οἱ
503 533 816 587 Ἀμφικτύονες),
836 548 917 572 non
941 535 987 573 τὰ
1011 533 1273 573 κελευσθέντα
1295 533 1318 571 i.
1343 547 1376 571 0.
1400 547 1505 585 quac
1526 538 1616 572 tum

96 589 311 642 jusserunt
347 589 677 642 Amphictyones
712 590 765 630 ab
804 589 1134 629 Atheniensibus
1171 594 1264 629 rata
1305 588 1462 635 haberi,
1501 588 1615 635 dicit,

102 644 199 698 quia
219 645 321 685 haec
344 645 433 698 ipsa
455 650 502 685 ut
522 646 706 685 facerent
727 645 847 692 01100,
872 645 947 684 hac
970 645 1159 685 oratione
1181 644 1324 684 suasit.
1379 644 1539 683 FRAN
1551 645 1600 683 Κ.

159 702 226 754 63,
247 712 282 752 7.
305 702 418 740 οὐδὲν
439 701 612 754 ἀνάξιον]
637 701 748 740 Nihil
770 700 1031 753 indignitatis
1052 701 1179 740 habet
1203 715 1348 754 parere
1366 700 1617 754 Amphicty-

102 770 227 796 onum
249 757 428 803 decreto,
448 771 580 809 neque
597 758 757 809 justum
774 762 865 796 crat
882 761 977 796 acta
994 757 1349 809 Amphictyonum
1367 756 1615 803 rescindere,

101 816 145 852 et
162 812 343 851 omnium
361 812 401 851 in
419 827 462 852 se
479 812 689 853 concitare
707 812 814 859 odia,
833 812 984 852 bellum
1003 812 1178 864 denique
1195 827 1359 851 movere
1373 817 1460 851 tam
1475 812 1551 851 levi
1567 812 1617 851 de

102 882 249 908 caussa
269 867 436 907 mininie
458 874 572 908 certe
595 869 841 922 sapientum.
875 868 1083 907 DOUNA
1094 868 1222 906 EUS.
1284 868 1352 906 Ad
1376 871 1457 907 δεῖν
1491 873 1618 907 ποιεῖν

103 924 376 977 supplendum
397 928 461 964 est
482 925 591 974 ἡμᾶς.
656 924 938 964 Ennnciatum
963 928 1106 963 autem
1134 923 1211 962 1100
1233 924 1282 965 ὡς
1308 925 1617 974 οὔτε-δόξομεν

102 983 223 1019 πᾶσιν
245 980 366 1032 ἔχειν,
390 980 499 1033 quod
521 995 572 1019 ex
594 980 729 1020 verbis
757 981 863 1030 οἶμαι
885 983 965 1020 δεῖν
986 984 1113 1019 ποιεῖν
1141 979 1307 1032 pendet,
1331 979 1492 1019 relative
1513 979 1618 1019 acci-

103 1035 297 1089 piendum
320 1040 395 1083 est,
419 1041 465 1076 ut
487 1036 563 1075 sibi
586 1036 867 1089 respondeant
890 1037 939 1077 ὡς
961 1040 1003 1075 et
1025 1039 1150 1075 τοῦτο.
1213 1035 1386 1088 Saepius
1409 1035 1517 1074 enim
1538 1035 1617 1075 hae

104 1091 181 1131 sibi
203 1091 372 1139 formae,
395 1092 637 1131 adverbium
660 1093 709 1134 ὡς
731 1097 773 1132 ct
795 1092 1047 1145 adjectivum
1068 1094 1192 1139 τοῦτο,
1215 1091 1481 1144 respondent.
1540 1091 1618 1130 To-

103 1151 194 1187 tum
216 1147 344 1201 igitur
365 1148 630 1188 enunciatum
652 1148 708 1188 sic
725 1148 804 1188 erit
826 1147 1116 1201 explicandum
1136 1163 1143 1186 :
1178 1146 1276 1186 τοῦτ’
1296 1147 1401 1196 οἶμαι
1418 1148 1514 1196 ἡμᾶς
1535 1150 1617 1186 δεῖν

103 1208 244 1249 ποιεῖν,
268 1204 316 1246 ὡς
347 1205 434 1244 οὔτε
465 1204 661 1255 πράξομεν
693 1205 765 1243 rel.
799 1204 824 1242 i.
848 1219 883 1243 e.
922 1205 1098 1245 τοιαύτας
1131 1205 1198 1244 τὰς
1232 1202 1387 1253 πράξεις
1422 1204 1527 1253 ἡμῶν
1561 1206 1622 1242 δεῖ

106 1259 218 1305 εἶναι,
242 1260 319 1299 οἶαι
340 1261 427 1300 οὔτε
450 1259 599 1309 ἀνάξιοι
620 1261 725 1310 ἡμῶν
747 1261 905 1300 ἔσονται
926 1258 1014 1299 οὔτε
1042 1260 1218 1308 πόλεμον
1239 1259 1487 1309 παρέξουσιν,
1512 1260 1620 1298 ἀλλὰ

105 1315 352 1364 ποιήσουσιν,
374 1316 423 1357 ὡς
445 1320 537 1355 νοῦν
560 1317 721 1365 δόξομεν
742 1319 863 1355 πᾶσιν
892 1316 998 1367 ἔχειν
1024 1315 1097 1354 rel.
1161 1314 1224 1353 De
1245 1314 1357 1353 finali
1380 1314 1503 1367 hujus
1524 1329 1618 1367 pal·-

105 1370 269 1418 ticulae,
292 1372 351 1419 ὡς,
375 1371 676 1425 significatione
697 1372 774 1411 hoc
796 1372 884 1411 loco
906 1385 988 1410 non
1011 1376 1075 1410 est
1096 1370 1378 1424 cogitandum,
1398 1370 1494 1423 quia
1515 1370 1619 1410 haec

105 1426 351 1477 μήτε-μήτε
374 1432 574 1481 posceret.
636 1427 821 1467 VOEM.

164 1484 230 1536 63,
259 1495 321 1522 10.
344 1483 455 1536 πρὸς]
477 1483 693 1523 Adversus.

163 1538 370 1589 ὑπομένειν
394 1539 433 1579 11.
456 1539 481 1579 l.
509 1544 572 1580 est
605 1554 686 1579 11011
719 1538 910 1586 tolerare,
934 1538 1151 1586 sustinere,
1175 1539 1246 1578 sed
1279 1538 1444 1586 audere,
1468 1537 1619 1586 subire,

107 1594 262 1643 conari,
283 1595 503 1648 suscipere,
526 1595 710 1650 aggredi.
772 1595 964 1635 REISK.

164 1652 230 1704 63,
261 1663 318 1690 12.
350 1650 718 1705 ἡμεῖς-Ὠρωπόν]
749 1651 967 1691 Sententia
989 1655 1076 1690 est:
1111 1664 1257 1703 parum
1281 1656 1323 1690 et
1345 1649 1557 1702 sapienter
1578 1653 1622 1689 et

107 1710 350 1746 constanter
382 1721 452 1747 eos
483 1708 630 1754 facere,
654 1708 735 1760 qui,
764 1722 857 1747 cum
889 1707 943 1747 ad
975 1707 1135 1759 majora
1172 1711 1215 1746 et
1248 1721 1324 1745 sua
1357 1705 1618 1753 conniveant,

109 1776 312 1802 summum
329 1763 398 1816 jus
418 1763 459 1802 in
481 1763 709 1803 minoribus
730 1768 773 1803 et
794 1763 938 1803 alienis
959 1762 1086 1802 velint
1106 1762 1312 1815 persequi.
1376 1761 1569 1801 WOLF.

165 1820 232 1871 63,
261 1831 322 1869 ¹4·
356 1819 418 1859 καὶ
439 1817 1083 1873 Φιλίππῳ-παρακεχωρήκαμεν]
1123 1818 1267 1857 Citant
1296 1817 1459 1857 Anecd.
1487 1817 1621 1857 Bekk.

109 1889 148 1928 p.
176 1876 266 1922 161,
291 1887 356 1928 23.
377 1875 484 1915 male
506 1875 656 1915 omisso
677 1875 853 1915 articulo
874 1875 955 1916 τάς.
1020 1873 1351 1914 SCHAEFER.

167 1931 232 1984 63,
262 1942 324 1984 15.
351 1933 447 1970 κατὰ
467 1933 535 1972 τὰς
557 1930 766 1983 συνθήκας]
797 1930 920 1970 Pacis
941 1929 1200 1969 conditiones
1222 1929 1335 1968 dicit.
1398 1928 1621 1968 FRANK.

168 1988 234 2038 63,
264 1998 325 2037 17.
359 1986 426 2026 τὸν
449 1987 576 2039 Κᾶρα]
619 1986 800 2026 Idrieum
824 1985 972 2026 Cariae
998 1990 1211 2037 satrapam
1235 1985 1296 2024 vel
1328 1998 1479 2037 regem,
1506 1984 1626 2024 Mau-

112 2041 186 2081 soli
208 2041 271 2081 Ol.
299 2043 389 2089 106,
412 2057 450 2092 4.
472 2041 626 2081 mortui
652 2042 837 2084 fratrem.
862 2041 931 2094 qui
962 2047 1057 2094 post
1083 2040 1353 2080 Artemisiam
1376 2040 1439 2079 Ol.
1468 2051 1558 2091 107,
1587 2053 1621 2080 2.

112 2111 239 2151 regno
266 2097 425 2150 potitus
453 2103 543 2138 tum
574 2112 644 2137 eas
677 2097 844 2145 insulas,
867 2111 969 2150 quas
993 2096 1297 2136 Demosthenes
1330 2095 1531 2135 nominat.
1555 2095 1626 2135 ad-

113 2153 326 2193 oriebatur
345 2153 680 2205 (καταλαμβάνει)
699 2159 862 2206 occupat
884 2153 908 2192 i.
924 2167 958 2192 e.
983 2166 1185 2205 occupare
1206 2157 1358 2192 tentat.
1404 2151 1625 2190 FRANK.

116 2208 168 2248 V.
190 2209 241 2248 de
262 2223 310 2248 eo
331 2209 513 2249 Clinton.
538 2209 655 2249 Fast.
679 2209 787 2248 Hell.
810 2208 885 2248 vol.
912 2222 946 2249 2.
969 2223 994 2261 p
1036 2209 1128 2259 287.

171 2265 236 2318 63,
266 2278 325 2316 19.
360 2265 543 2316 κατάγειν
564 2267 611 2304 τὰ
631 2265 767 2318 πλοῖα]
802 2265 985 2317 Νανὶῃῖα
1008 2270 1142 2303 nostra
1168 2265 1234 2315 (τὰ
1261 2263 1478 2314 σιταγωγά)
1504 2262 1627 2301 declu-

115 2333 197 2359 cere
218 2319 301 2359 scil.
325 2320 379 2360 ad
399 2335 515 2360 oram
537 2335 568 2360 s.
589 2320 631 2359 in
662 2325 829 2374 portum
861 2334 992 2367 suum,
1016 2325 1061 2359 ut
1084 2319 1146 2359 vel
1168 2317 1347 2371 vectigal
1372 2317 1544 2372 exigant
1565 2318 1627 2357 vel

115 2375 311 2427 praedam
332 2376 515 2421 faciant;
550 2390 646 2416 nam
681 2375 864 2427 κατάγειν
892 2378 939 2415 τὰ
960 2381 1028 2414 πλ.
1063 2380 1127 2414 est
1160 2376 1358 2424 ληίζεσθαι
1392 2375 1452 2413 καὶ
1484 2377 1628 2413 κακοῦν

118 2431 177 2470 καὶ
206 2432 256 2480 μὴ
289 2433 356 2471 ἐᾶν
378 2433 464 2474 τοὺς
489 2432 695 2479 πλέοντας,
719 2433 806 2471 ὅποι
832 2433 1056 2481 βούλοιντο,
1080 2434 1210 2476 πλεῖν,
1235 2429 1322 2469 ἀλλ’
1347 2431 1399 2471 εἷς
1427 2431 1474 2468 τὰ
1505 2431 1628 2468 οἰκεῖα

116 2487 237 2538 χωρία
275 2491 354 2529 τοῖς
393 2490 628 2537 λῃστεύουσι
670 2488 850 2538 κατάγειν
894 2486 1061 2536 (Suid.).
1123 2486 1185 2526 Cf.
1228 2499 1286 2524 or.
1331 2486 1368 2524 8.
1408 2486 1444 2536 ξ.
1484 2499 1521 2536 9.
1560 2485 1623 2523 28.

117 2541 333 2582 FRANK.
394 2543 582 2596 Byzantii
633 2549 774 2583 autem
825 2543 986 2595 saepius
1026 2555 1164 2581 rerum
1206 2540 1344 2593 inopia
1385 2540 1626 2579 laborantes

118 2596 315 2648 (Boeckh.
339 2598 492 2638 Oecon.
514 2599 589 2638 vol.
617 2612 651 2639 2.
673 2614 712 2651 p.
743 2612 816 2652 ¹39
840 2613 887 2650 sq
906 2600 921 2646 )
944 2602 1035 2637 tum
1056 2597 1233 2636 fortasse
1261 2610 1309 2634 eo
1338 2594 1532 2634 libentius
1554 2608 1626 2647 po-

116 2657 313 2693 testatem
346 2668 470 2694 naves
492 2653 806 2693 Atheniensium
838 2652 1069 2706 praedandi
1105 2652 1263 2690 dabant
1300 2652 1445 2701 (σύλας
1465 2651 1625 2695 διδόναι,

118 2707 168 2747 (10
189 2708 335 2761 quibus
357 2709 435 2748 xid.
457 2709 635 2748 Boeckh.
659 2709 685 2747 1.
708 2723 741 2748 0.
765 2724 804 2762 p.
833 2709 957 2760 128.)Ι
981 2721 1062 2760 quo
1084 2706 1317 2745 infestiores
1347 2709 1466 2744 erant
1490 2705 1625 2744 Athe-

118 2763 338 2804 niensibus.
400 2765 517 2804 Dem.
549 2764 599 2803 de
622 2764 763 2804 Chers.
794 2778 834 2816 p.
858 2776 925 2816 93.
987 2762 1043 2802 Et
1075 2762 1253 2800 fortasse
1283 2774 1383 2814 pace
1414 2774 1506 2799 cum
1531 2760 1628 2798 Phi-

118 2817 228 2872 lippo
250 2820 480 2859 constituta
502 2819 713 2872 Byzantiis
729 2820 797 2872 jus
818 2817 1035 2871 vectigalia
1057 2815 1249 2870 exigendi
1270 2832 1296 2856 a
1314 2815 1489 2869 navigiis
1510 2829 1628 2868 prae-

120 2875 432 2915 tervehentibus
465 2888 702 2914 concessum
736 2882 810 2913 est.
874 2874 928 2913 V.
952 2872 1091 2912 Reisk.
1119 2872 1159 2910 in
1191 2872 1281 2910 Iud.
1304 2872 1401 2910 hist.
1433 2885 1463 2910 s.
1488 2886 1523 2910 v.
1550 2870 1628 2924 By-

122 2930 258 2969 zantii.
322 2930 508 2970 VOEM.
