1934 3179
288 127 370 168 474
686 127 768 167 DE
804 127 997 167 FALSA
1031 126 1390 166 LEGATIONE.

283 231 447 283 ῥήτορας
479 232 568 274 τοὺς
602 234 757 284 λόγους,
782 234 959 283 ἐμποδὼν
992 234 1033 272 δὲ
1069 232 1291 284 γενομένων
1324 237 1400 272 τῶν
1432 233 1519 284 περὶ
1551 236 1794 285 Χαιρώνειαν

283 288 417 337 μηκέτι
452 288 521 337 τὴν
554 289 662 338 δίκην
698 291 907 329 εἰσελθεῖν.
941 302 1047 341 quae
1080 288 1286 341 excerpsit
1321 287 1498 328 Photius
1533 303 1572 342 p.
1599 302 1696 341 490,
1727 293 1792 331 26.

286 343 451 383 Nullam
478 343 598 383 istius
625 344 898 384 dubitationis
924 344 1129 384 rationem
1151 348 1193 384 et
1213 344 1390 384 fortasse
1412 359 1462 384 ne
1493 344 1686 385 notitiam
1708 347 1794 399 qui-

285 399 379 438 dem
412 399 648 439 habuerunt
677 399 961 440 Philostratus
996 415 1034 453 p.
1058 401 1153 452 508.
1189 400 1390 440 Libanius
1419 400 1460 439 in
1487 402 1666 455 Argum.
1696 402 1794 442 Phi-

284 454 459 508 lippicae
484 455 540 494 ΙΙ.
566 470 604 508 p.
629 457 652 494 6
655 466 694 508 5,
728 455 802 509 14]
856 456 1044 509 Scriptor
1066 455 1280 510 Epistolae
1302 456 1562 497 Aeschineae
1590 469 1635 497 12
1657 473 1665 496 ε
1700 458 1794 509 ἐφά-

284 527 330 559 νη
369 512 409 549 δὲ
444 512 548 556 ἴσως,
585 512 646 562 ἐφ’
681 512 737 552 οἷς
774 512 1040 563 κατηγορήθην
1079 513 1267 563 πρότερον
1304 513 1379 552 ὑπὸ
1417 512 1794 562 Δημοσθένους-οὗ

282 566 419 617 μικρὸν
448 568 500 607 εἷς
526 567 623 615 ὑμᾶς
651 570 790 618 δεῖγμα
814 571 927 606 τοῦτο
954 571 1021 606 τοῦ
1052 571 1177 609 καλῶς
1207 570 1274 618 ἐμὲ
1303 570 1590 614 πολιτεύεσθαι,
1615 570 1673 608 ὅτι
1705 569 1794 609 οὐδὲ

285 621 563 671 Δημοσθένους
600 626 905 673 κατηγοροῦντος
942 624 1082 663 ἑάλων.
1144 624 1264 674 Quod
1294 625 1347 664 ab
1381 623 1545 663 silentio
1577 624 1794 679 utriusque

283 676 462 716 oratoris
496 677 536 715 in
573 678 832 717 orationibus
865 679 916 718 (le
956 693 1110 719 corona
1143 684 1435 733 argumentum
1471 679 1652 732 opinioni
1694 695 1793 720 suae

282 732 390 785 petit
414 733 678 781 Plutarchus,
703 734 818 774 valde
849 735 1059 773 infirmum
1090 740 1188 784 este,
1218 736 1541 788 convelliturque
1573 736 1793 776 manifesto

282 788 485 828 orationis
507 803 647 829 cora—m
664 790 875 842 judicibus
904 790 1076 830 habitae
1104 791 1365 838 documento,
1388 792 1439 831 de
1461 806 1541 844 quo
1569 791 1626 831 sic
1648 791 1793 832 scribit

284 843 503 897 Ulpianus,
523 845 654 884 ἰστέον
677 847 735 884 ὅτι
758 848 801 885 ἐν
820 848 940 899 τούτῳ
963 848 1012 900 τῷ
1033 849 1160 901 χωρίῳ
1185 848 1290 899 (scil.
1313 863 1352 901 p.
1367 861 1476 896 401„
1494 847 1564 886 ubi
1581 847 1721 901 agitur
1742 848 1793 888 de

281 900 524 940 muliercula
547 900 764 953 Olynthia)
790 902 1014 952 ἀνέστησαν
1036 905 1072 942 οἱ
1100 904 1275 943 δικασταὶ
1297 905 1358 943 καὶ
1388 906 1526 943 εἴασαν
1550 903 1681 958 [recte
1704 917 1792 943 cor-

282 960 443 996 rectum
475 955 672 1010 ἕπαυσαν]
694 957 866 1009 λέγοντα
887 962 954 997 τοῦ
976 958 1179 1007 Εὐβούλου
1201 959 1513 1010 συμπράττοντος
1533 960 1584 1012 τῷ
1609 961 1790 1011 Αἰσχίνῃ,

280 1016 489 1062 μισοῦντος
511 1014 551 1051 δὲ
573 1012 641 1051 τὸν
661 1013 816 1065 ῥήτορα,
842 1015 1017 1055 εἰπόντος
1039 1014 1178 1060 αὐτοῖς,
1198 1017 1381 1055 τοιούτων
1403 1017 1578 1066 αἰσχρῶν
1599 1015 1792 1067 ἀνέχεσθε

279 1067 469 1119 λέγοντος
492 1069 796 1118 Δημοσθένους;
832 1070 892 1109 Et
915 1069 1093 1110 Photius
1118 1069 1247 1123 [Bibl.
1271 1086 1309 1124 p.
1336 1083 1401 1119 20,
1424 1071 1503 1123 14]
1526 1086 1533 1109 :
1570 1074 1791 1121 Κατηγορη-

281 1125 360 1165 θεὶς
385 1123 646 1175 (Aeschines)
673 1126 992 1177 παραπρεσβείας
1017 1126 1090 1165 ὑπὸ
1115 1127 1392 1176 Δημοσθένους
1417 1127 1489 1178 οὐχ
1518 1127 1633 1171 ἑάλω,
1658 1126 1724 1166 ἅτε
1746 1126 1791 1176 δὴ

280 1179 488 1229 Εὐβούλου
510 1184 577 1219 τοῦ
605 1184 846 1232 δημαγωγοῦ,
871 1180 900 1235 ᾦ
925 1182 1154 1232 ὑπηρέτησε,
1181 1183 1551 1234 συναγωνισαμένου
1573 1183 1672 1234 αὐτῷ
1697 1184 1791 1221 κατὰ

282 1236 559 1285 Δημοσθένους
592 1238 635 1276 ἐν
662 1238 712 1291 τῷ
741 1237 1037 1288 παρασκευάσαι
1068 1238 1154 1279 τοὺς
1183 1241 1366 1280 δικαστὰς
1392 1239 1618 1287 ἀναστῆναι,
1644 1238 1698 1277 ἔτι
1725 1240 1791 1277 τοῦ

280 1291 558 1341 Δημοσθένους
579 1293 778 1344 λέγοντος.
841 1294 995 1332 Annon
1018 1293 1120 1333 haec
1146 1294 1327 1334 clamant
1350 1308 1431 1333 non
1460 1293 1592 1332 solum
1613 1293 1791 1346 scriptas

279 1361 368 1387 esse
402 1348 476 1387 has
504 1348 726 1395 orationes,
750 1363 891 1388 verum
925 1349 1051 1389 etiam
1084 1351 1331 1402 peroratas?
1391 1350 1632 1403 Adjungere
1664 1348 1790 1389 etiam

278 1403 506 1456 potuissem
542 1419 793 1457 anonymum
834 1405 1080 1458 scriptorem
1116 1405 1226 1445 vitae
1260 1405 1492 1454 Aeschinis,
1527 1406 1585 1444 ὅτι
1623 1404 1790 1455 ἠδυνήθη

279 1462 433 1508 νικῆσαι
455 1460 523 1508 τὴν
546 1462 790 1511 κατηγορίαν,
816 1461 1025 1510 Εὐβούλου
1052 1462 1422 1512 συναγωνισαμένου
1453 1463 1547 1501 κατὰ
1568 1464 1634 1500 τοῦ
1658 1465 1787 1510 Δημο·

279 1514 442 1556 σθένους
465 1517 507 1554 ἐν
529 1517 580 1568 τῷ
603 1519 762 1565 ποιῆσαι
789 1517 872 1558 τοὺς
904 1519 1085 1558 δικαστὰς
1106 1519 1321 1567 ἀναστῆναι
1344 1518 1400 1557 ἔτι
1421 1521 1488 1556 τοῦ
1512 1516 1789 1566 Δημοσθένους

279 1570 481 1622 λέγοντος,
506 1572 553 1612 ὡς
585 1571 759 1621 ἔγνωμεν
791 1573 852 1611 καὶ
883 1575 993 1611 τοῦτο
1026 1574 1068 1611 ἐν
1098 1577 1179 1614 τοῖς
1207 1577 1525 1623 Δημοσθενικοῖς.
1587 1571 1667 1611 Sed
1698 1571 1789 1624 quis

279 1640 361 1665 non
387 1626 500 1666 videt
527 1627 628 1666 haec
660 1641 748 1665 esse
780 1627 930 1667 iterum
954 1627 1137 1680 Ulpiani,
1162 1629 1230 1681 qui
1261 1629 1315 1669 ad
1345 1627 1665 1668 commentarios
1692 1642 1788 1667 suos

279 1682 333 1721 ad
363 1682 687 1722 Demosthenem
720 1682 785 1721 his
818 1683 952 1722 verbis
986 1683 1146 1731 alludit,
1170 1688 1216 1724 ut
1253 1689 1372 1737 patet
1407 1699 1458 1724 ex
1491 1683 1712 1729 locutione,
1740 1684 1789 1724 ὡς

279 1738 453 1789 ἔγνωμεν
493 1740 534 1777 ἐν
574 1742 652 1780 τοῖς
686 1742 1005 1788 Δημοσθενικοῖς,
1039 1739 1089 1778 <le
1127 1754 1208 1793 qua
1244 1740 1340 1780 alibi
1378 1740 1461 1779 dixi
1477 1741 1489 1779 ’Ξ
1550 1738 1787 1779 potuissem

322 1875 336 1892 c
361 1868 491 1898 Accedit
515 1869 597 1907 quod
621 1878 661 1898 ne
677 1879 788 1898 verum
803 1869 928 1907 quidem
944 1875 1001 1905 est,

279 1916 314 1940 nt
337 1911 472 1945 videtur,
489 1921 586 1949 quum
609 1912 672 1940 duo
694 1911 724 1939 in
747 1911 941 1940 orationihus
964 1912 1002 1940 de

279 1963 393 1983 corona
419 1952 475 1981 lori
492 1954 565 1987 sint,
584 1954 635 1992 qui
657 1955 695 1982 ad
713 1953 795 1983 hanc
812 1953 897 1983 litem
915 1963 998 1991 spec-

279 2001 346 2025 tare
362 1996 540 2031 videantur,
562 1997 600 2025 de
623 1996 736 2034 quibus
755 1996 913 2025 Frankius
937 1995 955 2025 l.
974 2006 998 2025 c.

278 2038 359 2067 dixit
383 2048 412 2076 p.
430 2047 459 2075 3.
507 2042 528 2054 ‘²
548 2038 689 2067 Primum
706 2038 879 2068 Aeschines
903 2049 930 2076 p.
949 2039 1000 2076 05.

279 2080 367 2119 (473.
394 2081 499 2110 Reisk.
525 2079 680 2117 ἡγήσατο,
705 2079 731 2109 εἴ
755 2082 817 2109 τῶν
842 2091 1000 2117 συμπρεσ-

279 2121 437 2157 βευόντων
469 2122 518 2152 καὶ
553 2123 609 2152 τοῦ
638 2121 791 2151 Φιλίππου
828 2122 1001 2161 κατήγορος

280 2164 459 2203 ἀναφανείη,
476 2164 532 2194 τὸν
554 2164 611 2200 μὲν
627 2164 820 2203 Φιλοκράτην
842 2164 1001 2202 προδήλως

279 2206 472 2243 ἀπολεῖσθαι,
496 2206 568 2237 τοὺς
593 2206 625 2236 δὲ
650 2206 767 2237 ἄλλους
792 2206 1001 2245 συμπρέσβεις

279 2248 496 2284 κινδυνεύσειν,
525 2249 616 2278 αὐτὸς
647 2250 671 2278 δ’
701 2248 922 2285 εὐδοκιμήσειν,
950 2248 999 2278 καὶ

277 2289 429 2329 προδότης
440 2291 480 2320 ὢν
490 2292 552 2319 τῶν
564 2290 664 2328 φίλων
676 2291 724 2320 καὶ
737 2291 877 2330 πονηρὸς,
890 2291 1001 2321 πιστὸς

279 2335 324 2370 τῷ
340 2332 423 2370 δήμῳ
440 2332 659 2369 φανήσεσθαι.)
680 2340 786 2370 aperte
803 2334 966 2363 institutae
982 2343 1000 2362 a

279 2375 493 2405 Demosthene
518 2374 591 2409 litis,
614 2385 676 2404 non
702 2375 808 2413 scripti
837 2376 868 2403 in
895 2376 998 2413 priva-

279 2424 348 2447 tum
377 2427 468 2446 nsum
498 2416 591 2446 libelli
617 2417 808 2446 mentionem
838 2417 920 2451 fecit,
946 2418 997 2446 sed

280 2460 362 2498 qnod
379 2469 441 2487 non
458 2469 501 2493 se,
519 2460 569 2488 sed
587 2468 694 2488 omnes
711 2459 836 2498 legatos,
854 2459 998 2497 inprimis

283 2501 504 2534 Philocratem,
522 2501 575 2539 qui
592 2507 660 2530 tum
682 2502 748 2538 jam
772 2502 999 2531 condemnatus

281 2544 416 2574 Athenis
439 2544 563 2581 fugerat
584 2543 712 2581 (Aesch.
733 2554 761 2582 p.
781 2552 828 2582 29.
856 2544 920 2573 sive
941 2553 995 2582 192

280 2587 328 2616 ed.
355 2585 491 2624 Reisk.),
517 2595 536 2614 a
561 2585 774 2616 Demosthene
800 2585 912 2624 petitos
934 2595 999 2616 esse

280 2629 355 2658 dicit
377 2628 428 2664 (cf.
446 2638 475 2666 p.
492 2628 590 2666 193.),
607 2637 708 2665 neque
723 2628 762 2657 de
777 2634 890 2658 eventu
909 2638 997 2658 caus-

281 2681 332 2700 sae
359 2670 525 2708 quicquam
552 2670 647 2705 addit,
675 2670 750 2699 satis
776 2670 912 2699 ostendit
935 2680 999 2699 non

281 2712 376 2742 fnisse
391 2722 447 2741 cur
463 2711 625 2741 victoriam
643 2722 732 2741 suam
745 2712 888 2749 jactaret.
921 2712 998 2741 Pro-

281 2755 362 2784 fecto
376 2754 460 2784 enim
485 2754 537 2792 qui
562 2754 676 2783 summi
693 2753 842 2791 criminis,
860 2753 1000 2792 proditae

281 2796 412 2834 pecunia
436 2796 565 2834 patriae,
582 2802 754 2833 accusatus,
771 2806 869 2834 quum
888 2801 918 2826 et
936 2795 1000 2825 Eu-

282 2838 357 2874 buli,
374 2837 549 2876 gravissimi
567 2837 636 2874 viri,
652 2837 838 2867 auctoritate
853 2838 999 2868 defensus

281 2885 312 2908 et
336 2879 508 2909 multorum
530 2879 645 2908 civium
663 2879 710 2909 vel
728 2879 874 2918 Philippo
888 2880 996 2909 faven-

282 2921 361 2950 tium
378 2921 425 2951 vel
450 2928 532 2951 certe
557 2921 625 2951 belli
652 2927 863 2959 pertaesorum
888 2921 998 2952 studiis

1068 1869 1198 1907 adjutus
1234 1876 1323 1905 esset,
1353 1875 1459 1899 tamen
1497 1868 1627 1908 triginta
1661 1875 1788 1898 tantum

1069 1911 1227 1949 suffragiis
1243 1911 1403 1941 absolutus
1418 1917 1507 1949 esset,
1521 1921 1584 1940 non
1598 1916 1665 1940 erat
1681 1920 1737 1940 cur
1752 1921 1788 1940 ea

1070 1953 1211 1987 victoria,
1229 1963 1309 1991 qnae
1324 1963 1343 1982 a
1359 1953 1540 1992 turpissima
1552 1953 1638 1983 clade
1650 1959 1715 1982 tam
1731 1963 1788 1991 pa-

1069 2006 1139 2024 rum
1151 1997 1279 2031 abesset,
1291 1995 1487 2034 gloriaretur,
1495 1995 1677 2034 praesertim
1688 2005 1787 2033 quum

1068 2038 1187 2068 civibus
1213 2038 1277 2067 suis
1302 2039 1340 2068 de
1364 2038 1585 2067 Demosthenis
1612 2037 1788 2075 proditione

1068 2090 1185 2119 suaque
1201 2080 1381 2119 integritate
1397 2081 1537 2109 nondum
1553 2090 1584 2109 se
1600 2079 1788 2118 persuasisse

1068 2124 1162 2160 probe
1178 2122 1367 2161 intelligeret
1383 2121 1423 2161 (c.
1443 2121 1581 2160 Ctesiph.
1606 2132 1636 2160 p.
1653 2120 1703 2151 62.
1722 2122 1788 2151 sive

1068 2175 1096 2202 p.
1124 2164 1187 2202 446
1218 2175 1261 2203 sq.
1296 2163 1362 2203 R.).
1409 2164 1636 2194 Demosthenes
1666 2170 1785 2200 autem,

1068 2217 1161 2245 quem
1198 2217 1274 2237 sane
1311 2207 1478 2236 credideris
1516 2206 1652 2236 noluisse
1689 2206 1787 2244 hujus

1068 2259 1194 2279 caussae
1217 2249 1410 2279 mentionem
1426 2249 1536 2286 facere,
1552 2258 1646 2287 quam
1663 2253 1700 2277 ut
1715 2257 1785 2287 per-

1067 2292 1164 2327 deret,
1195 2297 1317 2329 praeter
1343 2291 1460 2320 Eubuli
1500 2290 1717 2320 auctoritatem
1755 2296 1787 2320 et

1067 2340 1244 2371 temporum
1266 2333 1346 2362 ratio
1366 2340 1397 2362 et
1414 2333 1517 2372 populi
1535 2333 1644 2362 levitas
1659 2332 1786 2369 fecerat,

1066 2381 1172 2404 tamen
1187 2385 1256 2404 eam
1272 2376 1315 2405 sic
1326 2375 1591 2412 commemoravit,
1605 2381 1641 2404 ut
1657 2374 1784 2404 institu-

1065 2422 1130 2446 tam
1154 2422 1185 2447 et
1212 2417 1244 2445 in
1265 2417 1386 2455 judicio
1407 2423 1521 2452 actam,
1539 2427 1602 2445 non
1626 2416 1729 2446 libello
1752 2416 1785 2445 in

1065 2459 1224 2497 privatum
1255 2469 1348 2488 usum
1380 2459 1493 2498 scripto
1522 2464 1689 2488 tractatam
1719 2467 1785 2488 esse

1065 2507 1228 2539 appareret
1265 2500 1421 2539 simulque
1457 2501 1552 2530 etiam
1581 2500 1634 2538 qui
1665 2501 1784 2529 factum

1065 2549 1144 2573 esset
1175 2550 1211 2573 ut
1239 2543 1412 2573 Aeschines
1444 2543 1589 2581 judicum
1626 2541 1784 2581 suffragiis

1065 2585 1288 2620 absolveretur,
1323 2584 1523 2624 probabiliter
1555 2584 1783 2622 explicaretur:

1067 2628 1164 2657 ἐκεῖνο
1202 2628 1368 2665 φοβοῦμαι,
1397 2626 1440 2664 μὴ
1476 2628 1538 2656 τῶν
1575 2624 1784 2665 εἰργασμένων

1067 2669 1149 2707 αὐτῷ
1186 2670 1288 2699 κακῶν
1319 2670 1483 2708 ὑποληφθῇ
1513 2666 1654 2697 ἐλάττων
1683 2665 1783 2704 οὗτος,

1067 2711 1155 2750 ὅπερ
1177 2710 1359 2750 πρότερον
1383 2710 1536 2745 συνέβη,
1558 2709 1610 2739 ὅτε
1632 2709 1704 2739 τοὺς
1726 2721 1781 2738 τα-

1065 2753 1236 2792 λαιπώρους
1251 2752 1372 2783 Φωκέας
1396 2751 1542 2788 ἐποίησεν
1557 2750 1727 2781 ἀπολέσθαι
1743 2750 1782 2779 τὰ

1066 2796 1161 2833 ψευδῆ
1174 2796 1253 2834 δεῦρ’
1269 2794 1463 2833 ἀπαγγείλας
1479 2805 1507 2833 p.
1523 2802 1594 2832 275.
1640 2793 1689 2823 Cf.
1705 2794 1744 2822 de
1759 2793 1780 2821 f.

1065 2837 1124 2876 leg.
1151 2847 1178 2876 p.
1197 2847 1257 2877 349
1283 2848 1326 2876 sq.
1374 2837 1515 2868 Stechow
1538 2836 1592 2866 vit.
1618 2835 1731 2865 Aesch.
1751 2845 1779 2873 p.

1122 2880 1141 2892 ’9

1066 2879 1115 2918 63.
