1935 3205
719 148 799 187 Di«)
833 148 998 188 PAGE.
1535 147 1608 184 121

159 255 224 299 6ο,
251 265 314 292 20.
338 252 582 305 ψασκοντας]
627 252 655 290 l.
680 267 718 306 q.
741 257 1019 291 asseverantes.
1080 250 1192 289 Inest
1215 249 1329 288 notio
1352 248 1458 288 filsi.
1520 249 1615 289 Pal-

102 323 192 348 sum
212 308 320 348 euim
338 323 391 348 (1··
384 314 429 347 1t
445 322 621 347 essaei-¹
626 322 696 350 ire
708 308 867 360 justum
885 306 1124 347 convenisse
1138 304 1353 345 concilium
1372 305 1616 358 Amphicty-

101 365 276 410 onicum,
301 379 339 403 n
329 379 479 416 11111111(
510 364 787 403 1¹thunienses
818 363 970 416 ¹iliique
1002 363 1103 402 ¹¹·1bti
1107 369 1193 407 Ι1111,
1226 361 1461 400 Phocenses
1493 361 1614 413 ejecti

102 425 235 467 erant,
263 420 441 460 aderant
465 419 651 459 'l‘hessali
685 420 780 459 oliui
812 436 837 460 ει
874 419 1156 459 l'hoeensibus
1188 417 1309 469 ejecti
1335 417 1412 466 (11
1419 417 1537 456 essel.
1561 417 1614 456 ad

103 476 274 516 Diodor.
303 479 359 519 16.
384 478 485 525 60.).
508 476 769 528 maximeque
797 476 1016 520 barbarus,
1040 474 1173 527 qualis
1199 474 1252 513 111)
1276 474 1456 513 Oratore
1479 473 1614 526 perhi-

101 533 224 572 betur
247 531 474 585 Philippus,
494 538 685 584 praeerat
706 532 889 571 coneilio.
924 530 1395 583 (If.l)‹.¹m.f.leg.p.446.
1428 529 1615 569 VOEM.

160 589 226 636 60,
244 600 307 629 22.
332 592 459 627 κοινοῦ
480 589 672 640 πολέμου]
714 588 831 627 llaec
849 593 912 627 est
930 602 1089 626 summa
1113 587 1235 637 hujus
1252 585 1467 625 orationis,
1522 585 1616 624 Non

103 658 191 683 esse
223 644 467 697 cujusquam
499 644 620 683 unius
652 644 791 697 populi
823 658 955 696 neque
987 643 1115 697 ipsius
1147 642 1326 695 Philippi
1354 641 1434 680 vim
1468 656 1542 694 per
1574 656 1619 680 se

103 700 395 744 nletueiul:un;
434 700 532 738 illud
561 700 950 752 pertimescendum,
975 700 1007 738 si
1030 699 1206 737 universi
1229 698 1382 736 bellum
1409 703 1616 751 gererent,

103 756 225 809 idque
257 762 513 797 eventurum.
537 756 569 794 si
597 756 765 795 decreto
797 755 1148 808 Amphictyonum
1181 754 1457 794 Athenienses
1492 754 1618 793 inter-

103 813 313 852 cederent.
377 812 520 864 Neque
549 812 681 851 socios
714 812 895 851 hostium
928 826 1016 850 esse
1045 811 1276 853 timendos:
1311 810 1402 849 illas
1424 810 1532 848 enim
1555 824 1617 849 so-

104 868 278 908 cietates
301 867 450 913 valore.
474 882 580 920 quac
602 868 763 907 vexatis
792 868 945 915 adsint,
969 867 1023 907 ad
1055 867 1206 905 bellum
1236 866 1329 906 aliis
1359 866 1618 905 inferendum

104 923 238 963 nullos
269 938 359 963 esse
391 924 535 962 socios.
589 926 650 963 Cf.
675 925 824 963 Corou.
851 939 890 977 p.
924 936 1027 976 275:
1060 925 1234 972 πόλεμον
1267 924 1319 963 εἰς
1350 923 1419 970 τὴν
1439 922 1619 971 Ἀττικὴν

105 980 290 1031 εἰσάγεις,
316 981 497 1031 Αἰσχίνη,
519 981 694 1029 πόλεμον
709 980 1047 1031 Ἀμφικτυονικόν.
1102 978 1307 1017 DOUNA
1319 977 1445 1017 EUS.

161 1038 227 1083 60,
255 1048 318 1088 25.
342 1037 791 1088 Θετταλοὶ-Θηβαῖοι]
831 1035 1054 1075 'Flwssalos
1076 1040 1117 1074 et
1142 1034 1365 1074 Thebanos
1388 1033 1618 1074 Athenien-

105 1091 217 1131 sibus
252 1091 432 1131 infensos
463 1092 600 1131 fuisse.
628 1092 778 1131 favisse
813 1091 1009 1145 Philippo
1045 1096 1189 1130 notum
1221 1096 1299 1130 est.
1361 1090 1425 1129 Dc
1451 1089 1620 1144 Argivis

105 1147 186 1187 vid.
209 1147 300 1186 inf1·
292 1163 317 1188 ¹1
339 1162 378 1200 p.
401 1150 467 1186 61.
519 1147 704 1187 VOEM.

163 1205 228 1250 60,
255 1217 318 1254 27.
353 1205 418 1243 καί
449 1221 514 1252 μοι
548 1204 599 1253 μὴ
633 1222 663 1243 κ.
682 1221 713 1242 τ.
732 1204 789 1256 λ.]
843 1203 959 1243 Citat
992 1203 1031 1242 h.
1060 1203 1085 1242 l.
1115 1202 1357 1243 Alexander
1393 1202 1537 1241 rhetor
1569 1202 1620 1242 de

104 1259 247 1313 figuris
270 1259 502 1299 sententiae
523 1265 650 1311 atque
673 1259 915 1299 elocutionis
937 1274 975 1312 p.
995 1261 1032 1298 6.
1050 1258 1112 1298 ed.
1138 1259 1305 1297 Nori-m.
1354 1258 1548 1297 REISK.

164 1317 230 1363 61,
255 1329 288 1354 1.
323 1315 600 1368 ἀναισθήτους]
646 1316 764 1355 Dem.
789 1316 838 1355 de
861 1316 955 1354 (sor.
983 1329 1022 1368 p.
1048 1328 1152 1366 240:
1192 1317 1227 1354 οἱ
1257 1316 1329 1365 μὲν
1361 1314 1621 1354 κατάπτυστοι

107 1372 305 1411 Θετταλοὶ
329 1372 389 1411 καὶ
407 1372 634 1420 ἀναίσθητοι
652 1375 825 1421 Θηβαῖοι
842 1373 974 1422 φίλον,
995 1371 1213 1422 εὐεργέτην,
1229 1373 1382 1420 σωτῆρα
1398 1370 1466 1409 τὸν
1480 1371 1621 1409 Φίλιπ-

106 1444 181 1467 πον
201 1428 597 1479 ἡγοῦντα-ὃῒῑιΡοῐ·
622 1427 874 1467 Boeotorum
905 1427 946 1466 in
977 1426 1239 1480 proverbium
1270 1426 1386 1466 abiit.
1432 1425 1620 1465 VOEM.

108 1482 161 1522 V.
187 1483 368 1536 Lennep.
390 1482 442 1522 ad
467 1483 544 1521 Ph
535 1483 636 1522 1l¹u
660 1498 698 1536 p.
726 1495 814 1537 190.
859 1482 1189 1523 SCHAEFER.

164 1541 291 1593 61‚3.
316 1537 463 1591 ἕτερος]
498 1538 727 1592 Philippus.

164 1596 291 1641 61,8
323 1595 409 1636 τοὺς
437 1598 680 1644 βοηθουντας
710 1595 758 1634 ἂν
788 1598 965 1645 βοηθεῖν,
999 1595 1042 1634 οὐ
1075 1593 1487 1647 συνεπιστρατεύσειν]
1526 1592 1558 1632 Ι.
1585 1607 1618 1632 e.

107 1651 164 1690 ὅτι
189 1652 225 1690 οἱ
254 1654 366 1700 βοηθ.
389 1651 632 1700 βοηθοίησαυ
654 1651 714 1697 ἂν,
739 1652 772 1690 εἰ
792 1652 911 1700 μηδὲν
934 1652 1086 1696 κωλύοι,
1110 1649 1199 1689 ἀλλ’
1222 1651 1266 1690 οὐ
1291 1651 1620 1700 συνεπιστρατεύ-

108 1723 248 1746 σουσι;
286 1721 382 1746 nam
409 1706 508 1745 illud
540 1706 722 1753 dubium,
756 1721 854 1745 num
885 1706 924 1753 ii,
955 1720 1057 1759 quos
1088 1705 1255 1759 utrique
1286 1705 1418 1745 socios
1449 1705 1618 1752 habent,

107 1761 317 1802 invasione
338 1764 449 1802 faeta
470 1762 669 1802 auxilium
700 1762 824 1802 laturi
856 1762 951 1807 sint.
975 1762 1047 1802 sed
1068 1767 1228 1801 certum
1248 1766 1313 1802 est
1334 1776 1403 1802 eos
1428 1775 1511 1801 non
1533 1775 1622 1800 esse

109 1832 191 1858 una
212 1818 252 1857 in
273 1818 449 1858 alienam
471 1824 628 1858 terram
650 1819 874 1858 invasuros.
921 1818 1142 1857 FRANK.

166 1877 231 1922 61,
255 1887 317 1913 11.
347 1876 399 1914 ὧν
422 1876 483 1914 καὶ
505 1881 641 1925 φροντ.
666 1878 714 1914 ἄν
735 1874 809 1928 τις]
850 1875 882 1914 Ι,
907 1888 939 1913 e.
963 1889 1132 1927 quarum
1163 1874 1252 1927 quis
1281 1873 1397 1913 etiam
1429 1873 1623 1912 rationem

108 1928 297 1969 habuerit.
330 1930 520 1970 VOEM.
586 1930 880 1983 Intelliguntur
920 1930 1141 1969 societates
1182 1944 1274 1969 cum
1314 1928 1621 1982 potentioribus

110 1984 357 2033 civitatibus,
382 2000 556 2039 quarum
581 1986 737 2026 auxilia
761 1986 802 2024 in
824 1986 1057 2025 discrimine
1083 1985 1177 2024 belli
1204 1989 1460 2024 momentum
1485 1984 1621 2023 facere

110 2041 280 2093 possint,
322 2041 462 2085 initae,
500 2056 676 2094 quarum
723 2056 822 2081 sane
862 2047 925 2081 est
965 2056 1039 2081 eur
1079 2041 1169 2094 quis
1208 2040 1414 2080 rationem
1453 2039 1621 2079 habeat.

168 2153 233 2201 61,
258 2165 319 2192 12.
346 2154 435 2205 ἄχρι
456 2156 522 2202 τῆς
543 2153 649 2207 ἴσης]
683 2153 882 2207 Adaeqne.
905 2167 959 2192 sc.
985 2153 1095 2206 quod
1123 2152 1279 2192 attinet
1307 2151 1348 2191 τὸ
1377 2155 1540 2201 βοηθεῖν
1563 2151 1624 2190 καὶ

112 2208 154 2246 τὸ
177 2210 551 2260 συνεπιστρατεύειν.

169 2266 234 2311 61,
259 2278 321 2314 14·
345 2265 440 2317 σῶς]
481 2264 557 2304 Est
580 2265 853 2304 aecusativus.
906 2271 929 2286 “
949 2264 1102 2318 Supple
1125 2264 1211 2306 τοὺς
1233 2266 1378 2303 ἑαυτῶν
1400 2262 1625 2315 συμμάχους

112 2319 207 2369 ἡμᾶς
226 2337 249 2369 η
272 2320 513 2370 ΘηβαίουςΫ
547 2320 623 2359 FR
629 2320 770 2359 ANK.

170 2377 235 2423 61,
261 2378 319 2413 16.
351 2376 439 2417 τοὺς
468 2375 636 2430 ἑτέρους]
682 2376 761 2416 Est
794 2376 1027 2429 subjectum
1055 2375 1169 2415 velbi
1199 2374 1402 2426 ὑπάρχειν,
1432 2378 1479 2413 ut
1512 2378 1627 2413 lecte

113 2436 254 2470 monet
276 2431 335 2470 Fr
337 2431 496 2477 ·mkius
520 2446 601 2470 non
627 2432 836 2485 objectum
860 2431 973 2472 velbi
1003 2431 1276 2482 κρατήσοντας.
1338 2429 1497 2470 Nolunt
1527 2429 1626 2469 socii

114 2484 267 2525 alteros
297 2487 350 2526 ab
381 2487 524 2527 altelis
554 2487 701 2541 subigi,
729 2487 826 2540 quia
856 2487 913 2527 sic
939 2487 1164 2527 verendum
1195 2491 1259 2526 est
1289 2499 1341 2525 ne
1371 2484 1447 2538 ipsi
1479 2490 1626 2539 postea

114 2555 190 2593 pro
211 2541 331 2581 sociis
353 2542 435 2582 sint
457 2543 646 2582 dominos
667 2542 864 2583 habituri.

172 2598 237 2643 61,
258 2609 321 2637 22.
344 2614 414 2647 την
435 2599 530 2648 πρὸς
552 2601 877 2647 Λακεδαιμονίους
899 2598 1186 2649 ἐπικηρυκείαν]
1224 2596 1339 2637 Citat
1360 2596 1401 2634 h.
1417 2596 1441 2634 l.
1459 2595 1625 2647 Harpo-

115 2654 527 2703 01111.1.ε’πικηρυκεία.
545 2653 739 2693 REISK.
766 2653 986 2692 V.A.necd
997 2653 1127 2692 Bekk.
1136 2667 1174 2704 Ρ.
1186 2664 1310 2704 243,2
1319 2650 1626 2690 ἮδΟΗΑΕἙ.

120 2706 447 2755 Lacedaemonii,
470 2722 573 2760 quos
598 2708 705 2747 bello
730 2708 867 2761 paullo
893 2713 987 2760 post
1008 2721 1191 2760 pugnam
1214 2705 1476 2745 Leuctricam
1498 2720 1628 2758 usque

117 2762 170 2800 ad
194 2763 526 2802 Mantineensem
553 2778 645 2802 cum
667 2763 878 2802 Thebanis
908 2767 951 2802 et
981 2776 1074 2801 cum
1104 2761 1292 2815 plurimis
1315 2760 1629 2814 Peloponnesiis

118 2822 236 2869 gesto
268 2818 547 2857 Athenienses
583 2819 831 2871 adjuvelant
866 2818 1030 2870 (Xenol
1028 2818 1084 2857 ὼ.
1114 2817 1223 2856 Hell.
1251 2819 1288 2865 6.
1315 2830 1355 2869 5.
1384 2822 1427 2856 et
1457 2816 1525 2855 lib.
1556 2818 1628 2869 7.)

121 2872 281 2925 Olymp.
306 2877 394 2916 106.
416 2889 443 2923 4
467 2876 511 2923 (a
543 2874 638 2913 Chr.
661 2887 683 2926 3
690 2875 763 2926 52)
789 2873 999 2912 Thebanis
1027 2873 1133 2912 bello
1156 2858 1362 2912 Phocensi
1384 2871 1566 2911 detentis
1588 2876 1630 2911 et

122 2927 162 2965 in
190 2928 474 2981 Peloponneso
507 2930 630 2968 rebus
663 2928 922 2981 perturbatis
951 2928 1225 2981 Peloponnesi
1257 2928 1392 2967 denuo
1429 2927 1506 2968 sibi
1538 2928 1632 2967 sub-
