1934 3179
291 133 372 175 462
848 132 961 171 PRO
995 130 1245 171 CORONA.

288 251 504 277 recensum
525 236 786 290 proditorum
809 235 1080 274 conferendus
1101 237 1165 272 est
1188 230 1385 284 Polybius
1408 241 1468 282 17,
1498 244 1572 279 14,
1596 232 1664 285 qui
1688 232 1798 271 oblo-

287 293 429 345 quitur
450 292 725 332 Demostheni
752 305 826 330 nec
855 294 977 343 putat
1008 294 1129 328 tanta
1159 286 1476 340 reprehensione
1505 285 1650 339 dignos
1671 287 1798 327 fuisse

286 348 389 388 istos
422 348 620 388 homines.
683 347 747 385 Ac
770 345 927 385 videbis
956 344 1011 384 ibi
1042 348 1206 397 partem
1234 342 1417 395 ipsorum
1446 341 1670 391 nominum⁷
1695 357 1799 395 quae

284 403 350 443 hio
372 403 559 457 legimus.
582 401 817 442 memorari.
878 399 1113 439 DISSEN.

341 472 437 512 324,
464 471 527 498 20.
553 460 688 508 ἄνδρες
707 457 854 509 μιαροὶ]
888 454 1055 496 Claudit
1081 455 1182 494 haec
1204 452 1338 493 verbis
1366 452 1654 501 acerbissimis,
1677 468 1799 506 quem

284 515 419 554 locum
439 513 651 567 Longinus
673 512 818 551 laudat
839 516 941 551 sect.
956 523 1024 563 32.
1046 514 1221 563 propter
1242 507 1563 548 cumulationem
1583 509 1798 561 metapho-

285 584 425 610 rarum
447 570 582 608 fusam
604 569 645 607 in
666 568 830 608 affectu.
894 566 1129 606 DISSEN.

340 638 436 677 324,
475 637 538 665 21.
579 624 816 675 ἀλάστορες]
855 622 922 662 Sic
954 620 1181 673 Dionysius
1214 619 1368 659 dicitur
1401 620 1581 660 Σικελίας
1615 619 1798 671 ἀλάστωρ

286 681 444 720 Athen.
472 693 533 719 12.
556 694 596 732 p.
619 692 716 732 541.
749 679 984 718 DISSEN.
1047 677 1100 715 V.
1126 677 1385 728 Harpocrat.
1408 689 1438 714 s.
1463 689 1499 713 v.
1525 674 1720 725 ἀλάστωρ.

338 736 693 786 ἠκρωτηριασμένοι
734 736 802 776 τὰς
846 735 992 773 ἑαυτῶν
1043 733 1200 771 ἕκαστοι
1249 730 1451 782 πατρίδας]
1512 730 1589 780 Qui
1628 730 1798 783 pessime

280 791 522 830 mutilarunt
549 790 733 843 patriam
758 803 883 836 suam.
906 789 945 828 h.
969 803 1003 828 e.
1026 791 1258 827 nocuerunt
1278 786 1314 825 ei
1336 785 1529 832 maxime,
1551 785 1797 835 λελυμασμέ-

283 864 354 886 νοι.
417 846 534 886 Conf.
558 847 810 898 llarpoerat.
834 860 870 884 v.
888 844 1254 894 ἠκρωτηριασμένοι.
1317 841 1505 881 Conferri
1527 845 1670 893 potest
1687 841 1797 893 quod

282 902 388 941 dixit
404 902 550 942 Cicero
569 901 609 939 in
628 901 745 940 Orat.
761 904 857 953 post
874 899 1055 939 reditum
1076 898 1118 937 in
1135 901 1283 937 senatu
1310 909 1345 944 2,
1360 910 1400 947 4.
1434 896 1700 948 interfectores
1721 896 1796 936 rei-

278 957 475 1011 publicae.
538 957 773 996 DISSEN.

341 1026 435 1066 324,
462 1025 526 1053 22.
549 1013 619 1061 τὴν
642 1012 869 1062 ἐλευθερίαν
890 1009 1202 1062 προπεπωκότες]
1236 1008 1371 1047 Schol.
1398 1007 1519 1046 Pind.
1543 1007 1606 1046 Ol.
1632 1018 1668 1057 7,
1691 1018 1730 1060 5.
1752 1007 1796 1046 τὸ

281 1070 484 1118 προπίνειν
521 1068 606 1107 ἐστὶ
640 1068 771 1118 κυρίως
811 1066 853 1105 τὸ
888 1067 966 1115 ἅμα
999 1069 1049 1119 τῷ
1088 1065 1247 1115 κράματι
1281 1064 1324 1102 τὸ
1361 1065 1521 1114 ἀγγεῖον
1556 1063 1795 1114 χαρίζεσθαι.

281 1124 396 1164 Conf.
422 1124 562 1177 Etym.
590 1124 651 1162 M.
674 1138 712 1176 p.
739 1123 832 1173 716.
895 1121 1164 1174 Propinando
1196 1119 1303 1159 enim
1335 1133 1428 1157 eum
1459 1118 1630 1158 donatio
1662 1117 1794 1166 fieret,

281 1180 484 1230 προπίνειν
516 1184 581 1219 est
614 1179 771 1225 donare,
801 1182 848 1217 ut
878 1177 1099 1216 Demosth.
1134 1176 1184 1215 de
1218 1175 1322 1214 falsa
1358 1174 1482 1227 legat.
1510 1188 1549 1227 p.
1574 1175 1666 1222 284.
1698 1176 1796 1223 μετὰ

280 1239 399 1274 ταῦτα
431 1236 472 1274 ἐν
499 1236 614 1287 θυσίᾳ
639 1235 712 1274 τινὶ
746 1234 806 1273 καὶ
838 1234 978 1285 δείπνῳ
1010 1234 1133 1271 πίνων
1165 1231 1225 1270 καὶ
1257 1230 1673 1281 φιλανθρωπευόμενος
1703 1230 1796 1280 πρὸς

281 1291 417 1332 αὐτοὺς
439 1292 458 1329 ὁ
481 1291 929 1331 Φίλιππος-τελευτῶν
958 1286 1147 1336 ἐκπώματ’
1171 1288 1317 1337 ἀργυρᾶ
1346 1286 1405 1324 καὶ
1431 1287 1558 1336 χρυσᾶ
1583 1283 1796 1335 προῦπινεν

282 1346 423 1390 αὐτοῖς,
448 1350 490 1384 et
517 1350 727 1398 postremo
754 1344 881 1384 etiam
904 1343 1086 1396 prodere,
1110 1347 1154 1381 ut
1179 1341 1348 1394 Olynth.
1371 1353 1408 1393 3.
1437 1355 1475 1393 p.
1499 1353 1565 1392 34.
1597 1339 1792 1388 προπέπο-

282 1417 343 1439 ται
374 1404 439 1449 τῆς
470 1401 684 1451 παραυτίκα
711 1399 868 1451 χάριτος
896 1401 942 1438 τὰ
972 1401 1038 1447 τῆς
1064 1401 1214 1439 πόλεως
1240 1396 1458 1447 πράγματα.
1520 1396 1636 1436 Uonf.
1669 1394 1796 1435 etiam

285 1457 541 1508 Harpocrat.
564 1470 595 1494 s.
621 1470 654 1494 v.
678 1456 986 1505 προπεπωκότες.
1049 1453 1281 1492 DISSEN.

339 1524 433 1563 324„
452 1524 516 1560 24.
539 1514 584 1565 τῇ
606 1512 745 1561 γαστρὶ
767 1513 996 1559 μετροῦντες
1018 1510 1077 1548 καὶ
1099 1512 1179 1549 τοῖς
1202 1508 1419 1558 αἰσχίστοις
1436 1507 1504 1555 τὴν
1527 1505 1793 1559 εὐδαιμονίαν]

284 1566 335 1605 111
352 1566 415 1605 his
432 1571 510 1608 τοῖς
533 1567 753 1617 αἰσχίστοις
775 1569 838 1604 est
863 1569 940 1606 τοῖς
959 1565 1032 1604 ὑπὸ
1056 1565 1126 1613 τὴν
1147 1562 1331 1614 γαστέρα.
1350 1576 1381 1601 S.
1404 1576 1521 1614 pene.
1574 1562 1795 1602 Caeterum

283 1621 459 1660 formula
490 1636 612 1674 saepe
644 1635 839 1673 expressa
869 1625 944 1665 est.
960 1619 1039 1659 vid.
1058 1619 1278 1672 Wyttenb.
1299 1617 1403 1656 Bibl.
1419 1617 1521 1657 Grit.
1536 1617 1612 1656 vol.
1636 1630 1669 1663 1,
1695 1629 1730 1656 2.
1754 1632 1794 1669 p.

283 1689 350 1729 59.
421 1677 590 1716 Lueian.
625 1676 787 1729 Nigrin.
829 1690 863 1715 e.
902 1689 963 1726 15.
1005 1674 1143 1727 ibique
1182 1673 1488 1718 Hemsterhus..
1529 1672 1700 1712 Jacobs.
1741 1673 1795 1712 ad

285 1732 436 1771 Achill.
474 1732 569 1771 Tat.
614 1745 641 1777 ι,
679 1728 717 1770 6.
754 1730 977 1770 Animadv.
1014 1745 1055 1783 p.
1085 1743 1181 1782 425.
1226 1728 1449 1768 DISSEN.
1524 1728 1669 1768 Habet
1699 1728 1794 1767 Plu-

284 1788 454 1827 tarchus
480 1788 588 1826 Mor.
613 1802 650 1840 p.
675 1797 724 1839 97
752 1787 803 1825 D.
865 1785 1114 1825 SOHAEF.

340 1856 436 1895 324.
463 1846 525 1881 26.
557 1843 581 1882 ἃ
603 1847 682 1883 τοῖς
703 1842 903 1892 προτέροις
918 1840 1118 1890 ’Έλλησιν
1139 1841 1222 1891 ὅροι
1249 1844 1323 1879 τῶν
1344 1841 1500 1891 ἀγαθῶν
1520 1839 1623 1888 ἦσαν
1645 1839 1706 1877 καὶ
1727 1855 1793 1878 κα-

285 1898 414 1951 νόνες]
446 1898 617 1950 Dionys.
641 1898 691 1937 de
717 1897 865 1937 admir.
887 1897 925 1936 vi
948 1896 1166 1936 Demosth.
1190 1910 1222 1934 c.
1248 1907 1312 1948 23.
1343 1910 1381 1948 p.
1412 1907 1527 1944 1024.
1560 1895 1796 1944 παρακελεύ-

284 1956 396 1993 ονταί
429 1970 469 1992 τε
505 1954 594 2002 ἡμῖν
627 1954 702 2005 ὅρῳ
738 1953 798 1992 καὶ
836 1953 969 1991 κανόνι
1001 1955 1170 2004 χρῆσθαι
1206 1955 1381 2000 καθαρῶν
1415 1951 1492 1999 ἅμα
1529 1950 1590 1988 καὶ
1626 1951 1795 2000 ἰσχυρῶν

284 2010 416 2059 λόγων
448 2010 567 2061 τούτῳ
599 2011 649 2061 τῷ
681 2009 801 2058 ἀνδρί.
864 2007 987 2046 Adde
1019 2007 1207 2059 exempla
1237 2006 1448 2045 nominum
1480 2006 1567 2055 ὄρος
1598 2009 1641 2044 et
1669 2005 1794 2043 κανὼν

285 2065 601 2116 conjunctorum
633 2064 745 2116 apud
776 2063 999 2116 Wyttenb.
1034 2062 1257 2101 Animadv.
1289 2061 1342 2101 ad
1376 2060 1589 2100 Plutarch.
1623 2074 1660 2112 p.
1697 2060 1789 2108 248.

288 2119 435 2158 Latine
452 2119 611 2158 Plinius
632 2119 734 2158 dicit
755 2132 934 2157 ποννιαηι
951 2122 993 2157 et
1014 2118 1203 2171 restalam.
1264 2117 1486 2156 Caeterum
1507 2130 1581 2168 pro
1602 2115 1704 2163 ἦσαν
1726 2129 1793 2153 ex-

285 2175 505 2226 spectabas
531 2175 589 2223 ἢν,
614 2175 685 2213 sed
716 2174 887 2226 pluralis
915 2173 1076 2225 positus
1104 2174 1156 2212 ob
1188 2171 1483 2212 attractionem
1510 2170 1793 2224 proximorum

285 2229 652 2275 substantivorum,
676 2234 722 2268 ut
744 2234 865 2268 notat
888 2229 1144 2267 Schaeferus.
1206 2226 1434 2266 DISSEN.

340 2298 436 2336 324.
463 2294 526 2334 27.
556 2284 884 2335 ἀνατετραφότες]
923 2283 1204 2323 Adulnbravit
1226 2283 1333 2321 hunc
1355 2282 1489 2321 locum
1510 2280 1720 2320 Aristides
1742 2281 1793 2319 de

285 2340 339 2377 D.
363 2339 409 2378 O.
433 2354 472 2392 p.
500 2340 590 2378 166.
633 2338 825 2377 REISK.

342 2396 480 2442 ταύτης
500 2392 920 2446 τοίνυν-προδοσίας]
946 2392 1062 2432 Oitat
1084 2393 1275 2432 Tiberius
1296 2408 1336 2445 p.
1358 2404 1422 2441 24.
1486 2390 1733 2431 SCHAEF.

340 2461 436 2502 324,
463 2451 526 2488 28.
549 2448 800 2501 περιβοήτου]
831 2448 884 2488 V.
910 2448 1155 2487 Ammonius
1176 2463 1214 2501 p.
1237 2461 1304 2498 42.
1367 2446 1615 2486 SCHAEF.

340 2518 436 2558 325,
467 2518 497 2543 1.
521 2504 550 2544 ὦ
572 2506 708 2555 ἄνδρες
730 2503 949 2556 Ἀθηναῖοι]
979 2503 1130 2543 Omisit
1153 2503 1355 2543 Tiberius
1417 2501 1666 2541 SOHAEF.

343 2563 376 2600 εἰ
404 2565 464 2600 δεῖ
485 2560 536 2610 μὴ
562 2559 712 2612 ληρεῖν]
745 2559 801 2598 Η.
826 2574 859 2599 e.
893 2560 928 2598 si
961 2559 1170 2598 dicendum
1202 2559 1306 2612 quod
1328 2572 1389 2597 res
1415 2564 1479 2597 est.
1541 2556 1607 2596 Sic
1632 2571 1670 2609 p.
1693 2567 1790 2609 425.

285 2619 404 2655 ταῦτα
429 2616 474 2665 νὴ
501 2616 570 2664 τὴν
593 2616 793 2666 Δήμητρα,
818 2617 851 2654 εἰ
879 2618 938 2655 δεῖ
963 2615 1014 2664 μὴ
1035 2620 1181 2665 ληρεῖν,
1206 2615 1414 2664 εὐλαβείας
1441 2613 1484 2652 οὐ
1511 2615 1645 2663 μικρᾶς
1673 2615 1791 2651 δεῖται

286 2689 318 2710 κ.
341 2688 373 2710 τ.
395 2677 447 2717 λ.,
471 2676 514 2710 et
538 2671 649 2724 apud
673 2670 870 2709 Aeschin.
897 2675 1029 2710 contr.
1053 2670 1236 2723 Ctesiph.
1263 2685 1304 2723 p.
1329 2680 1394 2720 74.
1429 2669 1498 2717 τὴν
1524 2669 1565 2706 δὲ
1599 2669 1693 2706 κατὰ
1718 2669 1790 2717 γῆν

288 2728 549 2778 (ἡγεμονίαν),
575 2728 607 2765 εἰ
632 2726 683 2775 μὴ
713 2729 772 2765 δεῖ
794 2730 940 2776 ληρεῖν,
965 2727 1083 2776 ἄρδην
1106 2726 1236 2776 φέρων
1258 2724 1421 2773 ἀνέθηκε
1444 2723 1648 2772 Θηβαίοις.
1709 2722 1790 2761 De·

286 2782 521 2821 mosthenes
544 2781 641 2834 quid
667 2781 763 2820 velit
795 2781 961 2820 clarum.
1026 2781 1299 2820 Lueulentam
1330 2779 1493 2819 laudem
1522 2778 1612 2817 urbi
1641 2782 1684 2817 et
1712 2777 1788 2816 sibi

287 2842 519 2889 praeparat
583 2837 620 2875 D
631 2836 805 2875 ISSEN.

334 2905 356 2944 3
369 2905 427 2943 25.
439 2892 674 2944 3.ἀιἀίτιος]
684 2893 831 2931 Carens
842 2892 969 2945 culpa.
990 2892 1040 2930 V.
1053 2892 1107 2930 H.
1119 2891 1317 2945 Stephani
1329 2887 1784 2929 Tl1esa1u·.SGHAEF.
