1934 3179
322 108 408 148 334
882 108 995 149 PRO
1027 108 1277 149 CORONA.

382 223 475 262 241,
499 214 536 252 6.
569 212 756 265 σχήσειν]
793 212 886 252 Hac
921 212 1225 266 significatione
1261 213 1395 253 rarior
1429 213 1559 253 futuri
1595 215 1728 254 forma
1758 229 1833 268 pro

324 268 441 317 ἕξειν.
504 268 619 308 Infra
654 283 692 321 p.
715 269 811 318 428,
838 279 902 308 22.
952 285 1137 320 σχησετε,
1176 269 1247 308 sed
1284 268 1322 307 vi
1362 269 1483 322 longe
1517 269 1695 318 diversa,
1728 285 1834 324 quae

322 323 447 376 hujus
467 323 625 363 formae
645 330 847 376 tanquam
868 323 1037 377 propria
1058 328 1134 363 est.
1188 323 1241 363 V.
1262 324 1497 378 Hesychius
1514 325 1589 364 101
1609 338 1644 365 2.
1660 340 1699 378 p.
1716 339 1832 380 ¹33¹

324 378 574 420 SGHAEF.

382 447 475 486 241,
503 446 540 486 7
574 439 653 476 τοῖς
679 436 751 484 μὲν
779 434 992 488 πλήθεσιν]
1028 434 1095 474 Sic
1124 434 1189 474 1110
1216 435 1386 488 pluralis
1414 435 1566 490 legitur
1585 436 1713 476 etiam
1736 436 1833 476 Phi-

323 490 420 544 lipp.
448 503 484 530 2.
508 505 548 544 p.
576 502 639 541 71.
662 495 704 530 et
724 489 838 530 alias.
901 489 1125 530 DISSEN.

382 559 474 596 241,
499 559 538 598 9.
572 545 780 598 οἰομένοις]
819 546 1017 595 οἰομένους
1040 545 1328 600 Hermogenes
1346 546 1537 586 Aldinus.
1601 547 1708 587 Nam
1732 547 1834 587 Por-

323 607 392 642 tus
414 601 456 640 in
478 601 661 641 editione
683 600 860 654 Crispini
892 601 1109 654 plerosque
1140 602 1253 642 locos
1275 602 1619 642 Demosthenicos
1646 603 1699 643 ab
1724 603 1834 642 Aldo

321 657 445 698 aliter
476 657 684 697 exhibitos
711 657 765 697 ad
797 657 1016 697 lectionem
1042 657 1253 711 vulgarem
1283 658 1536 706 reformavit,
1566 663 1613 698 ut
1646 658 1711 697 hic
1741 658 1831 706 loci,

321 713 391 752 ubi
414 713 542 753 editio
564 713 722 752 Aldina
743 712 799 752 sic
822 713 907 760 dat,
932 727 1183 766 quamquam
1204 713 1375 753 vitiose:
1409 716 1456 753 τὰ
1481 715 1587 753 ἄλλα
1614 715 1718 763 πλὴν
1739 715 1834 754 ἐκεί-

323 785 412 811 νους
431 770 533 819 ὅμως
555 769 754 818 οἰομένους
769 770 914 810 ἄλλους
932 773 1080 808 πωλεῖν
1096 770 1268 820 πρώτους
1286 769 1443 810 ἑαυτοὺς
1459 770 1701 820 πεπρακότας
1716 769 1834 823 ᾐσθῆ-

323 828 429 865 σθαι.
480 824 674 864 REISK.

382 892 477 931 241,
505 894 565 919 10.
597 881 768 930 πρώτους
809 880 964 921 ἑαυτοὺς
1004 881 1245 930 πεπρακόσιι1
1283 880 1509 933 αἰσθέσθαι]
1557 879 1744 933 Respicit
1780 881 1833 920 ad

322 936 424 976 haec
445 940 572 988 atque
595 935 695 976 talia
717 935 932 975 Plutarch.
956 935 1010 973 V.
1033 935 1250 974 Demosth.
1274 950 1308 975 0.
1330 949 1353 988 3
1368 950 1375 974 1
1390 967 1398 975 .
1460 936 1684 975 DISSEN.

383 1003 478 1041 241,
510 1005 568 1030 11.
600 992 641 1044 ἃ]
683 991 809 1030 Mox:
841 992 981 1036 τᾶλλα,
1006 991 1030 1030 ἃ
1060 991 1259 1041 προσήκει,
1282 990 1391 1030 πάντ’
1425 992 1644 1031 ἀκούουσιν.
1706 991 1760 1029 V.
1787 992 1833 1030 L.

325 1047 422 1087 Bos.
448 1046 590 1100 Ellips.
612 1061 651 1099 p.
674 1059 769 1100 352..
832 1046 1081 1086 SGHAEF.

383 1116 476 1152 241,
524 1115 583 1142 12.
631 1104 743 1152 ἡνίκα
793 1101 1072 1156 ἐδωροδόκουν]
1138 1103 1300 1142 Desunt
1357 1102 1613 1156 Hermogeni
1666 1102 1833 1142 Aldino.

327 1158 521 1198 REISK.

382 1215 443 1254 καὶ
464 1213 874 1267 τᾶλλα-ἀκούουσιν]
899 1213 1014 1253 Idem
1032 1213 1106 1252 dat
1128 1214 1188 1252 καὶ
1209 1212 1336 1253 πάντα
1358 1214 1381 1252 ἃ
1402 1214 1597 1263 προσῆκεν
1615 1215 1834 1254 ἀκούουσιν.

326 1270 521 1309 REISK.

380 1327 522 1372 τᾶλλα,
552 1326 576 1365 ἃ
607 1324 804 1376 προσήκει,
834 1324 961 1378 πάντ’]
995 1324 1189 1364 Reiskius
1226 1324 1315 1363 Ind.
1345 1324 1530 1364 Graecit.
1555 1339 1586 1363 s.
1609 1340 1644 1364 v.
1681 1326 1836 1365 ἀκούειν

325 1382 522 1421 subaudit
543 1382 671 1430 ὀνείδη
693 1381 754 1420 vel
777 1382 935 1432 αἰσχρά.
998 1380 1116 1419 Ν11111
1137 1380 1480 1420 subaudiendum.
1543 1380 1652 1420 Vide
1673 1386 1758 1421 not.
1781 1381 1834 1420 ad

326 1439 350 1477 ἲι
371 1452 407 1477 ν.
430 1451 491 1477 11.
553 1436 803 1476 SOHAEF.

386 1507 478 1544 241,
505 1505 568 1545 25.
599 1492 715 1543 μέχρι
744 1491 956 1545 τούτου--]
992 1492 1277 1545 Hermogenes
1298 1506 1336 1545 p.
1362 1493 1454 1539 266,
1476 1504 1515 1544 3.
1548 1492 1653 1532 citat
1684 1492 1723 1531 h.
1745 1491 1770 1531 l.
1792 1496 1836 1531 et

326 1564 368 1602 p.
384 1560 491 1601 295„
510 1548 579 1587 ubi
601 1548 652 1586 de
669 1546 904 1586 discrimine
925 1550 989 1596 τῆς
1009 1549 1263 1597 παρισώσεως
1285 1552 1327 1586 01
1349 1550 1413 1592 τῆς
1435 1549 1686 1599 ἐπαναφορᾶς
1706 1547 1835 1601 loqui-

327 1610 420 1644 tur:
460 1605 502 1643 αἵ
530 1620 571 1643 τε
600 1604 668 1642 οὖν
698 1603 936 1653 παρισώσεις
967 1604 1290 1649 καλλωπίζουσιν,
1321 1604 1451 1652 ὥσπερ
1478 1603 1680 1653 ἐλέγομεν,
1711 1604 1771 1642 καὶ
1797 1604 1836 1642 αἱ

329 1662 424 1700 κατὰ
446 1664 572 1698 κῶλον
595 1658 852 1708 ἐπαναφοραὶ,
876 1659 972 1697 οἷον·
1010 1658 1125 1710 μέχρι
1146 1660 1281 1697 τούτου
1303 1659 1680 1709 Λασθένης-μέχρι
1701 1660 1835 1697 τούτου

327 1717 594 1766 Τιμόλαος-.
670 1714 829 1753 Ponam
869 1713 934 1752 hic
974 1713 1107 1752 locum
1145 1727 1166 1752 e
1202 1713 1428 1753 scholiasta
1467 1714 1520 1752 ad
1559 1713 1835 1766 Hermogenis

327 1771 478 1811 librum
509 1771 595 1820 περὶ
629 1771 751 1814 ἰδεῶν,
775 1783 856 1807 11011
883 1783 964 1821 quo
999 1769 1175 1808 lectores
1203 1783 1253 1808 ex
1285 1783 1334 1808 eo
1367 1768 1473 1808 scitu
1502 1768 1627 1822 digna
1660 1768 1833 1812 discant,

328 1827 401 1866 sed
424 1840 504 1879 quo
532 1825 765 1878 intelligant
793 1824 870 1863 hoc
892 1838 913 1862 e
935 1824 1168 1876 specimine,
1192 1838 1315 1876 quam
1344 1824 1503 1863 miseris
1524 1830 1567 1863 et
1588 1838 1712 1876 quam
1733 1823 1835 1862 diffi-

329 1882 474 1922 cilibus
504 1881 625 1934 nugis
651 1881 784 1919 bonus
812 1880 1099 1932 Hermogenes
1130 1884 1327 1919 oneratus
1352 1879 1418 1918 sit
1479 1880 1740 1942 Quamquam
1770 1879 1836 1918 1110

328 1951 558 1990 anonymus
598 1936 638 1975 in
671 1936 779 1974 1111110
817 1935 866 1974 (10
906 1935 1069 1974 Formis
1101 1935 1251 1974 libium
1287 1935 1529 1974 scholiastes
1561 1933 1762 1987 sequioris
1793 1940 1836 1974 et

327 1993 491 2047 generis
531 1997 573 2031 et
613 1991 766 2031 aetatis
806 1996 870 2029 est
906 1990 1098 2043 nulloque
1133 1991 1257 2029 modo
1293 2004 1385 2029 011111
1424 1990 1666 2030 Marcellino
1702 1994 1836 2029 caete-

329 2049 469 2101 risque
497 2047 795 2088 vetustioribus
827 2051 870 2085 et
897 2045 1134 2085 meli01ibus
1167 2045 1564 2085 commentatoribus
1595 2060 1835 2098 compaian-

330 2105 419 2144 dus.
442 2120 481 2158 p.
504 2114 599 2157 397.
622 2116 733 2155 eigo.
756 2115 848 2141 011111
869 2101 1011 2141 multis
1031 2106 1074 2140 et
1096 2101 1217 2149 ultra,
1241 2115 1363 2154 quam
1390 2115 1465 2154 par
1486 2106 1606 2149 esset,
1629 2100 1838 2140 subtiliter

330 2160 598 2213 disputasset,
620 2136 692 2198 adn
695 2172 781 2197 rem
804 2157 1109 2197 obscurandam
1126 2171 1283 2209 quam
1271 2157 1324 2196 ad
1346 2156 1657 2196 illuminandam
1678 2170 1835 2196 accom-

330 2215 552 2261 modatius,
579 2214 619 2252 in
654 2213 722 2252 illo
756 2212 1080 2252 Demosthenico
1108 2213 1222 2263 μέχρι
1257 2214 1390 2252 τούτου
1416 2212 1620 2261 Λασθένης
1649 2212 1836 2251 01)111101·0

330 2271 454 2321 ἀκμὴν
475 2269 747 2322 compositam
769 2283 818 2307 ex
841 2269 941 2321 ἀκμη
964 2269 1026 2306 καὶ
1053 2269 1307 2317 λαμπρότητι,
1330 2268 1500 2307 tandem
1521 2267 1687 2320 subjicit
1708 2267 1832 2306 haec:

332 2328 454 2377 φησὶν
480 2327 548 2365 οὖν
579 2326 637 2363 ὅτι
668 2325 712 2362 οὐ
742 2327 852 2362 τοῦτο
878 2325 997 2373 λέγω,
1023 2324 1081 2361 ὅτι
1112 2324 1335 2373 λαμπρότης
1363 2324 1424 2362 καὶ
1450 2323 1549 2372 ἀκμὴ
1575 2325 1836 2362 συνελθοῦσαι

331 2385 512 2420 ποιοῦσιν
545 2380 681 2429 ἀκμὴν,
714 2380 754 2429 (ἡ
792 2380 864 2429 γὰρ
901 2379 1000 2427 ἀκμὴ
1034 2377 1114 2417 καθ’
1145 2378 1263 2427 αὐτὴν
1294 2379 1338 2417 οὐ
1368 2379 1640 2427 συνέστηκεν,)
1671 2377 1760 2416 ἀλλ’
1795 2379 1836 2416 ἐκ

331 2438 595 2487 σφοδρότητος
628 2435 688 2474 καὶ
723 2434 991 2483 λαμπρότητος
1025 2434 1086 2472 καὶ
1118 2435 1351 2484 τραχύτητος
1384 2435 1594 2484 σύγκειται.
1634 2434 1736 2472 ὥστε
1764 2434 1836 2484 οὐχ

332 2494 464 2533 ἁπλῶς
491 2495 551 2530 δεῖ
575 2490 710 2541 λέγειν
737 2491 778 2528 ἐκ
807 2490 1074 2538 λαμπρότητος
1098 2490 1160 2527 καὶ
1191 2489 1310 2537 ἀκμῆς
1338 2489 1407 2537 τὴν
1435 2489 1558 2537 ἀκμὴν
1585 2487 1836 2529 συνεστάναι.

332 2549 438 2587 ἀλλὰ
458 2546 638 2596 λαμπρὸν
662 2546 704 2584 ἐν
725 2547 847 2597 ταυτῷ
871 2545 931 2582 καὶ
953 2545 1118 2593 ἀκμαῖον
1140 2543 1239 2582 εἶναι
1260 2545 1302 2582 τὸ
1323 2546 1438 2595 μέχρι
1459 2546 1594 2583 τούτου
1616 2543 1833 2591 Λασθένης·

331 2603 512 2653 λαμπρὸν
537 2603 609 2651 μὲν
635 2603 697 2640 διὰ
723 2601 792 2649 τὴν
812 2601 995 2650 λαμπρὰν
1017 2600 1186 2647 ἔννοιαν,
1207 2600 1371 2648 ἀκμαῖον
1393 2601 1433 2639 δὲ
1465 2601 1526 2638 διὰ
1551 2600 1618 2638 τὰς
1645 2601 1710 2647 τῆς
1736 2603 1835 2648 σφο-

332 2659 511 2709 ὃρότητος
533 2657 594 2696 καὶ
609 2656 843 2707 τραχύτητος
861 2657 1011 2696 ἐννοίας
1028 2656 1088 2693 καὶ
1104 2657 1170 2703 τῆς
1186 2656 1452 2705 λαμπρότητος
1471 2654 1537 2703 τὴν
1551 2654 1834 2703 μακροκωλίαν.

333 2715 374 2763 ἐξ
400 2715 453 2752 ὧν
479 2714 501 2762 ἡ
528 2712 696 2761 ἀκμη-.
749 2713 783 2750 εἰ
809 2713 883 2761 γὰρ
909 2712 1014 2758 ἁπλῆ
1045 2711 1144 2749 οὐσα
1173 2710 1196 2758 ἡ
1228 2711 1458 2759 ἐπαναφορὰ
1489 2709 1634 2749 κάλλος
1658 2712 1763 2747 ποιεῖ
1785 2709 1835 2760 τῷ

331 2771 439 2821 λόγῳ
481 2772 526 2820 (p
530 2765 849 2806 ulchritudinem
890 2764 1067 2804 orationi
1113 2779 1274 2826 perse
1320 2764 1511 2803 conciliat
1555 2763 1833 2816 epanaphora,

332 2823 494 2864 etiamsi
501 2783 639 2862 paliud
678 2821 775 2861 nihil
801 2821 854 2860 ad
881 2834 972 2859 eam
1003 2819 1269 2865 accessissem
1303 2825 1367 2859 est
1397 2824 1538 2859 autem
1568 2818 1835 2871 epanaphora

332 2878 537 2931 particula
561 2878 675 2929 μέχρι
696 2882 761 2916 101·
792 2876 872 2915 1101·
874 2881 967 2914 ata·
960 2878 992 2921 ,)
1028 2878 1164 2928 πολλῷ
1193 2879 1349 2923 μᾶλλον
1379 2878 1495 2924 διπλη
1527 2878 1621 2913 κατὰ
1653 2875 1835 2923 συζυγίαι
