1935 3205
389 143 469 183 Al)
501 143 840 183 olm'rloNles
873 143 1094 182 ULYN'l'l
1110 143 1118 181 Ι
1135 143 1318 182 1Λ(“Α8.
1557 144 1611 181 253

97 248 354 289 Chalcidicas
392 250 513 288 urbes
555 250 593 288 in
637 248 835 288 ditionem
878 263 992 287 suam
1035 247 1273 300 accepisset.
1310 246 1341 284 si
1384 247 1435 285 ad
1479 246 1607 299 ipsam

97 305 388 359 Olynthiormn
420 306 563 344 urbem
586 311 724 345 eastra
746 304 940 343 movisset
966 318 1140 356 eamque
1162 303 1356 342 ‹finxism
1381 302 1606 347 obsidione,

98 363 222 401 verbo
249 367 294 401 ut
321 362 467 405 ‹lit-ann
497 362 529 400 si
562 378 606 401 ea
637 363 722 414 jam
754 361 999 402 evenissent,
1029 375 1146 413 quae.
1177 374 1301 412 quum
1331 359 1457 398 tvi-tia
1485 360 1610 398 liabe-

98 423 213 458 retur
248 418 394 460 oratio,
430 418 628 457 accidisse
666 417 882 456 verisimile
914 429 1002 456 est:
1040 431 1118 455 non
1154 416 1280 454 ¹sobrii
1316 415 1507 457 oratoris.
1539 416 1610 454 sed

101 474 233 513 insani
271 474 562 514 ‹leohunatoris
593 474 803 527 ineptique
837 473 1051 525 nugatoris
1082 473 1237 515 fuisset,
1263 479 1347 511 tam
1382 471 1544 510 insulsis
1573 479 1613 511 et

99 530 329 570 manifestis
371 530 596 569 mendaciis
632 531 847 569 audientes
885 530 1049 569 ludere!
1109 534 1237 579 Quem
1275 529 1360 582 ipse
1397 528 1516 568 testis
1550 535 1613 568 est

108 587 412 626 Demosthenes
448 586 648 640 (l'liilipp.
683 600 720 640 3.
751 601 788 639 p.
831 590 1035 638 113.11.),
1074 601 1198 638 quum
1241 585 1519 639 qnadraginta
1561 585 1614 624 ab

99 643 390 696 Ulyntliiornm
421 644 521 682 urbe
553 643 687 682 ¹stadia
721 644 897 689 alen—sset,
926 643 987 681 his
1013 642 1290 681 denuntiasse.
1319 642 1494 680 duorum
1524 641 1611 680 fieri

97 699 275 739 alterum
305 705 511 752 oportere,
534 705 606 739 aut
642 704 688 738 ut
712 699 897 750 Olynthii
926 700 1026 737 urbe
1058 714 1143 737 sua.
1168 706 1239 738 aut
1275 705 1318 738 ut
1354 698 1438 751 ipse
1473 698 1614 737 Mavo-

99 756 225 795 (lonia
261 756 439 799 cederet,
463 770 555 794 eum
588 760 733 795 nostro
764 755 852 793 loco
886 755 1136 808 putabimus,
1164 755 1195 793 si
1226 760 1343 794 tanta
1373 755 1459 807 jam
1492 760 1613 801 esset,

100 818 259 866 quanta
291 811 481 856 diximus,
517 816 775 858 consecutus,
806 812 859 850 ab
887 811 1030 851 codem
1067 810 1223 850 (lictum
1253 810 1485 864 paciscendi
1519 825 1613 849 cnm

100 868 308 922 Olynthiis
329 868 522 921 cupidum
546 867 696 907 fuisse?
729 868 847 917 Quod
871 882 994 920 quum
1018 868 1071 907 ab
1093 867 1201 905 omni
1227 867 1522 920 probabilitate
1543 867 1614 905 ab·

100 925 280 971 horreat,
305 924 415 964 inter
436 924 567 977 prima
590 924 732 963 statim
756 924 849 963 belli
872 924 990 964 initia
1013 924 1117 963 lianc
1135 924 1366 963 orationem
1389 938 1478 963 esse
1500 923 1614 962 habi-

101 987 187 1021 tam
209 996 291 1020 non
314 986 375 1020 est
400 981 507 1033 quod
531 980 780 1020 dubitemus.
844 980 939 1020 Huc
962 981 1138 1033 <lenique
1161 979 1333 1026 aceedit,
1360 980 1469 1041 quod
1492 994 1530 1033 p.
1552 981 1613 1026 16,

104 1050 181 1087 24.
206 1052 311 1091 quae
339 1037 497 1077 civitati
532 1036 865 1078 Atheniensium
885 1037 916 1076 si
940 1036 1184 1090 perdomitis
1207 1035 1445 1090 01311thiis
1438 1050 1477 1074 m
1501 1035 1615 1075 Atti-

100 1108 191 1133 cam
225 1093 356 1146 ipsam
389 1108 459 1132 rex
487 1107 601 1133 ιιι-ιιιιι
630 1093 807 1134 tulisset
836 1093 1017 1147 pelicula
1046 1093 1267 1133 mutuenda
1301 1101 1451 1134 essent
1480 1106 1615 1162 peise-

100 1165 230 1204 quens
261 1164 308 1188 or
310 1158 415 1197 1⁸,1t01
441 1164 543 1189 nnnc
573 1150 730 1203 quitlsm
763 1150 1139 1196 ell211l,ait‚1mzm
1170 1164 1257 1188 enm
1286 1149 1467 1188 i'asaame
1497 1138 1615 1202 culpa

102 1207 277 1246 eundem
311 1206 351 1244 in
381 1206 563 1245 animum
594 1206 800 1251 inducere
824 1207 847 1245 ἃ
880 1210 957 1246 ιιῦι
990 1208 1043 1245 ἄι
1051 1223 1151 1245 οιαι)
1183 1204 1417 1254 ὀφλισκάιι
1425 1223 1485 1245 ωυ
1516 1207 1617 1255 ὅμως

102 1265 276 1302 ἐκλαλεῖ.
342 1262 500 1312 Quibus
540 1263 675 1301 xerbis
720 1262 896 1316 l'hilippi
937 1264 1149 1302 fmtunam
1192 1262 1259 1301 illo
1302 1267 1489 1314 tempoie
1533 1276 1613 1300 non

102 1318 434 1358 florentissimam
456 1318 580 1357 fuisse.
601 1319 809 1358 docemur.

162 1382 184 1397 ‘·
200 1375 392 1427 Denique
409 1375 577 1414 maximi
596 1375 647 1414 ad
667 1381 854 1415 nostram
868 1375 1152 1428 quaestionem
1170 1374 1366 1414 momenti
1386 1380 1494 1420 sunt,
1511 1388 1615 1426 quae

103 1432 155 1471 de
177 1430 452 1471 theatralibus
475 1431 691 1485 stipendiis
713 1431 751 1470 in
776 1431 839 1470 his
861 1431 1120 1471 orationibus
1142 1436 1439 1471 memorantur.
1501 1432 1616 1480 Quae

104 1502 169 1527 res
205 1487 399 1540 quoniam
432 1502 457 1526 ιι
495 1487 820 1527 Westernmnno
861 1488 964 1527 satis
1005 1488 1169 1541 copiose
1209 1488 1416 1541 explicata
1457 1492 1519 1526 cst
1559 1490 1615 1539 (p.

104 1546 305 1597 65—(19).
327 1558 450 1596 quam
472 1543 560 1583 fieri
584 1545 739 1597 poterit
765 1544 1005 1583 brevissime
1027 1545 1067 1583 in
1090 1559 1139 1584 ea
1160 1544 1429 1583 versabimur.
1481 1543 1616 1593 Quum

104 1600 231 1653 igitur
266 1599 393 1639 veteri
435 1599 630 1640 instituto
670 1601 781 1654 apud
825 1601 1105 1640 Athenienses
1146 1606 1359 1654 receptum
1401 1606 1522 1645 esset,
1557 1604 1616 1645 ut,

103 1657 214 1710 quod
255 1656 423 1710 singulis
463 1656 582 1696 annis
622 1657 766 1710 reliqui
804 1671 853 1696 ex
894 1657 1068 1710 publicis
1104 1657 1373 1711 vectigalibus
1406 1657 1537 1702 fieret,
1575 1655 1615 1694 in

104 1712 313 1752 aerarium
338 1714 565 1752 referretur
589 1718 632 1753 et
657 1713 711 1753 ad
743 1713 836 1753 belli
864 1728 961 1752 usus
991 1713 1253 1766 incertosque
1278 1714 1471 1753 fortunae
1499 1726 1618 1752 casus

106 1774 412 1809 reservaretur:
447 1774 669 1823 postquam
693 1769 865 1809 Periclis
892 1769 1145 1810 auctoritate
1175 1769 1453 1809 constitutum
1475 1775 1549 1811 est,
1572 1774 1619 1807 ut

106 1825 161 1864 ad
183 1825 421 1878 spectacula
448 1825 639 1865 obeunda
664 1826 820 1865 civibus
842 1826 993 1866 viritim
1020 1826 1104 1865 bini
1132 1826 1239 1866 oboli
1272 1825 1617 1879 expenderentur.

106 1881 308 1921 militares
347 1881 439 1920 illae
475 1881 673 1934 pecuniae
708 1882 892 1921 consumi
926 1882 964 1921 in
1007 1882 1254 1936 spectaculis
1295 1887 1467 1935 coeptae
1509 1886 1619 1920 sunt.

107 1938 244 1987 Quam
286 1937 569 1977 temeritatem
610 1938 687 1977 etsi
729 1938 802 1977 viri
849 1938 945 1977 boni
987 1938 1213 1978 identidem
1260 1938 1619 1991 impugnaverunt,

107 2000 249 2033 tamen
289 2007 369 2032 non
406 1993 625 2033 defuerunt
659 1994 846 2033 homines
878 1994 1067 2047 improbi.
1099 1994 1183 2047 qui,
1208 1994 1447 2047 popularem
1476 2007 1620 2032 auram

107 2053 330 2103 captantes
354 2048 529 2101 istisque
557 2049 757 2089 illecebris
786 2050 1019 2090 inest-antes
1044 2050 1310 2103 plebeculam,
1333 2063 1502 2103 pravam
1530 2063 1621 2088 eam

106 2104 454 2144 consuetudinem
486 2110 716 2145 tuerentur.
786 2106 851 2146 lta
878 2109 1037 2145 factum
1062 2112 1126 2145 est
1152 2111 1196 2145 ut
1226 2120 1306 2145 non
1333 2105 1463 2144 solum
1492 2105 1619 2158 Apol-

107 2161 288 2204 lodorus
318 2175 444 2213 quum
480 2161 611 2214 legem
644 2161 807 2202 tulisset
837 2162 888 2201 de
919 2162 1194 2202 theatralibus
1228 2162 1410 2215 pecuniis
1441 2161 1495 2201 ad
1525 2160 1619 2200 belli

108 2231 205 2257 usus
228 2217 487 2256 conserendis
512 2195 594 2269 (Ol.
616 2221 705 2257 106.
722 2220 796 2268 4.,)
821 2218 1054 2281 quindecim
1072 2218 1241 2258 talentis
1262 2218 1523 2259 multaletur
1547 2217 1619 2256 sed

107 2273 234 2313 etiam
271 2287 321 2312 ex
356 2272 522 2319 Eubuli,
551 2260 818 2326 perditissimi
853 2274 1170 2322 eoncionatmis
1204 2274 1411 2314 sententia
1445 2273 1620 2326 populus

108 2329 356 2383 interposita
387 2329 555 2383 capitali
586 2343 719 2382 poena
748 2335 921 2379 vetaret,
945 2345 995 2370 ne
1028 2330 1118 2384 quis
1149 2330 1373 2370 theatralia
1400 2344 1497 2369 aera
1529 2343 1619 2369 cen-

108 2391 219 2425 seret
253 2385 306 2424 ad
341 2385 542 2425 militares
575 2400 672 2424 usus
708 2387 940 2426 revocanda
967 2387 1041 2438 (V.
1069 2387 1237 2426 Boeckh
1265 2387 1486 2425 Oeconom.
1508 2385 1619 2439 publ.

111 2441 267 2480 Athen.
288 2454 321 2479 1.
343 2456 382 2494 p.
407 2454 483 2494 194
501 2456 560 2494 sq.
582 2455 658 2494 235
684 2444 779 2494 sq.).
827 2442 950 2490 Hinc,
975 2448 1157 2495 quantae
1178 2457 1244 2481 res
1266 2441 1470 2482 cautionis
1492 2456 1619 2494 quan-

111 2496 224 2549 tique
256 2497 501 2536 discriminis
532 2497 668 2543 fuerit,
703 2497 960 2552 intelligitur,
985 2499 1024 2537 in
1058 2513 1106 2538 ea
1138 2513 1183 2537 re
1214 2498 1424 2551 quidpiam
1456 2512 1620 2536 novare.

114 2553 263 2605 ltaque
286 2553 612 2592 Demosthenem
634 2553 830 2599 videmus,
854 2568 980 2607 quum
1011 2554 1050 2592 in
1085 2555 1218 2607 prima
1240 2554 1428 2593 oratione
1450 2553 1500 2591 de
1527 2553 1619 2591 belli

111 2608 316 2647 sumtibus
339 2607 561 2647 dicendum
583 2614 704 2655 esset,
729 2609 911 2647 nondum
936 2624 1088 2663 magna
1115 2614 1330 2662 premente
1358 2608 1620 2652 necessitate,

110 2664 335 2703 admodum
368 2669 489 2703 caute
525 2664 750 2718 timideque
779 2679 864 2703 rem
895 2665 1103 2718 attingere
1134 2664 1347 2717 magisque
1377 2663 1622 2717 ambagibus

112 2719 344 2773 significare
376 2733 499 2771 quam
530 2719 687 2771 apertis
716 2725 755 2759 et
787 2720 993 2759 distinctis
1015 2720 1149 2759 verbis
1179 2720 1384 2773 explicare
1408 2725 1466 2772 (p.
1490 2733 1550 2768 14,
1577 2722 1621 2758 18

113 2790 208 2828 —p.
233 2788 292 2827 15,
315 2777 389 2827 5.).
451 2774 586 2824 Quid}
629 2775 738 2827 quod
776 2775 933 2815 diserta
969 2775 1295 2814 dissimulatione
1327 2775 1620 2814 declinandum

113 2830 268 2870 crimen
290 2830 466 2883 putavit.
520 2829 626 2869 Nam
649 2830 939 2883 obloquentem
962 2831 1038 2869 sibi
1061 2831 1238 2883 aliquem
1260 2831 1368 2870 hunc
1391 2831 1429 2869 in
1452 2831 1620 2870 modum

113 2885 290 2926 faciens:
341 2894 364 2907 ⁸⁸
384 2886 500 2925 Heus
523 2892 581 2926 tu.
605 2900 727 2939 rogas
754 2886 891 2940 igitur,
916 2893 959 2926 ut
989 2887 1089 2926 haec
1111 2887 1163 2926 ad
1191 2886 1397 2940 stipendia
1426 2885 1621 2926 militaria

114 2943 383 2982 conferantur
398 2942 435 2981 Γ
489 2942 620 2981 Immo
644 2957 750 2982 vero.
774 2942 919 2995 inquit.
945 2957 1024 2981 non
1048 2957 1173 2996 rogo:
1210 2943 1280 2982 sed
1302 2942 1455 2982 milites
1477 2956 1623 2981 censeo
