1950 3210
507 134 584 173 DF,
624 133 813 172 FALSA
856 132 1211 171 LEGMWONE.
1536 137 1618 176 477

104 241 248 276 nostra
284 236 470 277 oratione
507 239 564 289 (ξ.
599 239 672 289 68)
703 237 873 290 petivit:
919 240 962 277 ἐν
993 240 1066 287 μὲν
1102 241 1176 289 γὰρ
1210 241 1260 291 τῷ
1295 241 1617 288 παραπρεσβείας

105 295 295 345 Αἰσχίνου
315 293 533 342 μέλλοντος
555 294 799 333 ἀντιτιθέναι·
833 295 899 333 οὐκ
920 294 1023 343 ἦσαν
1048 296 1246 345 σύμμαχοι
1267 296 1304 332 οἱ
1326 297 1486 339 Φωκεῖς,
1509 296 1617 334 ἀλλὰ

105 349 166 388 καὶ
187 351 319 388 πολλὰ
340 349 410 397 τὴν
430 350 545 388 πόλιν
566 350 765 398 ἠδίκησαν,
789 351 1147 400 ἀντεγκληματικῶς
1173 351 1356 389 ἀπαντῶν
1381 351 1613 399 προλαμβά-

104 420 163 443 νει
191 407 256 453 τῆς
287 403 518 445 ἀντιθέσεως
544 405 612 453 τὴν
637 406 754 444 λύσιν
781 407 800 443 ὁ
827 405 952 455 ῥήτωρ
984 408 1078 444 κατὰ
1107 405 1310 452 ἔνστασιν,
1331 406 1388 444 ὅτι
1415 407 1614 457 σύμμαχοι

103 459 217 508 ἦσαν·
251 459 347 510 φέρε
365 459 408 508 δή
429 477 505 509 μοι,
525 461 635 510 φησὶ,
651 460 720 509 τὴν
737 463 960 512 συμμαχίαν
981 465 1056 500 τῶν
1071 461 1240 500 Φωκέων
1262 460 1470 511 ἀνάγνωθι.
1503 465 1615 500 τοῦτο

104 516 145 554 δὲ
167 517 425 566 κακούργως
447 516 596 566 εἰσάγει
612 516 655 554 τὸ
672 516 873 566 ψήφισμα,
891 517 948 555 ὅτι
966 516 1117 567 ἐγράφη
1133 518 1206 565 μὲν
1222 518 1326 566 παρὰ
1342 521 1418 555 τῶν
1432 517 1615 565 Φωκέων,

105 571 171 610 οὐκ
195 571 386 622 ἐνηργήθη
409 572 449 609 δὲ
472 571 558 610 οὐδὲ
583 572 783 619 ἐτελέσθη.
817 573 874 610 διὸ
898 572 984 611 οὐδὲ
1002 572 1231 623 προσέσχον
1248 572 1346 625 αὐτῷ
1368 574 1403 611 οἱ
1425 573 1614 618 δικασταὶ,

105 626 212 665 ἀλλὰ
236 626 295 665 καὶ
323 628 679 677 προσωργίσθησαν
704 627 798 677 (vol.
824 629 861 666 6.
884 642 921 679 p.
954 632 1063 679 193).
1127 628 1187 666 At
1216 632 1263 666 ut
1287 628 1614 667 Demosthenem

104 681 144 719 h.
172 681 199 719 l.
233 681 507 733 objectionem
536 682 757 720 Aeschinis
792 683 870 721 xar'
904 683 1092 721 ἔνστασιν
1127 683 1420 734 (ot-currendo)
1460 683 1617 722 solvero

103 736 279 775 voluisse
301 737 456 783 (lomus,
481 751 586 790 quae
612 737 787 776 aliorum
811 752 974 789 quoquc
996 737 1135 790 opinio
1157 738 1370 777 rhetorum
1393 738 1484 784 fuit,
1508 739 1617 777 unde

103 791 291 831 Joanncs
313 792 410 830 illud
434 792 577 831 foedus
599 807 679 830 11011
708 792 918 832 exstitisse
950 798 1206 845 ecnnpertum
1235 793 1412 832 habuit?
1472 794 1616 832 Enim-

103 861 200 887 vcro
233 847 397 887 exstitit
433 849 502 899 (cf.
534 847 657 887 Diod.
686 847 768 887 Sic.
798 850 859 894 16,
891 851 977 899 29.)
1010 849 1248 900 factumque
1282 854 1345 887 ost
1374 849 1617 902 Hegesippo

102 908 273 942 auctore
298 903 466 953 (Aesch.
492 917 528 955 p.
554 916 618 954 70,
643 906 740 955 15.).
807 903 952 955 ltaque
975 907 1017 942 et
1046 903 1122 942 1106
1145 903 1210 942 1116
1232 908 1274 943 ct
1296 904 1405 956 quod
1428 904 1479 943 (16
1507 904 1616 957 judi-

105 972 196 997 cum
219 958 254 997 ir
256 974 281 997 a
301 958 427 997 fzztbul
429 963 514 997 11111
530 958 706 997 calumni
711 958 808 997 mdi
828 972 973 997 caussa
995 964 1253 997 commentus
1275 959 1395 1010 ests).
1448 960 1617 1009 Quanto

104 1013 257 1054 rectius
287 1014 499 1053 Maximus
528 1014 748 1062 planudes
777 1013 845 1067 qui
879 1014 933 1053 ad
966 1014 1141 1053 cundem
1176 1014 1452 1068 Hermoomis
1482 1015 1617 1054 locum

103 1069 207 1110 haec
229 1074 559 1109 commentetur:
594 1071 642 1111 ὡς
665 1071 707 1108 ἐν
728 1071 778 1122 τῷ
803 1086 865 1118 της
886 1071 1209 1119 παραπρεσβείας
1232 1072 1422 1121 Αἰσχίνου
1443 1070 1614 1119 μέλλον

105 1141 167 1166 τος
188 1125 437 1171 ἀντιτιθέναι,
457 1126 515 1164 ὅτι
537 1125 605 1164 οὐκ
621 1141 724 1174 ησαν
741 1126 939 1176 σύμμαχοι
960 1127 996 1163 οἱ
1013 1129 1173 1170 Φωκεις,
1193 1126 1298 1164 ἀλλὰ
1321 1126 1382 1164 καὶ
1400 1128 1533 1164 πολλα
1549 1126 1618 1174 τὴν

104 1181 224 1220 πόλιν
243 1181 443 1229 ἠδίκησαν,
466 1180 762 1231 προλαμβάνων
783 1181 852 1229 τὴν
874 1181 1074 1219 ἀντίθεσιν
1096 1182 1115 1218 ὁ
1135 1180 1392 1230 Δημοσθένης
1413 1181 1482 1229 τὴν
1502 1182 1619 1220 λύσιν

106 1236 306 1286 ἐργάζεται
320 1240 515 1275 συνιστῶν
529 1236 598 1284 τὴν
611 1237 796 1285 ποιότητα
810 1239 884 1274 τῶν
894 1235 1075 1281 Φωκέων,
1085 1236 1142 1274 ὅτι
1159 1238 1218 1274 καὶ
1228 1237 1424 1287 σύμμαχοι
1439 1237 1500 1274 καὶ
1515 1237 1620 1287 εὐερ-

106 1292 215 1342 γέται
236 1294 304 1330 τοῦ
327 1291 458 1340 δήμου.
491 1292 590 1342 φησὶ
609 1291 696 1342 γάρ’
729 1290 826 1341 φέρε
848 1290 892 1339 δή
913 1307 978 1340 μοι
999 1291 1068 1339 τὴν
1090 1292 1316 1342 συμμαχίαν
1339 1295 1415 1330 τῶν
1435 1291 1620 1339 Φωκέων,

105 1347 179 1386 ἵνα
195 1347 249 1388 ὡς
265 1348 376 1396 ὑπὲρ
398 1348 577 1386 οἰκείων
595 1348 710 1397 ἀγαν
720 1362 983 1394 ακτησωσιν
1000 1348 1041 1384 οἱ
1055 1347 1270 1385 δικασταί
1286 1363 1345 1385 και
1363 1348 1399 1385 ἵι
1403 1347 1461 1395 αὴ
1480 1347 1619 1397 ἔγγρα-

105 1407 181 1452 φος
198 1402 542 1464 ἀναγινωσκομένη
565 1402 766 1452 συμμαχία
786 1402 854 1440 τὸν
878 1402 1068 1452 Αἰσχίνου
1090 1402 1213 1451 λόγον
1236 1401 1383 1453 ἐλέγχῃ
1405 1403 1441 1452 (5
1446 1401 1498 1440 ol.
1520 1414 1558 1454 5
1577 1416 1617 1455 p.

105 1470 156 1506 47
165 1458 224 1508 8)
278 1456 465 1509 lniquius
482 1456 609 1496 etiam
626 1456 764 1509 Dion)
767 1456 850 1495 sius
866 1456 1040 1495 Halic¹¹u
1044 1470 1067 1494 11
1071 1456 1251 1495 assensis
1268 1471 1291 1494 5
1294 1456 1329 1495 61
1352 1456 1385 1495 si
1403 1456 1527 1508 quis
1515 1457 1620 1496 alius

106 1512 216 1552 illam
237 1518 372 1552 artem
394 1512 647 1552 rhetmicam
670 1502 836 1564 scripsit
858 1512 909 1550 (16
926 1512 1211 1551 Demosthene
1236 1513 1292 1562 (8,
1312 1525 1351 1563 5.
1372 1526 1411 1564 p.
1433 1514 1526 1561 287.
1546 1512 1617 1563 R.)

102 1567 318 1620 judicavit,
347 1567 420 1606 sed
446 1573 589 1607 tamen
617 1567 677 1607 ita
704 1571 751 1606 ut
782 1567 959 1606 oratoris
990 1566 1181 1606 laudibus
1212 1566 1313 1605 nihil
1344 1568 1619 1607 obtrectaret.

108 1623 187 1673 Qui
221 1623 332 1676 quod
364 1622 587 1662 artificium
618 1622 863 1669 admiratur,
893 1636 975 1674 quo
1011 1621 1156 1661 callide
1187 1635 1285 1660 usus
1312 1622 1620 1662 Demosthenes

107 1692 181 1731 per
196 1682 332 1718 totam
353 1678 460 1717 hanc
479 1678 711 1717 orationem
732 1691 814 1716 non
836 1676 1016 1730 priorem
1037 1677 1300 1729 legationem,
1316 1676 1357 1715 in
1376 1691 1459 1729 qua
1479 1682 1621 1717 tamen

107 1733 351 1787 [1666(,ι561’,11Ι
375 1733 617 1780 Aeschines,
642 1733 674 1772 si
706 1732 803 1785 quid
831 1732 1076 1785 peccaverit,
1100 1732 1172 1771 sed
1201 1732 1424 1771 secundam
1453 1747 1622 1772 accusa—

107 1789 225 1836 verit,
254 1788 410 1827 scilicet
443 1788 545 1827 nihil
575 1788 686 1827 aliud
710 1801 841 1850 quam
873 1787 961 1841 ipse
983 1801 1025 1826 se
1047 1787 1088 1825 in
1116 1787 1275 1840 ingenti
1304 1801 1443 1826 errore
1464 1787 1620 1827 versari

108 1858 327 1896 rerumque
347 1848 561 1896 gestarum
584 1843 687 1882 satis
709 1842 899 1896 ignarum
921 1856 1010 1881 esse
1034 1846 1213 1881 testatus
1234 1846 1317 1881 est-
1318 1844 1356 1890 ).

166 1899 356 1951 Denique
377 1898 428 1937 (16
449 1898 631 1951 partium
654 1897 933 1950 descriptione
954 1911 1095 1936 5*’6111111
1117 1902 1181 1936 est
1202 1911 1253 1936 ne
1270 1901 1431 1935 veteres
1453 1896 1621 1958 quidem

107 1953 297 1994 rhetmes
324 1953 433 1992 omni
461 1967 512 1992 ex
540 1958 660 2005 parte
680 1957 793 1992 recte
815 1952 1036 2005 judicasse,
1099 1951 1387 2004 Hermogenes
1412 1951 1521 1990 enim
1542 1952 1619 1990 vol

107 2022 146 2062 3.
167 2024 208 2071 p.
227 2022 279 2061 99
303 2023 393 2061 sqq.
427 2008 526 2047 illud
560 2008 727 2062 quidem
751 2012 864 2047 recte
893 2007 1046 2054 docuit,
1069 2006 1448 2057 προκατασκευὴν,1.
1466 2020 1500 2045 e.
1525 2021 1619 2059 par-

107 2064 300 2104 titionem
324 2063 516 2113 (Quintil.
539 2078 577 2113 4,
600 2064 737 2115 5,1.),
764 2076 888 2124 qua-m
920 2061 989 2101 alii
1016 2062 1249 2111 προέκθεσιν
1281 2061 1366 2100 sixe
1399 2062 1621 2113 ὑπόσχεσιν

108 2124 309 2158 vocarunt
333 2119 430 2170 (sol.
452 2132 491 2170 3.
525 2133 564 2171 p.
585 2120 701 2170 416),
725 2132 813 2157 esse
844 2117 887 2155 in
921 2116 1056 2156 verbis
1089 2118 1122 2155 εἰ
1152 2117 1377 2167 σκεψαισθε
1410 2115 1497 2166 παρ’
1532 2118 1622 2165 ὑμῖν

109 2175 251 2222 αὐτοῖς,
274 2173 303 2213 ὦ
334 2175 470 2224 ἄνδρες
500 2174 690 2218 δικασταὶ,
715 2173 776 2212 καὶ
806 2174 1042 2223 λογίσαισθε
1069 2173 1183 2211 τίνων
1214 2171 1400 2221 προσήκει
1431 2174 1474 2220 τῇ
1506 2173 1621 2210 πόλει

108 2231 232 2279 λόγον
261 2231 366 2279 παρὰ
395 2231 639 2278 πρεσβευτοῦ
669 2232 827 2277 λαβεῖν.
861 2231 1011 2276 πρῶτον
1042 2228 1116 2275 μὲν
1143 2227 1272 2265 τοίνυν
1303 2227 1356 2265 ὧν
1389 2225 1618 2276 ἀπήγγειλε,

110 2285 288 2334 δεύτερον
321 2286 362 2322 δὲ
390 2286 443 2322 ὧν
472 2285 617 2330 ἔπεισε,
641 2284 769 2333 τρίτον
798 2283 839 2321 δὲ
871 2283 924 2320 ὧν
951 2281 1215 2331 προσετάξατε
1245 2281 1357 2334 αὐτῷ,
1380 2283 1477 2330 μετὰ
1504 2284 1623 2320 ταῦτα

109 2342 186 2377 τῶν
206 2340 371 2389 χρόνων,
391 2339 453 2388 ἐφ’
476 2338 599 2378 ἅπασι
620 2340 660 2376 δὲ
682 2339 844 2382 τούτοις,
869 2338 902 2375 εἰ
924 2336 1218 2387 ἀδωροδοκήτως
1237 2335 1260 2384 ἢ
1281 2337 1331 2385 μὴ
1353 2335 1481 2375 πάντα
1502 2339 1623 2374 ταῦτα

110 2393 327 2442 πέπρακται
350 2393 386 2443 ξ.
408 2408 448 2440 4.
510 2394 586 2431 Καὶ
622 2395 697 2443 γὰρ
734 2393 796 2431 καὶ
827 2393 1005 2436 ἐνταῦθα,
1039 2390 1189 2443 inquit,
1224 2392 1286 2430 ἐπὶ
1318 2391 1543 2441 κεφαλαίων
1576 2392 1623 2429 τὰ

112 2447 337 2497 ἐγκληματα
375 2447 603 2497 προῦθηκεν,
645 2449 698 2486 ὠν
740 2447 822 2486 καθ
865 2446 1032 2485 ἕκαστον
1077 2446 1271 2496 ἐξελέγξει
1313 2447 1373 2484 καὶ
1414 2446 1620 2492 ἀποδείξει.

114 2502 312 2553 Idemque
332 2507 443 2540 recte
465 2502 638 2548 monuit,
656 2516 707 2540 ne
729 2501 820 2554 quis
841 2515 887 2539 01
889 2506 1050 2539 atorem
1071 2500 1112 2538 in
1134 2500 1197 2538 his
1215 2500 1394 2552 quinque
1415 2498 1621 2551 capitibus

112 2570 155 2595 se
176 2556 388 2595 continere
405 2561 479 2595 aut
496 2557 671 2594 eundem
689 2555 887 2601 ordinem,
905 2569 1026 2606 quem
1049 2554 1090 2592 in
1107 2568 1276 2592 6111111161
1278 2554 1417 2592 atione
1439 2553 1622 2604 partium

112 2611 326 2657 tenuisset,
345 2610 472 2650 etiam
493 2610 534 2648 in
556 2610 869 2649 confirmatione
889 2613 951 2660 (εν
973 2612 1017 2657 τῆ
1041 2611 1271 2657 κατασκειῇ)
1294 2607 1408 2659 sequi
1432 2607 1623 2646 debuisse

153 2728 166 2751 f
191 2729 298 2765 Quam
330 2728 420 2765 proni
451 2728 570 2758 fuerint
599 2729 638 2756 ad
670 2728 833 2758 mendacia
901 2727 1065 2757 ἐλθόντων.
1105 2728 1142 2756 τὸ
1174 2726 1205 2756 δὲ
1244 2728 1313 2764 ἑξῆς
1344 2725 1622 2762 ἐπικατεψεύσατο,

114 2770 319 2800 Demostheni
347 2770 576 2808 exprobranda,
597 2770 754 2798 Aristides
770 2770 831 2798 vol.
902 2768 975 2798 οἷον·
1001 2769 1066 2798 τοῖς
1090 2768 1121 2797 δὲ
1139 2768 1268 2797 ἀπειλεῖ.
1322 2770 1412 2797 Unde
1429 2770 1515 2796 norit
1530 2769 1623 2797 Aris-

113 2821 143 2850 9.
170 2821 200 2849 p.
219 2812 290 2848 381.
315 2821 371 2839 suo
398 2822 453 2840 nos
480 2812 568 2840 docet
595 2811 758 2849 exemplo:
784 2811 833 2840 καὶ
903 2813 979 2840 tides
994 2815 1144 2839 oratorem
1163 2811 1323 2839 mentitum
1341 2811 1434 2838 ens-et?
1460 2809 1623 2838 Reisk.ac1

114 2852 209 2882 πάλιν
226 2854 259 2882 ἐν
275 2853 319 2889 τῷ
335 2853 402 2881 κατ’
417 2851 568 2889 Αἰσχίνου
584 2852 620 2881 τὸ
637 2851 694 2888 μὲν
710 2851 833 2886 ἀληθές·
902 2863 931 2891 p.
951 2851 1086 2889 341.18.

114 2895 170 2923 τὸν
201 2893 258 2931 μὲν
288 2893 439 2933 ἀνῄρηκεν
464 2895 526 2922 τῶν
554 2894 601 2923 ἐπὶ
628 2894 683 2923 τὰς
713 2893 835 2924 εὐθύνας
947 2900 964 2921 g
988 2894 1037 2922 Cf.
1055 2892 1197 2922 stechou
1216 2892 1269 2921 x·.it
1286 2891 1402 2921 Aesch.
1420 2902 1448 2930 p.
1467 2890 1517 2921 66.
