1914 3184
236 121 291 159 28
673 121 1072 161 OLYNTHIAOA
1107 120 1317 160 PRIMA.

234 225 351 264 πάθοι
379 226 439 265 καὶ
461 227 507 265 τὰ
529 228 594 275 τῆς
615 227 732 278 τύχης
753 228 842 275 ὑμῖν
869 225 1048 276 ὑπάρξαι,
1069 226 1165 276 ἤπερ
1192 225 1252 264 ἀεὶ
1274 223 1437 274 βέλτιον
1457 223 1480 275 ἢ
1504 226 1611 275 ἡμεῖς
1638 226 1743 275 ἡμῶν

236 281 362 320 αὐτῶν
384 283 682 331 ἐπιμελούμεθα.
745 281 942 321 Similiter
963 296 1001 334 p.
1023 294 1046 333 3
1062 295 1069 319 1
1088 295 1118 326 1,
1151 294 1209 331 19.

292 350 329 387 9,
354 352 391 387 c).
426 337 514 376 ὥστ’
553 339 592 387 ἐξ
625 336 1072 390 ἁπάντωνῇγενέσθαι]
1110 336 1398 389 Hermogenes
1419 337 1495 376 vol.
1517 351 1556 389 3.
1585 352 1623 390 p.
1650 349 1742 387 29¹2.

233 394 415 443 βεβηκὼς
434 396 582 444 γίνεται
602 394 757 444 ῥυθμὸς,
778 395 811 432 εἰ
832 394 909 442 ἅμα
925 395 970 447 τῇ
994 393 1124 445 ἐννοίᾳ
1140 391 1387 446 πληρουμένῃ
1408 393 1469 431 καὶ
1485 393 1600 443 μέρος
1621 394 1744 443 λόγου

234 465 270 488 τι
290 449 437 499 μακρὸν
460 450 522 488 καὶ
547 451 599 490 εἷς
623 451 773 499 μακρὰν
804 450 873 497 τὴν
901 449 1129 487 τελευταίαν
1160 450 1382 498 καταλῆγον
1413 448 1636 497 συλλαβὴν,
1661 449 1744 487 οἷον

237 504 366 543 ”ὥστ’
391 507 430 554 ἐξ
464 504 645 544 ἁπάντων
677 506 813 557 ῥᾳδίαν
845 504 914 553 τὴν
943 507 1008 542 τοῦ
1036 502 1304 554 συμφέροντος
1334 505 1424 553 ὑμῖν
1452 506 1603 554 αἵρεσιν
1630 503 1740 555 γενέ-

235 560 365 599 σθαι.”
395 561 575 610 βεβηκὼς
595 561 749 611 ῥυθμὸς,
772 560 992 613 rhythmus
1013 559 1130 599 firme
1151 559 1357 605 insistens,
1381 559 1511 612 qualis
1534 564 1598 599 est
1618 559 1744 599 stabi-

234 615 333 654 lium
355 616 644 668 spondcorum.
705 615 930 669 Dionysius
954 615 1051 655 Hal.
1074 615 1125 655 de
1142 615 1186 655 C.
1204 615 1257 654 V.
1275 628 1297 667 3
1304 617 1371 666 38.
1391 615 1485 654 Soh.
1507 614 1740 668 explicans:

235 672 278 710 ἐν
301 671 664 724 ἕδρᾳ-βεβηκέναι
686 674 853 725 πλατείᾳ
873 688 914 711 τε
936 672 996 711 καὶ
1023 673 1211 722 ἀσφαλεῖ.
1276 670 1380 710 Ibid.
1403 686 1441 724 p.
1463 684 1560 724 340.
1583 675 1658 710 τῶν
1678 688 1743 711 πε-

233 729 372 778 ριόδων
396 729 462 768 τὰς
482 729 952 777 τελευτὰς-βεβηκυίας.
979 729 1161 768 σύνθεσις
1182 729 1352 777 στιβαρὰ
1375 728 1435 766 καὶ
1455 731 1650 776 βεβηκυῖα
1676 741 1742 780 ap.

234 783 355 822 eund.
378 783 519 823 Judic.
541 783 592 822 de
615 783 799 836 Thucyd.
823 798 857 823 c.
882 796 946 833 24.
968 799 1007 836 p.
1031 784 1124 834 867,
1151 795 1185 822 2.
1248 782 1579 823 SOHAEFER.

293 853 330 892 9,
360 852 420 878 10.
443 841 532 889 ὑμῖν
560 853 653 878 cum
680 841 816 892 ῥᾳδίαν
844 838 1031 890 γενέσθαι
1060 838 1265 878 construit
1288 838 1480 885 wolfius,
1504 853 1608 892 quae
1634 838 1744 879 ratio

235 894 268 933 si
302 909 399 935 vera
433 900 554 942 esset,
583 895 887 934 Demosthenes
920 895 1151 948 scripsi-:set
1183 896 1319 948 ῥᾳδίαν
1351 897 1440 944 ὑμῖν
1471 912 1502 933 τ.
1527 913 1560 934 τ.
1584 912 1621 934 σ.
1646 912 1681 934 α.
1704 912 1742 946 γ.

234 951 264 990 J
268 951 459 1004 ungenda
490 951 617 1004 igitur
651 954 718 990 τοῦ
754 950 1024 1002 συμφέροντος
1055 953 1156 1000 ὑμῖν·
1193 951 1399 1003 quomodo
1433 965 1557 1004 supra
1589 950 1745 991 Orator

235 1007 400 1059 scripsit
422 1007 464 1045 τὸ
486 1010 637 1056 μέλλον
659 1008 859 1046 συνοίσειν
879 1007 923 1056 τῇ
946 1008 1072 1046 πόλει.
1135 1006 1466 1046 SCHAEFER.

292 1062 494 1113 γενέσθαι]
550 1063 757 1114 γίγνεσθαι
809 1062 999 1101 Prooem.
1050 1063 1207 1102 Locum
1257 1062 1430 1101 similem
1476 1062 1743 1102 Pseudo-De-

235 1118 386 1157 mosth.
411 1118 545 1171 Epist.
567 1133 606 1170 p.
635 1121 753 1167 1464,
776 1131 815 1168 4.
838 1132 888 1158 ex
912 1118 1236 1157 Demosthenico
1264 1118 1481 1159 manifeste
1503 1133 1742 1172 expressum

235 1174 491 1227 comparavit
513 1174 743 1219 Dobraeus.
767 1173 868 1213 ταῦτ’
890 1174 1117 1224 ἠβουλήθην
1138 1178 1216 1215 τοῖς
1235 1176 1307 1223 μὲν
1335 1176 1650 1225 προαιρουμένοις
1677 1175 1743 1214 λέ-

235 1247 321 1281 γειν
354 1232 507 1280 ἐμφανῆ
533 1230 696 1279 ποιήσας
722 1231 918 1280 ἀφθόνους
949 1231 1127 1281 ἀφορμὰς
1157 1231 1210 1269 ὧν
1239 1231 1506 1279 ὑπολαμβάνω
1529 1229 1744 1281 συμφέρειν

235 1288 325 1336 ὑμῖν
356 1289 500 1332 δοῦναι,
542 1290 622 1327 τοῖς
662 1288 702 1324 δὲ
744 1290 908 1327 πολλοῖς
946 1287 1083 1339 ῥᾳδίαν
1122 1286 1192 1335 τὴν
1231 1290 1307 1325 τῶν
1338 1288 1561 1336 βελτίστων
1592 1287 1743 1337 αἵρεσιν

237 1345 486 1391 καταστῆσαι.

294 1400 314 1437 ὁ
349 1399 421 1447 μὲν
454 1399 521 1437 οὖν
553 1399 686 1448 παρὼν
722 1397 1028 1448 καιρὸς-μόνον
1060 1399 1147 1450 οὐχὶ
1179 1397 1290 1449 λέγει
1322 1398 1457 1449 φωνὴν
1493 1397 1635 1451 ἀφιεὶς]
1675 1399 1742 1447 μό-

238 1471 307 1493 νον
329 1454 415 1505 οὐχὶ
436 1468 517 1492 non
540 1458 627 1493 tam
649 1458 821 1507 propter
847 1453 958 1505 λέγει
978 1469 1101 1507 quam
1132 1459 1304 1508 propter
1325 1455 1460 1504 φωνὴν
1481 1455 1608 1504 ἀφιεὶς
1628 1454 1742 1493 addi-

236 1509 299 1549 dit
315 1514 468 1557 orator,
488 1514 536 1549 ut
555 1509 774 1549 audaciam
790 1509 940 1549 leniret
960 1510 1241 1563 metaphorae.
1287 1510 1420 1549 Locus
1436 1514 1607 1563 propter
1622 1526 1742 1560 προσ-

237 1567 452 1605 ωποποιίαν
484 1565 722 1618 frequenter
752 1570 1006 1605 memoratus
1033 1567 1086 1605 ab
1121 1566 1381 1605 rhetoribus:
1432 1565 1511 1605 vid.
1541 1566 1739 1619 Hermog.

236 1621 313 1660 vol.
342 1634 380 1673 3.
418 1636 456 1673 p.
484 1632 580 1672 407.
642 1621 843 1674 Apsinem
871 1621 947 1661 vol.
980 1636 1017 1673 9.
1053 1636 1092 1674 p.
1125 1635 1221 1674 544.
1284 1621 1570 1661 Alexandrum
1603 1621 1678 1661 vol.
1703 1625 1739 1661 ὅ.

236 1692 275 1730 p.
302 1691 397 1726 445.
430 1677 557 1717 schol.
587 1677 759 1715 Aristid.
797 1677 873 1716 vol.
896 1691 935 1730 3.
968 1693 1006 1731 p.
1039 1679 1134 1726 4867
1163 1691 1225 1728 15.
1288 1677 1444 1717 Similia
1477 1676 1622 1717 attulit
1655 1677 1740 1716 Do-

236 1733 398 1778 braeus,
422 1747 471 1771 cx
495 1733 646 1772 Aesch.
671 1733 821 1786 Agaln.
843 1735 911 1785 36.
929 1733 1031 1775 οἶκος
1059 1732 1087 1773 δ’
1112 1734 1235 1779 αὐτὸς,
1260 1735 1293 1772 εἰ
1314 1734 1495 1784 φθογγὴν
1515 1732 1646 1782 λάβοι,
1670 1750 1739 1772 σα-

236 1789 398 1838 φέστατ’
421 1789 468 1827 ἂν
489 1788 651 1837 λέξειεν.
714 1788 877 1828 Platon.
902 1789 1073 1842 Protag.
1096 1791 1244 1843 p.361.
1270 1790 1323 1828 A.
1346 1790 1411 1828 καί
1427 1806 1491 1838 μοι
1512 1792 1618 1828 δοκεῖ
1636 1790 1741 1838 ἡμῶν

235 1845 258 1893 ἡ
280 1846 363 1894 ἄρτι
385 1843 515 1892 ἔξοδος
536 1849 611 1884 τῶν
631 1845 763 1895 λόγων
794 1846 925 1895 ὥσπερ
946 1846 1145 1895 ἅνθρωπος
1175 1849 1401 1896 κατηγορεῖν
1425 1862 1465 1884 τε
1491 1845 1552 1884 καὶ
1575 1861 1737 1895 καταγε-

236 1904 325 1945 λᾶν,
361 1901 422 1939 καὶ
455 1902 489 1939 εἰ
520 1900 655 1951 φωνὴν
686 1900 819 1950 λάβοι,
854 1903 976 1940 εἰπεῖν
1011 1900 1059 1940 ἂν
1094 1902 1152 1940 ὅτι
1185 1906 1262 1941 etc.
1323 1900 1520 1940 Aeschin.
1550 1916 1588 1954 p.
1613 1913 1677 1951 72,
1702 1916 1762 1951 9.Δ

237 1956 280 1995 οὐ
302 1957 532 2006 προῦλεγον,
556 1957 600 1995 οὐ
632 1957 920 2007 προεσήμαινον
949 1957 1038 2006 ἡμῖν
1066 1959 1102 1996 οἱ
1131 1958 1212 1996 θεοὶ
1242 1956 1503 2008 φυλάξασθαι,
1526 1957 1647 2006 μόνον
1672 1957 1739 1995 οὐκ

238 2013 449 2062 ἀνθρώπων
471 2015 602 2062 φωνὰς
625 2012 962 2062 προσκτησάμενοι
980 2031 988 2057 ;

294 2081 331 2117 9,
359 2080 420 2108 12.
444 2067 620 2120 ἐκείνων]
645 2067 800 2106 Rerum
822 2082 926 2120 quae
959 2068 1050 2116 illio,
1073 2069 1183 2122 apud
1206 2069 1433 2122 Olynthum
1455 2072 1569 2122 puta,
1592 2083 1739 2122 gerun-

237 2127 318 2161 tur.
379 2122 572 2162 REISK.

294 2177 441 2230 αὐτοῖς]
468 2178 585 2231 Ipsis,
610 2193 690 2218 non
723 2193 795 2231 per
825 2179 938 2223 alios.
962 2180 986 2219 i.
1008 2194 1043 2219 e.
1065 2195 1138 2233 per
1166 2180 1453 2220 mercenarios.
1516 2180 1551 2219 F
1556 2180 1679 2219 ΒΑΝ
1684 2180 1737 2219 K.

238 2235 372 2275 αὐτοὺς
407 2235 576 2282 ἐξιόντας
608 2249 647 2287 p.
679 2248 736 2279 ιο,
775 2237 838 2274 26.
900 2235 1059 2274 Eodem
1095 2241 1258 2289 spectat
1286 2235 1441 2275 ἐνθένδε
1468 2236 1537 2275 lin.
1574 2249 1635 2288 17.
1669 2235 1737 2275 ubi

241 2289 368 2327 Wolf.
393 2296 416 2310 “
435 2291 474 2338 ἐξ
491 2290 602 2338 αὐτῆς
616 2293 680 2339 τῆς
694 2292 855 2331 πόλεως·
888 2291 983 2330 hinc
999 2291 1214 2331 mittendis
1235 2292 1401 2337 civibus.
1418 2306 1499 2330 non
1516 2292 1612 2331 alibi
1626 2306 1734 2330 mer-

237 2345 401 2384 cenario
423 2344 554 2384 milite
575 2345 908 2385 conscrffiendof'

295 2416 332 2451 ι),
361 2413 420 2453 13.
459 2402 564 2451 εἴπερ
591 2401 705 2453 ὑπὲρ]
747 2403 853 2451 εἴπερ
881 2403 967 2453 περὶ
990 2402 1194 2456 Ulpianus
1234 2404 1274 2442 in
1303 2403 1478 2456 praefat.
1540 2402 1738 2443 Similiter

237 2459 344 2506 εἴπερ
363 2457 458 2506 ὑπὲρ
475 2456 597 2508 juxta
619 2471 661 2496 se
682 2456 884 2497 collocata
905 2463 1002 2498 sunt
1023 2473 1061 2511 p.
1083 2461 1178 2511 526,
1194 2473 1233 2510 4.
1255 2459 1324 2498 ubi
1346 2459 1453 2498 hunc
1475 2459 1609 2498 locum
1630 2473 1737 2498 com-

236 2511 399 2565 paravit
421 2512 714 2552 Buttmannus.

293 2568 434 2619 αὐτῶν]
476 2569 601 2607 αὑτῶν
635 2582 685 2607 ex
715 2568 812 2608 Bav.
842 2569 1045 2617 Reiskius,
1080 2569 1121 2608 id
1156 2574 1203 2610 ut
1238 2570 1293 2610 sit
1324 2571 1429 2619 ὑμῶν
1462 2571 1597 2617 αὐτῶν,
1627 2570 1737 2622 quod

236 2623 368 2676 ipsum
390 2622 541 2676 legitur
561 2625 671 2676 apud
695 2624 894 2678 Hermog.
916 2625 991 2664 vol.
1014 2638 1052 2678 3.
1072 2640 1110 2678 p.
1128 2639 1223 2675 410.
1247 2626 1377 2675 ἐπειδὴ
1393 2627 1566 2676 λυπηρόν
1589 2627 1672 2665 ἐστι
1692 2626 1736 2664 τὸ

236 2679 367 2729 λέγειν
391 2686 414 2698 “
434 2681 467 2718 εἰ
488 2681 529 2718 δὲ
550 2680 612 2728 μὴ,
640 2681 843 2719 ἀπολεῖται
863 2683 911 2719 τὰ
932 2681 1176 2732 πράγματα,”
1197 2680 1451 2731 περιέπλεξεν
1474 2689 1498 2701 “
1515 2683 1620 2732 εἴπερ
1641 2682 1736 2729 ὑπὲρ

238 2736 425 2784 σωτηρίας
454 2734 560 2783 ὑμῶν
592 2736 715 2774 αὐτῶν
748 2737 1007 2786 φ[)οντίζετε,”
1029 2736 1097 2775 ubi
1131 2740 1271 2777 tamen
1300 2736 1405 2786 ὑμῶν
1437 2737 1556 2776 abest
1588 2751 1614 2775 a
1645 2736 1733 2774 cod.

241 2790 561 2829 Vindobonensi.
624 2791 901 2831 Praeferenda
921 2806 1016 2831 vero
1046 2792 1249 2845 scriptura
1271 2793 1438 2845 vulgata
1466 2796 1508 2831 ct
1536 2793 1660 2831 αὐτῶν
1680 2791 1733 2830 ad

236 2845 440 2895 πράγματα
460 2846 729 2885 referendum.
793 2847 858 2886 Sic
880 2862 917 2900 p.
933 2861 999 2898 34,
1029 2860 1088 2901 15.
1118 2848 1186 2897 τὴν
1203 2852 1276 2887 τῶν
1293 2847 1525 2898 πραγμάτων
1543 2847 1734 2897 σωτηρίαν

237 2900 321 2938 ἀντὶ
343 2903 405 2949 τῆς
429 2902 470 2939 ἐν
491 2902 540 2953 τῷ
564 2900 696 2952 λέγειν
717 2903 872 2954 χάριτος
894 2904 1097 2953 αἱρεῖσθαι.
