1934 3179
305 135 390 174 582
710 134 789 174 DE
824 135 1018 176 FALSA
1054 136 1411 177 LEGATIONE.

362 240 458 290 436,
484 250 548 278 20.
570 241 679 291 οἵπερ
701 241 760 280 ἀεὶ
782 241 950 289 σώζουσι
972 258 1041 290 τηι
1061 241 1193 294 πόλιν]
1226 240 1343 280 Conf.
1366 240 1564 281 Aeschin.
1588 256 1629 294 p.
1653 243 1718 291 61,
1741 253 1807 296 37.

308 305 454 346 72,10.
497 295 716 335 Demosth.
740 296 910 349 Olynth.
934 297 991 336 ΙΙ.
1015 296 1104 336 init.
1147 296 1318 335 DOBR.

360 352 457 405 436,
482 363 547 391 21.
569 352 936 405 πολλῷ-μαλλον]
970 352 1066 392 Vid.
1089 352 1143 392 ad
1164 363 1404 405 Ρ.327,12.
1447 352 1696 393 SOHAEF.

361 408 457 459 436,
483 419 548 460 25.
570 406 765 453 Ἀκούετε,
789 406 817 446 ὼ
839 407 995 458 ἄνδρες’
1003 411 1200 457 Αθηναῖοι,
1225 425 1255 446 κ.
1279 424 1309 446 τ.
1332 407 1391 461 λ.]
1426 408 1681 448 Scholiastes
1704 408 1812 448 Her-

304 463 489 517 lnogenis
511 478 548 532 p.
572 476 582 500 1
601 475 741 510 10,12.
765 464 913 505 τούτοις
934 465 975 503 δὲ
997 463 1272 513 παραπλήσιον
1294 464 1355 503 καὶ
1375 463 1417 502 τὸ
1440 466 1544 514 παρὰ
1566 465 1813 514 Δημοσθένει

305 520 349 558 ἐν
369 519 419 571 τῷ
441 520 527 569 περὶ
553 520 885 569 παραπρεσβείας,
909 520 952 558 ἐν
973 520 1041 565 οἷς,
1065 523 1132 558 τοῦ
1155 523 1243 559 θεοῦ
1273 519 1491 571 χρήσαντος
1512 520 1599 562 τοὺς
1618 521 1765 571 ἡγεμόι
1768 538 1813 563 ας

304 574 584 625 φυλάττεσθαι,
610 575 883 622 κατασκευάζει
905 576 924 614 ὁ
945 574 1068 626 ῥήτωρ
1090 575 1165 614 ἀπὸ
1187 578 1254 614 τοῦ
1286 592 1430 626 καιρου,
1454 576 1511 614 ὅτι
1536 576 1622 617 τοὺς
1651 576 1813 627 ῥήτορας

302 630 426 680 λέγει·
468 631 511 669 ἐν
542 629 671 684 εἰρήνῃ
712 632 787 681 γὰρ
823 631 1005 682 ἔχρησεν,
1043 631 1110 670 οὐκ
1150 632 1192 670 ἐν
1228 633 1343 685 καιρῷ
1376 631 1561 680 πολέμου.
1616 631 1810 672 REISK.

303 686 326 724 ‚J
337 686 423 724 ovis
458 685 674 725 Dodonaei
711 686 935 734 oraculum,
968 686 988 725 ὃ
1025 686 1148 726 πάλαι
1183 688 1386 737 προείρηκε
1419 687 1689 738 φυλάττεσθαι
1724 688 1812 729 τοὺς

302 743 495 792 ἡγεμόνας
521 742 581 780 καὶ
607 741 693 782 τοὺς
714 744 974 791 συμβούλους,
998 747 1202 782 memorat
1228 742 1463 782 Dinarchus
1486 742 1811 783 Demosthenem

302 796 586 851 perstringens
609 812 646 850 p.
674 799 761 845 160,
782 799 844 836 18.

358 855 455 906 436,
481 866 545 904 29.
571 854 674 892 οὗτοι
702 856 1171 907 γὰρ-παρακρουσθητε]
1209 854 1495 908 Hermogenes
1524 870 1565 924 p.
1590 867 1683 907 299.
1714 857 1810 895 κατὰ

299 909 434 959 μέντοι
465 911 590 959 κόμμα
622 911 655 949 εἰ
685 910 853 960 γένοιτο,
884 910 1008 949 πλέον
1041 911 1122 962 ἔχει
1153 911 1195 950 τὸ
1228 910 1388 961 γοργὸν,
1419 911 1463 949 οὐ
1492 927 1568 959 μην
1593 911 1668 950 οὐδ
1692 913 1811 952 οὕτως

303 965 549 1014 ἀπήλλακται
587 969 654 1004 τοῦ
691 965 870 1007 κάλλους.
927 967 1023 1005 οἱον·
1062 965 1166 1005 οὑτοι
1200 984 1274 1017 γαρ
1309 967 1505 1016 ἡγουνται,
1543 968 1689 1008 τούτοις
1729 969 1811 1007 πεί-

302 1025 434 1067 θεσθε,
468 1021 542 1060 ὑπὸ
583 1022 728 1060 τούτων
761 1021 845 1063 δέος
886 1023 971 1061 ἐστὶ
1009 1039 1061 1071 μη
1101 1025 1432 1073 παρακρουσθητε.
1499 1021 1615 1062 Gitat
1647 1037 1811 1076 quoque

304 1077 546 1116 Alexander
568 1076 729 1116 Rhetor
749 1077 773 1116 l.
799 1089 835 1116 2.
860 1091 950 1130 cap.
973 1078 1060 1127 περὶ
1081 1079 1349 1117 πολυπτώτου.
1389 1077 1581 1117 REISK.

358 1133 562 1187 ἡγοῦνται]
598 1132 682 1172 Pro
704 1133 886 1184 ἡγοῦνται
907 1133 982 1173 dat
1001 1133 1244 1173 Alexander
1260 1133 1423 1173 Rhetor
1439 1149 1478 1187 p.
1500 1135 1565 1185 78.
1590 1133 1810 1187 κατέχουσι.

359 1257 455 1299 437,
477 1259 509 1284 1.
530 1245 653 1298 ὑμεῖς]
688 1246 783 1285 Non
805 1245 933 1285 habet
955 1245 1256 1299 Hermogenes.

359 1313 455 1354 437,
476 1315 538 1341 10.
562 1302 709 1354 Διώνη]
746 1301 880 1341 Dione
909 1302 951 1340 in
973 1302 1153 1342 oraculis
1175 1302 1273 1341 Jovi
1289 1301 1481 1355 jungitur
1502 1301 1630 1342 etiam
1651 1317 1690 1355 p.
1712 1312 1811 1356 531,

306 1371 369 1397 20.
392 1361 436 1396 et
456 1372 496 1410 p.
518 1359 636 1407 1487,
662 1370 697 1397 2.
741 1357 990 1397 SCHAEF.

359 1423 533 1466 437,11.
555 1413 1082 1467 ἔξωθεν-συμπράττοντες]
1109 1426 1128 1453 2
1149 1414 1243 1454 Cor.
1271 1424 1309 1465 7,
1331 1427 1370 1466 5.
1395 1413 1538 1462 ἔξωθεν
1557 1413 1690 1465 μάχαι,
1716 1414 1811 1453 ἔσω-

304 1472 372 1508 θεν
393 1470 526 1519 φόβοι.
571 1469 930 1508 MARKLAND.

360 1535 456 1577 437,
478 1537 539 1577 13.
556 1525 754 1578 ἐκσώζειν]
779 1525 814 1563 Ε
832 1524 1141 1564 discriminibus
1153 1524 1403 1578 judiciorum
1421 1524 1593 1578 eripere.
1617 1525 1810 1565 REISK.

361 1591 458 1633 437,
478 1594 539 1633 15.
565 1579 627 1619 ἀπ’
647 1581 889 1631 ἀνθρωπίνου
910 1582 1118 1633 λογισμοῦ]
1158 1581 1236 1620 Vel
1258 1595 1372 1620 mera
1393 1580 1663 1620 meditatione
1683 1585 1812 1634 atque

303 1635 571 1675 contentione
592 1636 798 1676 humanae
820 1635 1007 1683 rationis,
1026 1636 1187 1676 etiamsi
1205 1636 1402 1676 divinitus
1424 1636 1465 1675 id
1482 1636 1594 1676 haud
1611 1637 1811 1677 docearis.

358 1758 455 1799 437,
477 1750 538 1787 16.
561 1747 813 1800 ἐχθρότατον]
847 1752 870 1769 “
886 1747 1134 1801 Superlativi
1159 1748 1293 1787 forma
1323 1762 1467 1800 parum
1498 1748 1675 1801 probata
1697 1749 1812 1788 Atti-

302 1803 427 1843 cistis.
492 1803 546 1842 V.
572 1803 729 1843 Moeris
761 1818 800 1856 p.
823 1804 935 1857 135.”
969 1803 1302 1843 SOHAEFER.
1364 1804 1424 1844 Of.
1448 1804 1550 1843 Oed.
1574 1804 1668 1857 Tyr.
1692 1806 1808 1857 1346.

304 1858 556 1911 ἐχθροτέρους
579 1858 769 1898 Prooeln.
791 1872 859 1909 40.
881 1874 921 1912 p.
944 1860 1061 1910 1448.
1085 1860 1320 1912 ἐχθροτέρως
1341 1860 1392 1899 de
1415 1860 1525 1899 Pace
1544 1874 1582 1912 p.
1603 1861 1667 1899 61.
1689 1861 1728 1912 ξ.
1746 1861 1808 1899 18.

304 1915 490 1955 Damnat
521 1915 703 1954 Thomas
738 1915 797 1954 M.
826 1930 867 1968 p.
892 1929 988 1966 401.
1024 1916 1218 1967 ἔχθιστος,
1250 1916 1317 1954 οὐκ
1351 1917 1595 1968 ἐχθρότατος.
1647 1915 1810 1955 SHIL—

359 2026 428 2066 τὸν
449 2027 734 2079 προεστηκότα]
770 2026 937 2066 Scilicet
959 2030 1026 2066 τοῦ
1047 2027 1177 2076 δήμου.
1223 2026 1580 2066 MARKLAND.

359 2094 455 2136 437,
481 2094 545 2122 22.
580 2084 623 2121 ἐν
648 2087 729 2124 ταῖς
759 2082 922 2136 πόλεσι]
963 2082 1010 2121 In
1047 2082 1186 2122 liberis
1221 2082 1459 2123 civitatibus
1491 2087 1534 2123 et
1571 2083 1807 2133 αὐτονόμοις,

304 2152 410 2190 quae
441 2140 480 2178 αἱ
510 2140 643 2180 πόλεις
676 2139 916 2191 frequenter
949 2138 1223 2191 appellantur.
1269 2138 1625 2177 MARKLAND.
1690 2139 1809 2178 Istud

303 2193 541 2234 confirmavi
573 2194 758 2247 pluribus
789 2194 830 2232 in
861 2194 972 2235 notis
1002 2194 1056 2234 ad
1087 2194 1282 2234 Aeschin.
1305 2209 1339 2234 c.
1362 2195 1623 2248 Ctesiphont.
1650 2209 1688 2247 p.
1711 2207 1807 2247 392.

305 2249 563 2289 TAYLOR.

361 2306 549 2358 ἐπαίρειν]
598 2305 678 2344 Hic
714 2306 859 2346 finitur
894 2306 1008 2359 prior
1042 2306 1263 2347 sententia.
1323 2307 1423 2347 <lam
1460 2307 1536 2346 init
1572 2321 1690 2355 nova,
1727 2320 1809 2345 uno

304 2361 501 2400 vocabulo
527 2362 674 2402 τούτοις
704 2362 1030 2415 circumscripta.
1083 2363 1175 2402 His.
1238 2362 1332 2411 His,
1356 2363 1536 2416 inquam,
1560 2363 1684 2401 rebus
1712 2362 1808 2402 Phi-

302 2416 438 2470 lippus
460 2416 718 2457 dominatum
740 2419 917 2471 adeptus
939 2423 1015 2458 est.
1059 2418 1249 2458 REISK.

359 2473 457 2524 438,
484 2485 520 2513 2.
544 2474 604 2512 καὶ
627 2474 793 2527 καιροὺς]
827 2473 964 2513 Voces
986 2474 1087 2521 dele,
1104 2474 1243 2515 forsan
1266 2478 1387 2514 natas
1408 2489 1457 2514 ex
1480 2490 1518 2528 p.
1536 2485 1631 2525 427,
1651 2488 1688 2527 9.
1751 2474 1808 2514 Et

302 2528 443 2568 confer
463 2543 502 2581 p.
524 2531 619 2581 369,
645 2541 709 2569 22.
753 2529 924 2569 DOBR.

358 2585 454 2637 438,
476 2597 515 2637 3.
542 2584 625 2634 μεθ’
643 2587 807 2625 ὧν-τὰ
838 2585 981 2639 πάντα]
1019 2586 1196 2626 Sensus:
1236 2585 1275 2624 in
1305 2586 1454 2639 quibus
1488 2585 1614 2624 situm
1650 2589 1728 2632 est,
1761 2590 1808 2624 ut

302 2639 450 2693 singuli
472 2654 538 2679 res
560 2655 655 2680 suas
675 2646 752 2681 aut
773 2642 876 2681 bene
898 2646 972 2682 aut
993 2642 1098 2681 male
1119 2646 1278 2695 gelant.
1327 2641 1579 2683 SOHAEF.

357 2696 455 2748 4,38
478 2708 536 2747 13.
560 2697 880 2750 συσκευάζεσθαι]
915 2697 1191 2737 Marklandus
1208 2697 1355 2737 vertit:
1390 2697 1477 2751 quis
1493 2700 1663 2749 captare
1683 2697 1808 2735 Grae-

299 2750 404 2789 ciam
425 2758 458 2790 et
474 2751 786 2804 Peloponnesum
804 2752 1043 2806 Philippum
1064 2751 1305 2801 clamitabat,
1324 2767 1387 2793 7715
1406 2759 1535 2792 autem
1556 2752 1805 2791 dormitare?

304 2805 338 2843 F
320 2812 502 2846 oit‘isse
527 2807 672 2846 Wolfii
708 2808 1002 2861 interpretatio
1043 2823 1124 2847 non
1161 2813 1225 2848 est
1260 2809 1351 2848 adn
1352 2809 1483 2848 odum
1518 2807 1803 2861 improbanda.

302 2860 622 2914 Euphemismus
652 2869 717 2903 est
747 2863 788 2902 in
810 2878 845 2903 v.
874 2864 1200 2911 συσκευάζεσθαι.
1240 2878 1315 2904 77077
1346 2864 1469 2903 solam
1500 2877 1596 2902 vasa
1632 2862 1807 2916 colli-qam

300 2922 415 2968 atque
432 2918 708 2971 pmfectionem
731 2933 813 2972 pm
814 2933 898 2969 are,
920 2934 1053 2959 verum
1078 2919 1193 2959 etiam
1216 2934 1314 2960 vasa
1334 2920 1480 2967 aliena,
1504 2919 1528 2957 i.
1552 2933 1585 2957 e.
1601 2918 1806 2971 praedari
