1904 3205
223 142 247 166 x
822 122 1184 164 PRAEFATIO.

221 245 452 290 editorum
489 244 867 289 annotationibus
905 243 1105 288 Londini
1143 242 1289 286 edidit
1331 256 1369 285 a.
1399 242 1539 285 1828.
1578 239 1741 283 decem

222 321 562 373 voluminibus3
599 336 718 380 quae
753 326 910 365 autem
949 326 1052 379 post
1085 317 1330 363 Reiskium
1367 317 1425 361 ab
1449 315 1549 360 aliis
1573 315 1743 373 scripta

221 399 400 443 addidit
427 397 714 448 Sohaeferus‚
740 398 787 441 in
813 397 883 441 his
908 411 1106 455 quoque,
1132 393 1403 454 praesertim
1433 394 1478 436 in
1515 391 1742 451 prioribus

222 474 546 526 voluminibus,
572 473 722 517 multa
757 478 866 516 sunt
902 487 1020 531 quae
1055 486 1114 515 ne
1149 469 1396 514 memorari
1432 468 1634 528 quidem,
1663 482 1744 511 ne-

223 551 332 594 dum
370 549 559 595 refutari
598 564 763 608 operae
803 549 1004 607 pretium
1041 552 1153 592 erat.
1224 545 1485 596 Praeterea,
1524 544 1601 602 qui
1643 557 1742 586 mos

223 628 320 687 ejus
346 633 458 679 erat,
484 641 575 669 non
612 641 713 670 raro
737 625 1025 684 exspatiatus
1049 630 1120 667 est
1148 623 1205 667 ad
1230 637 1301 666 res
1325 637 1352 666 a
1375 620 1611 680 proposito
1635 619 1744 663 alie-

222 719 317 756 nas,
342 704 464 748 inter
487 718 599 762 quas
624 702 703 746 illa
727 716 911 761 quoque
935 706 1043 745 sunt
1068 715 1187 759 quae
1216 700 1273 743 de
1305 697 1519 742 amicitiis
1550 695 1622 740 vel
1658 696 1744 739 ini-

223 780 409 824 micitiis
433 794 546 838 quas
578 794 685 823 cum
721 778 978 822 studiorum
1016 791 1201 821 suorum
1230 775 1362 818 sociis
1387 779 1627 819 exerceret
1651 787 1744 815 non

223 872 324 900 raro
349 856 609 907 admiscuit,
627 861 708 899 aut
724 869 843 913 quae
868 860 1028 898 contra
1051 852 1316 911 impolitum
1335 856 1383 896 et
1408 848 1612 910 ignobile
1631 863 1744 906 quo-

223 932 416 976 rundam
444 931 785 991 philologorum
813 945 960 990 genus
984 929 1227 979 scribendi,
1253 928 1467 986 frequens
1492 925 1607 970 illud
1632 924 1744 968 olim

224 1010 269 1053 in
297 1008 546 1053 Germania
580 1008 870 1066 potissimum
898 1012 946 1051 et
972 1005 1168 1050 Batavia
1193 1005 1371 1055 vitium,
1398 1004 1514 1048 serio
1540 1003 1745 1060 disputa-

225 1085 303 1137 vit,
330 1083 637 1143 ludimagistri
672 1082 816 1126 instar
851 1096 1098 1140 puerorum
1134 1080 1442 1140 petulantiam
1475 1078 1745 1138 castigantis

225 1168 274 1206 et
299 1162 352 1205 iis
377 1161 611 1205 interdum
637 1159 786 1202 verbis
812 1172 932 1208 usus,
951 1158 1118 1215 quibus
1144 1158 1188 1200 in
1215 1158 1337 1200 idem
1363 1157 1460 1214 ipse
1486 1156 1650 1199 vitium
1677 1156 1745 1198 in·

226 1244 429 1281 curreret
454 1237 574 1295 quod
603 1236 649 1279 in
675 1235 775 1279 aliis
800 1234 1131 1293 exagitandum
1158 1233 1243 1277 sibi
1268 1238 1540 1291 sumpserat.
1578 1231 1746 1284 Qualia

227 1314 381 1357 omnia
407 1314 481 1356 vix
517 1327 632 1371 opus
666 1312 843 1355 moneri
879 1310 936 1354 ab
961 1311 1093 1354 nobis
1125 1310 1190 1353 ita
1214 1325 1314 1354 esse
1347 1309 1533 1354 exclusa
1559 1316 1612 1352 ut
1644 1308 1746 1352 nul-

228 1390 324 1433 lum
361 1403 553 1447 usquam
591 1387 837 1446 vestigium
874 1392 955 1430 aut
987 1387 1032 1429 in
1070 1385 1307 1431 Schaeferi
1349 1392 1429 1430 aut
1468 1387 1513 1429 in
1549 1385 1745 1430 aliorum

228 1464 604 1510 annotationibus
629 1463 1006 1521 relinqueremus.

296 1540 463 1584 Restat
494 1545 546 1582 ut
579 1540 636 1583 de
671 1539 928 1597 praecipuis
963 1537 1246 1597 singularum
1273 1537 1530 1581 orationum
1559 1536 1747 1581 editori-

230 1615 315 1659 bus
340 1614 672 1659 recentioribus
697 1614 888 1666 dicatur,
915 1629 1107 1672 quorum
1136 1613 1368 1657 laboribus
1392 1613 1554 1656 harum
1580 1612 1747 1655 oratio-

230 1707 339 1736 num
362 1691 685 1749 interpretatio
706 1706 896 1750 magnos
917 1691 1026 1735 fecit
1047 1705 1324 1749 progressus,
1347 1690 1614 1747 praesertim
1636 1688 1745 1732 Phi-

231 1769 517 1828 lippicarum,
554 1768 611 1811 de
643 1767 810 1825 quibus
846 1768 964 1811 bene
1000 1773 1269 1810 meruerunt
1308 1766 1370 1810 H.
1397 1767 1641 1824 Sauppius,
1667 1765 1745 1823 qui

238 1843 538 1904 Olynthiacas
579 1849 670 1886 tres
708 1843 1108 1901 philippic-amque
1146 1843 1339 1901 primam
1378 1842 1564 1886 Gothae
1601 1842 1747 1885 edidit

232 1935 270 1964 a.
299 1923 452 1971 1845„
486 1919 774 1971 Voemelius‚
807 1920 883 1977 qui
922 1919 1106 1963 easdem
1143 1919 1373 1961 orationes
1416 1924 1462 1961 et
1502 1924 1595 1962 tres
1636 1917 1748 1961 alias

234 1997 310 2052 (de
346 2011 470 2054 pace,
498 1994 803 2053 Philippicam
832 1995 1079 2039 secundam
1102 2001 1149 2039 et
1180 1995 1237 2039 de
1273 1993 1560 2049 Halonneso)
1588 1993 1747 2038 Prole-

232 2073 439 2131 gomenis
463 2077 511 2115 et
535 2072 878 2116 commentariis
902 2071 1149 2115 illustravit
1176 2070 1406 2125 (Francof.
1431 2070 1487 2113 ad
1516 2069 1747 2114 Moenum

234 2163 275 2191 a.
310 2147 682 2202 law—1833),
721 2147 794 2191 Fr.
829 2147 1068 2198 Fiankius,
1105 2148 1182 2205 qui
1226 2161 1390 2190 novem
1440 2147 1608 2205 primas
1649 2161 1748 2190 ora-

235 2223 383 2265 tiones
424 2237 529 2265 oum
575 2223 949 2266 annotationibus
989 2223 1081 2266 suis
1127 2222 1273 2266 edidit
1311 2221 1494 2280 Lipsiae
1532 2238 1570 2266 a.
1608 2225 1746 2267 1842.

238 2297 432 2340 Easdem
462 2311 625 2340 novem
652 2297 879 2341 orationes
904 2298 1071 2341 additis
1095 2299 1299 2357 quinque
1323 2299 1422 2342 aliis
1449 2299 1525 2351 (de
1550 2313 1749 2357 symmo-

237 2373 324 2423 riis,
351 2387 430 2430 pro
455 2371 815 2430 lNIegalopolitis⁹
842 2374 898 2417 de
924 2374 1210 2418 Rhodiorum
1241 2375 1471 2425 libertate,
1497 2377 1552 2419 ad
1579 2375 1748 2434 episto-

238 2447 327 2490 lam
367 2447 581 2505 Philippi,
613 2448 669 2493 de
706 2451 891 2503 corona)
920 2450 1216 2509 Philippique
1241 2467 1359 2509 quae
1385 2452 1529 2495 fertur
1553 2452 1748 2510 epistola

241 2523 398 2581 (XII.)
434 2523 480 2565 in
518 2522 719 2582 linguam
757 2523 1081 2570 Germanicam
1120 2527 1354 2570 transtulit
1391 2528 1466 2572 Fr.
1492 2528 1747 2581 Jacobsius,

240 2598 405 2642 additis
429 2598 633 2642 historici
662 2601 951 2658 potissimum
987 2603 1168 2660 generis
1203 2604 1593 2656 annotationibus,
1619 2605 1749 2663 cujus

240 2673 341 2717 libri
369 2674 510 2717 editio
535 2676 735 2719 secunda
760 2675 942 2735 Lipsiae
967 2678 1135 2735 prodiit
1161 2693 1198 2722 a.
1223 2681 1361 2723 1833.

308 2748 576 2793 Orationem
632 2751 688 2794 de
734 2754 988 2810 symmoriis
1043 2754 1189 2798 edidit
1248 2753 1311 2798 H.
1349 2755 1747 2800 Amersfoordtius

246 2822 456 2880 Lugduni
484 2824 585 2867 Bat.
611 2842 648 2870 a.
669 2830 823 2879 1821„
850 2830 1108 2886 praemissis
1133 2831 1270 2874 etiam
1301 2830 1661 2890 prolegomenis,
1687 2831 1746 2875 ab

247 2895 491 2940 Schacfero
523 2903 743 2956 repetitis,
773 2905 937 2961 quibus
973 2920 1058 2963 ego
1093 2905 1243 2949 multo
1279 2907 1601 2964 perfectiorem
1638 2906 1747 2951 Par-
