1934 3179
303 135 386 176 498
709 132 788 172 DE
821 132 1013 173 FALSA
1049 130 1406 171 LEGATIONE.

298 252 396 292 gere
424 242 618 292 oporteat
646 243 689 278 et
717 238 827 278 unde
855 237 996 277 ordiri.
1029 235 1222 276 REISK.
1284 235 1511 276 Reiskiana
1535 241 1633 276 ante
1655 236 1747 276 αὐτὸ
1769 241 1811 276 et

299 299 396 347 post
427 298 538 334 τοῦτο
570 295 698 335 habet
731 294 1036 348 hypostiginem
1069 292 1334 332 Bekkeriana
1366 296 1462 346 post
1492 295 1615 332 τοῦτο.
1678 292 1811 333 Inter-

299 350 567 404 punctionem
587 366 612 391 a
635 351 813 404 Tayloro
836 349 1170 389 commendatam
1194 363 1276 388 non
1298 349 1443 402 probo.
1505 348 1681 399 Quando
1702 348 1812 389 enim

299 407 454 447 talibus
476 407 517 446 in
538 407 639 447 locis
661 408 757 458 λέγε
785 406 976 454 iteratur,
1000 405 1111 459 quod
1139 404 1406 453 meminerim,
1429 419 1512 444 non
1534 405 1712 445 iteratur
1732 404 1811 444 nisi

300 463 445 503 solum.
508 462 759 503 SCHAEF.

356 531 454 572 354,
473 519 509 558 8.
534 521 603 559 ἐὰν
624 519 653 558 δ’
677 521 782 569 ὑμεῖς
802 517 945 570 λέγητε
968 536 999 557 κ.
1022 534 1056 557 τ.
1079 518 1141 570 λ.]
1171 517 1325 557 Sensus
1347 522 1435 556 est:
1467 516 1571 571 quod
1588 517 1624 557 si
1644 531 1708 556 cos
1727 530 1813 556 eum

299 575 498 615 certiorem
517 575 713 628 feceritis,
736 574 860 614 scilic.
886 573 1035 627 quibus
1066 573 1108 612 in
1138 574 1263 613 rebus
1290 573 1451 614 civitati
1481 578 1649 627 gratum
1677 573 1812 613 facere

299 631 443 684 possit,
474 645 511 671 se
542 645 587 671 ea
609 631 836 684 factarum,
858 644 959 684 quac
985 629 1061 670 sibi
1090 644 1157 669 nec
1177 629 1332 683 pudori
1361 644 1430 669 nec
1459 629 1640 669 dedecori
1659 630 1813 681 fliium

298 687 395 735 sint,
416 687 473 727 ad
491 687 561 726 has
581 687 842 727 coeczcsationes
862 685 1097 740 cmffeigyiens,
1114 691 1168 733 iit,
1189 686 1345 725 etiamsi
1366 699 1429 725 vos
1448 685 1627 725 animum
1647 685 1813 725 induca-

299 743 350 782 tis
380 743 438 782 ad
466 743 629 797 aliquid
659 742 944 795 yncfmcnffmn
976 748 1012 782 et
1041 742 1340 796 postulandam,
1373 742 1477 782 hunc
1511 747 1705 795 receptam
1739 740 1814 781 sibi

299 798 512 853 relinquat.
572 799 600 838 J
610 799 770 838 URIN.

357 854 555 908 ποιήσειν]
604 855 670 895 Sc.
707 856 843 906 φησίν.
895 854 1089 894 REISK.
1151 854 1215 894 Ut
1256 854 1297 893 in
1336 853 1498 894 Latinis
1539 853 1812 907 scriptoribus

300 925 323 950 e
339 911 464 951 verbo
485 911 670 965 neycmdi,
686 911 797 964 quod
813 910 1051 959 antecessit,
1069 910 1124 950 ad
1145 910 1362 964 sequentia
1378 910 1626 950 subauditur
1642 910 1813 949 verbum

300 966 449 1019 ajcndi.
511 967 688 1007 Schema
720 967 907 1020 syntaxis
939 982 1016 1006 usu
1044 967 1176 1007 multo
1202 966 1378 1007 tritum:
1412 966 1523 1020 quod
1552 971 1693 1006 tamen
1721 966 1761 1006 h.
1786 965 1812 1005 l.

300 1023 519 1062 nonnullos
541 1023 705 1063 videtur
729 1023 894 1077 fugisse,
925 1023 1033 1062 unde
1061 1022 1247 1075 suspicor
1274 1028 1418 1063 natam
1445 1036 1534 1062 esse
1562 1036 1685 1074 quam
1713 1037 1749 1061 v.
1775 1033 1811 1073 7.

301 1078 370 1119 alii
391 1079 549 1120 habent
570 1079 665 1119 libri
689 1080 909 1119 verborum
930 1078 1311 1132 transpositionem.
1374 1078 1626 1119 SCHAEF.

358 1149 382 1188 3
389 1147 456 1188 54,
475 1148 538 1175 10.
561 1136 632 1175 κᾶν
652 1137 726 1186 ἄρα
748 1136 879 1184 ε’ίπητέ
900 1136 953 1188 τι]
982 1136 1039 1175 Et
1059 1141 1153 1182 tiam,
1171 1135 1206 1175 si
1226 1135 1328 1188 quid
1345 1150 1420 1181 vos,
1444 1135 1556 1182 cii-es,
1578 1133 1814 1174 nominatim

300 1191 495 1239 indicetis,
513 1191 617 1245 quod
635 1191 819 1243 cupiatis,
836 1197 952 1245 atque
971 1190 1020 1231 ab
1041 1191 1228 1243 ejusmodi
1242 1190 1433 1231 illecebris
1453 1189 1657 1230 verborum
1677 1190 1813 1244 impel-

302 1247 447 1288 lamini
466 1248 524 1288 αοί
533 1248 822 1301 postulamlzmi
842 1247 1014 1300 aliquid.
1076 1247 1269 1287 REISK.

357 1315 457 1357 354,
493 1317 555 1343 11.
591 1303 923 1357 ἐπαγγείλασθαι]
961 1303 1118 1343 Locum
1150 1303 1259 1342 hunc
1295 1302 1400 1342 citat
1431 1301 1744 1355 Harpocration
1774 1316 1810 1341 v.

303 1360 535 1411 ἐπαγγελία.
569 1360 762 1399 REISK.
823 1359 889 1399 Ibi
907 1376 914 1399 :
948 1359 1209 1411 λέγεται-τὸ
1229 1358 1550 1410 ἐπαγγέλλεσθαι
1568 1359 1629 1398 καὶ
1646 1357 1730 1397 ἀντὶ
1746 1361 1813 1397 τοῦ

301 1415 558 1466 προστάττειν
583 1415 605 1465 ἦ
638 1418 841 1456 αἰτεῖσθαι.
904 1416 1063 1455 Anecd.
1087 1415 1218 1455 Bekk.
1239 1430 1278 1468 p.
1304 1415 1397 1462 260,
1423 1427 1488 1455 20.
1549 1413 1814 1465 Ἐπαγγείλα-

304 1474 397 1510 σθαι
433 1471 475 1510 τὸ
512 1473 685 1511 κελεύειν
719 1471 742 1521 ἢ
780 1471 1062 1523 καταγγέλλειν
1097 1471 1272 1522 λέγεται.
1334 1470 1571 1524 Hesychius
1603 1470 1679 1510 vol.
1706 1483 1740 1509 1.
1773 1483 1813 1522 p.

308 1540 428 1579 1304.
486 1526 754 1581 Ἐπαγγέλλῃ·
788 1530 970 1569 κελεύεις.
1032 1526 1280 1567 SCHAEF.

361 1595 457 1635 354,
490 1596 547 1636 [3.
575 1582 686 1636 ἐνῆν]
712 1581 880 1622 Scilicet
902 1584 998 1632 ἐμοί.
1030 1582 1195 1623 Licebat
1214 1582 1325 1622 milii.
1386 1582 1581 1621 REISK.

361 1638 786 1692 παραχρῆμα-εὐθὺς]
823 1639 971 1678 Statim
1003 1639 1148 1679 recenti
1179 1653 1232 1678 re.
1295 1638 1348 1677 V.
1373 1637 1588 1677 W'eiskitis
1619 1638 1670 1677 de
1692 1636 1814 1677 Pleo-

306 1708 436 1734 nasm.
460 1709 499 1747 p.
527 1708 618 1747 150.
681 1694 931 1735 SCHAEF.

362 1764 385 1803 3
391 1760 458 1803 54,
486 1763 547 1803 15.
583 1750 667 1803 ἐᾶν]
707 1750 893 1789 Subaudi
924 1752 1032 1800 ὑμᾶς.
1092 1750 1237 1803 Neque
1268 1750 1528 1790 committere
1559 1752 1606 1788 ut
1634 1763 1705 1788 vos
1735 1748 1813 1788 hoc

304 1810 472 1846 tantum
492 1806 717 1859 negotium,
736 1805 777 1844 in
799 1820 880 1858 quo
902 1810 996 1845 tota
1012 1810 1151 1846 vestra
1172 1806 1281 1845 salus
1302 1806 1537 1852 libraretur,
1555 1804 1690 1858 perire
1711 1805 1814 1844 sine-

304 1861 420 1901 retis.
483 1861 642 1912 Quibus
676 1862 885 1901 codicibus
919 1864 953 1901 εἰ
984 1862 1218 1915 proximum
1251 1862 1379 1909 deest,
1402 1861 1444 1900 hi
1474 1875 1549 1914 pro
1577 1862 1646 1900 ἐᾶν
1671 1861 1813 1914 procul

306 1918 431 1957 dubio
453 1918 611 1957 dabant
633 1919 702 1957 ἐὰν
724 1922 766 1958 et
789 1919 850 1958 καὶ
870 1922 966 1971 post
988 1918 1183 1958 διδάσκειν
1204 1919 1299 1968 ὑμᾶς
1320 1917 1585 1965 omittebant,
1609 1930 1711 1970 quos
1732 1931 1814 1956 non

304 1974 447 2026 probo.
510 1973 703 2013 REISK.

365 2032 399 2069 εἰ
418 2030 489 2084 μὴ]
524 2029 639 2069 Citat
660 2030 700 2068 h.
724 2030 749 2069 l.
772 2029 982 2070 Aristides
1003 2030 1054 2070 de
1076 2029 1129 2069 D.
1150 2029 1194 2070 C.
1216 2042 1359 2082 p.192.
1396 2028 1589 2069 REISK.
1652 2028 1705 2068 V.
1723 2032 1812 2069 not.

306 2085 360 2125 ad
383 2087 451 2125 ἐᾶν
472 2101 509 2125 v.
531 2098 593 2138 15.
655 2085 904 2125 SOHAEF.

365 2141 538 2181 Θεσπιαὶ
579 2141 639 2180 καὶ
676 2142 894 2193 Πλαταιαὶ]
941 2141 973 2180 Ι.
1001 2155 1035 2181 c.
1068 2141 1111 2180 τὸ
1154 2143 1334 2183 Θεσπιὰς
1375 2141 1436 2180 καὶ
1476 2142 1682 2183 Πλαταιὰς
1721 2141 1813 2180 οἰκι-

307 2196 538 2245 σθήσεσθαι.
602 2197 656 2236 V.
680 2212 719 2250 p.
742 2209 838 2250 347,
864 2209 928 2236 20.
990 2196 1241 2237 SCHAEF.

363 2263 458 2304 354,
486 2264 548 2303 17.
581 2254 701 2291 καίτοι
729 2252 1141 2305 ταῦτα-συνέφερεν]
1210 2253 1344 2292 Docet
1369 2257 1513 2293 Orator
1543 2252 1734 2292 nuntium
1758 2253 1812 2292 ab

307 2307 516 2347 Aeschine
545 2307 717 2347 allatum
753 2308 830 2347 hoc
866 2308 955 2362 ipso
986 2308 1182 2348 falsitatis
1219 2309 1417 2356 convinci,
1454 2309 1563 2361 quod
1595 2309 1813 2362 evulgatus

307 2363 456 2402 fuerit:
491 2377 586 2402 nam
608 2362 640 2401 si
664 2377 806 2403 revera
828 2364 904 2403 hoc
924 2364 1114 2417 Philippo
1135 2364 1348 2403 consilium
1370 2364 1528 2412 fuisset,
1552 2369 1599 2404 ut
1620 2365 1813 2417 perderet

309 2419 543 2466 Thebanos,
566 2418 799 2471 oportuisse
820 2434 906 2458 rcm
928 2420 1071 2460 taceri.
1132 2420 1385 2460 SOHAEF.

365 2485 460 2528 354,
497 2486 560 2515 20.
599 2477 632 2514 εἰ
666 2476 738 2525 μὲν
774 2477 848 2526 γὰρ
881 2492 912 2514 κ.
936 2492 968 2514 τ.
990 2476 1049 2528 λ.]
1092 2475 1381 2529 Hermogenes
1413 2491 1452 2529 p.
1479 2476 1569 2516 280.
1604 2475 1814 2527 ἐφέλκεται

309 2532 462 2572 ἐννοίας
484 2531 544 2570 καὶ
565 2532 612 2570 τὰ
634 2530 715 2570 καθ’
738 2532 925 2570 ὑπόθεσιν
952 2531 1145 2584 σχήματα,
1169 2532 1229 2571 καὶ
1257 2531 1427 2581 μάλιστα
1454 2534 1487 2571 εἰ
1507 2533 1603 2581 μετὰ
1624 2535 1813 2583 μερισμοῦ

307 2588 539 2626 ὑποτιθοΐτο.
575 2587 670 2625 οἷον·
709 2588 742 2626 εἰ
766 2603 838 2636 μεν
870 2604 942 2638 γαρ
970 2586 1118 2626 ενταυθ’
1147 2587 1195 2636 ὴν
1220 2587 1289 2637 ἠδη
1316 2590 1363 2627 τὰ
1388 2587 1606 2639 πράγματα,
1630 2589 1810 2639 Αἰσχίνη,

309 2644 410 2682 ὥστε
430 2641 514 2711 μηδ’
539 2643 680 2681 αισθαι
675 2659 834 2691 ομενοις
854 2647 933 2684 τοῖς
954 2644 1148 2693 Θηβαίοις
1168 2643 1290 2683 πλέον
1313 2643 1410 2683 εἶναι
1430 2645 1562 2693 μηδὲν,
1581 2644 1619 2682 τί
1638 2643 1681 2682 οὐ
1702 2642 1812 2694 γέγο-

311 2715 402 2742 ιενς
438 2697 503 2737 ειτ’
528 2696 572 2746 ἐξ
601 2697 770 2749 ἀνάγκης
795 2700 1083 2748 ἐπηκολούθησε
1111 2700 1168 2738 τό·
1203 2700 1236 2738 εἰ
1264 2701 1305 2738 δὲ
1332 2701 1436 2748 παρὰ
1463 2699 1505 2737 τὸ
1529 2698 1813 2749 προαισθέσθαι

311 2755 533 2801 κεκώλυται,
556 2754 611 2794 τίς
632 2755 652 2791 ὁ
677 2753 924 2803 ἐκλαλησαςς
959 2754 1030 2806 οὐχ
1052 2755 1187 2800 οὓτος;
1222 2754 1415 2794 REISK.

366 2822 461 2862 354,
487 2820 551 2850 22.
574 2810 612 2847 τί
629 2809 673 2847 οὐ
694 2808 857 2859 γέγονεν
874 2808 908 2862 3]
934 2809 1118 2849 Subaud.
1144 2812 1192 2849 τὰ
1212 2809 1431 2861 πράγματα,
1454 2810 1494 2849 h.
1517 2824 1550 2849 e.
1573 2809 1614 2847 τὸ
1637 2809 1813 2849 Θεσπιὰς

312 2865 372 2903 καὶ
396 2866 600 2905 Πλαταιὰς
621 2865 837 2913 οἰκισθῆναι
859 2865 920 2904 καὶ
941 2864 982 2904 τὸ
1000 2866 1201 2915 Θηβαίους
1223 2868 1354 2905 δοῦναι
1376 2867 1494 2915 δίκην.
1557 2863 1809 2904 SCHAEF.

365 2931 460 2971 354,
492 2932 554 2972 23.
589 2920 1203 2973 ἐκλαλήσας-ἐκλελαληκέναι]
1244 2922 1438 2969 ε’κλαλεῖν,
1467 2921 1631 2972 ξθὶιίῖνθ.
1692 2918 1808 2958 Oonf.
