1934 3179
297 118 380 156 512
696 116 778 155 DE
812 116 1016 155 FALSA
1049 113 1431 154 LEGATIONE.

301 223 522 273 μαρτυρίας,
547 223 603 264 οἷς
629 223 715 273 περὶ
742 223 877 262 τούτου
900 221 1119 272 διαλεχθεὶς
1148 220 1332 270 ἐφαίνετο
1356 219 1623 268 Δημοσθένης·
1666 219 1716 268 μὴ
1738 219 1815 260 θεὶς

300 278 370 327 τὴν
403 279 602 318 ἀντίθεσιν
631 279 770 327 ταύτην
803 276 1100 328 προηγουμένως
1128 277 1148 314 ὁ
1179 275 1317 326 ῥήτωρ,
1343 277 1519 325 πειρᾶται
1553 275 1662 314 λύειν
1690 291 1812 326 προσ-

302 335 446 384 ρίπτων
480 335 549 383 τὴν
582 335 698 373 λύσιν
730 333 790 372 καὶ
818 334 961 383 λέγων·
1023 331 1193 371 Φωκέων
1223 334 1299 370 τῶν
1332 331 1632 369 ἐκπεπτωκότων
1662 331 1699 369 οἱ
1728 331 1813 379 μὲν,

304 389 422 440 οἶμαι,
454 389 660 439 βέλτιστοι
695 389 755 427 καὶ
786 389 1048 438 μετριώτατοι,
1078 386 1248 438 φυγάδες
1281 385 1535 437 γεγενημένοι
1569 386 1629 425 καὶ
1660 388 1816 425 τοιαῦτα

303 446 553 490 πεπονθότες,
583 445 749 495 ἡσυχίαν
777 445 954 494 ἄγουσιν·
1004 444 1039 482 οἱ
1072 444 1111 482 δὲ
1143 444 1347 492 μηδοτιοῦν
1378 442 1469 481 ἄνευ
1501 442 1681 492 ἀργυρίου
1710 441 1815 491 ποιή-

305 517 442 542 σοντες
474 501 543 539 τὸν
576 501 752 539 δώσοντα
787 500 854 538 οὐκ
886 499 1046 550 ἔχουσιν
1079 499 1219 539 αὐτοῖς.
1269 498 1312 537 οὐ
1343 499 1417 548 γὰρ
1451 498 1575 548 ἔγωγε
1610 497 1732 536 ἔδωκα
1767 496 1815 537 ἂν

305 557 432 596 οὐδενὶ
462 556 586 601 οὐδὲν,
611 556 712 595 ὥστε
742 571 806 604 μοι
832 554 1106 605 παραστάντας
1133 555 1315 593 ἐνταυθοῖ
1341 556 1443 603 βοᾶν
1465 554 1527 592 οἶα
1557 555 1813 592 πεπόνθασιν·

304 613 326 661 ἡ
348 614 422 662 γὰρ
444 611 608 660 ἀλήθεια
637 611 697 650 καὶ
725 613 773 650 τὰ
799 609 1053 661 πεπραγμένα
1082 610 1178 649 αὐτὰ
1203 612 1296 662 βοᾷ.
1347 610 1433 649 οὔτε
1461 611 1536 659 γὰρ
1559 609 1694 658 ἔθηκεν
1716 609 1815 662 αὐτῷ

304 668 373 716 τὴν
401 666 692 717 ἀνθυποφοράν·
742 666 856 707 αὐτὸς
882 668 955 717 γὰρ
982 666 1053 717 ἦγε
1079 665 1248 705 Φωκέων
1275 665 1399 704 αὐτῶν
1427 665 1816 715 καταμαρτυρούντων

305 723 432 762 αὐτοῦ·
480 723 539 761 καὶ
561 723 674 771 δόξας
695 722 938 774 παρέχεσθαι
959 722 1028 770 τὴν
1050 723 1177 769 λύσιν,
1196 721 1243 771 ἣν
1264 720 1546 771 προσέρριψεν,
1569 720 1635 759 οὐκ
1659 721 1816 770 ἐποίησε

304 779 391 829 περὶ
422 778 514 818 αὐτὸ
546 779 730 817 ἵστασθαι
760 778 828 817 τὸν
857 777 1055 826 δικαστὴν,
1078 779 1195 817 εἰπὼν
1227 776 1318 816 αὐτὸ
1346 777 1388 815 ἐν
1415 776 1649 827 ἀφηγήσεως
1675 777 1814 830 τρόπῳ.

309 834 505 873 REISK.

361 891 457 942 366,
487 903 546 953 14.
580 890 748 929 Φωκέων
775 894 848 929 τῶν
879 890 1192 943 ἐκπεπτωκότωι]
1227 888 1463 942 Opponitul
1485 889 1504 926 ὁ
1534 889 1651 937 δημος
1673 902 1709 927 V.
1735 899 1799 929 22.
1792 919 1813 935 .,

305 945 421 999 plebs
438 945 521 985 ob
512 945 693 999 mopiam
716 945 825 984 domi
848 960 900 984 111
892 959 1014 985 ancre
1036 951 1192 993 coacta,
1211 959 1304 984 cum
1325 943 1559 997 opulentior
1562 957 1604 983 es
1626 943 1814 983 exsulare

309 1016 434 1055 quam
457 1001 610 1041 servire
632 1001 814 1041 mallent.
876 1001 1124 1041 SGHAEF

363 1060 459 1111 366,
489 1069 551 1110 17.
585 1059 765 1108 ἀργυριου
800 1056 1051 1127 ποιησαντες]
1085 1058 1171 1098 τοὺς
1204 1058 1305 1096 ἄλλο
1339 1073 1374 1095 τι
1403 1058 1544 1105 μισθοῦ
1577 1054 1817 1105 πράττοντας

306 1128 345 1166 p
366 1126 458 1164 242,
480 1126 546 1166 23.
580 1116 630 1167 τῷ
652 1116 793 1163 μισθοῦ
818 1113 1011 1164 γράφοντι
1033 1117 1191 1152 συνεῖπε
1213 1127 1280 1165 p
1276 1122 1364 1164 371,
1385 1123 1419 1163 7,
1452 1111 1657 1163 χρημάτων
1679 1109 1815 1150 ἅπαντ

309 1169 416 1209 εἶπεν
438 1172 568 1209 εκεῖνα
588 1184 629 1237 11.
653 1180 749 1223 374,
775 1181 837 1219 29.
871 1170 1037 1237 πονηρός
1059 1170 1167 1208 ἐστιν
1190 1169 1370 1219 ἀργυρίου
1392 1182 1431 1220 p.
1454 1178 1549 1230 377,
1573 1179 1636 1219 23.
1670 1165 1813 1206 δυεῖν
1795 1184 1817 1215 η

307 1229 420 1275 τριῶν
452 1229 633 1277 δραχμῶν
663 1225 834 1275 πονηρὸν
865 1226 959 1264 ὄντα
990 1239 1028 1277 p.
1051 1238 1148 1278 403,
1174 1237 1236 1263 21.
1300 1223 1381 1271 Sic,
1404 1222 1561 1276 01111101·,
1587 1222 1816 1275 intelligen-

309 1282 408 1320 dum
440 1283 460 1320 ὁ
492 1284 556 1330 τῆς
588 1281 737 1331 εἰρήνης
767 1297 944 1332 χρηματα
975 1282 1184 1322 ἀναλώσας
1208 1295 1247 1333 p.
1270 1280 1364 1333 382,
1391 1291 1468 1324 20„
1492 1278 1602 1331 quod
1625 1277 1817 1318 Reiskius

308 1337 388 1377 alio
410 1337 533 1377 modo
556 1337 873 1390 interpr-ctatui.
909 1336 963 1375 V.
988 1336 1041 1376 ad
1063 1351 1102 1389 p.
1128 1347 1216 1386 172,
1242 1337 1277 1375 8.
1340 1334 1590 1375 SOHAEF.

366 1394 460 1446 366
486 1405 549 1432 21.
583 1392 844 1444 πεπόνθασιν]
884 1392 953 1431 Ad
986 1394 1227 1432 πεπόνθασιν
1260 1390 1436 1431 subaudi
1472 1390 1559 1429 οὐδε
1592 1391 1666 1441 γὰρ
1699 1390 1817 1441 ἐχρην

309 1449 371 1488 vel
400 1450 488 1488 οὐδὲ
515 1466 589 1499 γαρ
619 1448 766 1499 ἁναγκη
799 1449 911 1496 ὑπηι.
959 1447 1066 1487 Nam
1088 1462 1138 1486 110
1161 1448 1385 1500 oportebat
1407 1445 1584 1499 quidem.
1628 1444 1735 1484 Nam
1765 1458 1816 1484 ne

308 1518 474 1544 necesse
497 1504 662 1557 quidem
688 1518 732 1543 01·
734 1509 791 1543 at.
830 1503 897 1542 Nil
919 1508 1022 1550 erat,
1046 1503 1156 1566 1111011
1179 1518 1226 1543 00
1247 1518 1312 1543 1110
1334 1502 1574 1555 impelleret.
1622 1500 1816 1540 REISK.

311 1560 460 1600 Potest
474 1559 710 1599 subaudiri:
744 1559 867 1598 modo
888 1559 1122 1598 memineris
1139 1574 1221 1598 non
1241 1573 1329 1598 esse
1350 1573 1397 1597 01
1399 1563 1494 1598 at01
1497 1572 1566 1596 um
1587 1555 1816 1597 consectari

310 1615 600 1656 dialecticam
592 1630 631 1654 111
654 1614 942 1655 ratiocinando
961 1615 1247 1655 subtilitatem.
1300 1613 1548 1654 SOHAEF

367 1674 462 1725 366,
488 1685 551 1722 24.
586 1671 751 1724 ἑκάστῳ]
792 1671 862 1710 Ad
884 1671 1127 1710 vocabulum
1157 1671 1306 1723 ἑκάστῳ
1335 1669 1510 1709 subaudi
1536 1673 1610 1707 τῶν
1631 1667 1815 1707 Φωκέων.

312 1727 548 1780 Unicuique
567 1726 842 1766 Phocensium
859 1741 941 1766 11011
958 1732 1022 1766 est
1043 1741 1090 1765 01
1092 1727 1191 1772 atio,
1210 1727 1287 1765 hoc
1303 1730 1378 1770 est,
1396 1724 1672 1764 Phocensium
1696 1737 1816 1763 nemo

310 1784 469 1837 cooitat
497 1783 557 1835 (in
585 1787 766 1822 mentun
794 1782 870 1821 sibi
902 1783 1039 1822 venire
1066 1797 1147 1821 non
1177 1782 1356 1835 patitur)
1382 1786 1667 1820 accusatorem
1693 1793 1817 1832 agere

311 1842 364 1882 εἰς
385 1842 452 1881 τὰς
472 1839 684 1889 Ἀθηνησιν
707 1839 819 1878 εὐθύι
814 1855 879 1886 ας,
898 1838 938 1876 111
956 1838 1124 1890 judiciis
1145 1838 1361 1901 peculatus
1383 1842 1457 1877 aut
1477 1835 1815 1890 repetundarum,

312 1910 417 1948 quae
439 1895 618 1935 Athenis
646 1895 866 1941 habentur,
889 1895 962 1933 sed
987 1895 1064 1934 hoc
1086 1894 1269 1934 animum
1291 1894 1379 1946 ejus
1404 1894 1442 1943 (v
1434 1893 1481 1932 el
1502 1892 1714 1945 cujusque)
1741 1890 1817 1930 sol-

311 1951 455 1997 licitat,
480 1951 590 2004 quod
612 1950 871 1990 selvicndum
897 1950 973 1989 sibi
1002 1950 1057 1990 sit
1084 1955 1127 1990 et
1154 1964 1254 2003 prae
1281 1948 1500 1989 formidine
1523 1947 1816 1988 emoriendum.

312 1968 506 2047 REISle.
540 2011 766 2058 κατηγορεῖν
787 2023 855 2047 τας
869 2005 1082 2056 Ἀθηνησιν
1102 2006 1261 2047 εὐθύνας
1281 2005 1305 2044 i.
1325 2020 1363 2059 q.
1387 2007 1614 2056 κατηγορεῖν
1628 2002 1817 2052 Αθήνησι

312 2064 646 2114 παραπρεσβείας.
709 2061 958 2102 SCHAEF.

369 2120 465 2172 366,
491 2128 554 2171 25.
591 2119 697 2157 ἀλλὰ
733 2118 950 2169 δουλεύειν]
990 2117 1078 2157 ἀλλ’
1112 2117 1156 2156 οὐ
1190 2118 1389 2157 δουλεύειν
1423 2115 1465 2155 S.
1494 2114 1670 2167 aliique:
1708 2114 1816 2154 unde

313 2176 420 2214 ἀλλὰ
441 2178 507 2213 τοῦ
528 2174 725 2213 δουλεύειν
748 2173 979 2213 Dobraeus.

369 2231 509 2283 366,0
491 2232 554 2268 26.
586 2228 768 2268 τεθνάναι
799 2231 849 2282 τῷ
881 2230 995 2282 φόβῳ
1029 2229 1246 2280 Θηβαίους]
1286 2229 1351 2268 De
1372 2228 1449 2268 hac
1472 2230 1684 2266 structura
1705 2240 1741 2266 v.
1763 2226 1817 2266 ad

312 2297 441 2339 051,
469 2298 528 2325 10.

370 2343 464 2394 366,
490 2353 553 2391 27.
586 2339 792 2393 διωκισμει
795 2356 829 2379 οι
856 2342 951 2379 κατὰ
974 2341 1115 2391 κώμας]
1143 2339 1498 2392 Amphictyonum
1519 2337 1628 2377 enim
1649 2337 1817 2377 decreto

315 2396 592 2437 Phocensium
627 2381 792 2434 urbium
831 2395 993 2435 moenia
1033 2395 1174 2435 diruta
1213 2398 1326 2434 tuere
1365 2394 1523 2447 ipsique
1564 2393 1696 2433 coacti
1744 2407 1818 2446 per

313 2453 423 2493 vicos
462 2452 653 2492 habitare
689 2451 757 2504 qui
793 2455 907 2490 certo
950 2451 1084 2504 spatio
1128 2451 1298 2490 invicem
1340 2450 1557 2497 distar,ent
1595 2463 1675 2502 quo
1705 2449 1817 2489 facto

315 2509 614 2562 impedirentur
655 2507 871 2560 quominus
911 2506 1120 2560 conjuncti
1162 2506 1254 2546 novi
1296 2506 1396 2559 quid
1436 2505 1691 2545 molirentur.
1753 2504 1815 2545 Of.

315 2565 485 2604 Diodor.
514 2565 574 2610 16,
598 2565 663 2602 60.
725 2562 944 2602 GREVE.

371 2623 467 2673 367,
495 2633 527 2659 1.
560 2619 770 2671 δεικνύναι]
811 2618 902 2658 Scil.
927 2620 1117 2665 κελεύετε,
1141 2619 1251 2672 quod
1276 2632 1327 2657 ex
1355 2616 1630 2670 praecedente
1655 2616 1706 2665 μὴ
1729 2617 1816 2655 ἐᾶτε

314 2675 599 2730 supplendum.

371 2731 584 2783 ὑπέσχετο]
620 2730 863 2770 Aeschines.

373 2790 467 2839 367,
491 2788 527 2825 6.
559 2790 638 2827 τοῖς
669 2786 815 2839 φίλοις]
849 2786 897 2825 111
929 2786 1076 2839 quibus
1111 2800 1187 2839 ego
1223 2800 1323 2833 sum,
1359 2799 1479 2839 quem
1516 2797 1589 2822 suo
1620 2783 1814 2836 juvarent

317 2841 565 2890 testimonio,
589 2841 621 2880 si
643 2842 846 2881 adessent.
908 2841 1154 2882 SOHAEF.
