1950 3210
723 148 836 188 Plu)
869 146 1118 188 comma.
1594 149 1667 190 5391

165 255 420 304 Δημοσθένης
451 257 493 294 ἐν
518 257 566 308 τῷ
599 256 686 305 περὶ
717 254 916 304 στεφάνου
946 253 1145 301 πεποίηκε·
1191 252 1350 290 Γέλωνα
1380 252 1452 300 μὲν
1484 251 1551 290 τὸν
1582 252 1677 302 πρὸς

161 311 304 362 μητρὸς
332 312 446 350 αὐτοῦ
474 311 647 356 πάππον,
673 311 721 352 ὡς
743 310 900 361 φυγάδα
931 310 991 348 καὶ
1021 309 1114 359 πρὸς
1144 311 1209 347 τοῦ
1237 307 1355 357 δήμου
1381 307 1534 360 θανάτῳ
1562 325 1674 347 κατα-

162 367 407 417 γνωσθέντα,
430 370 490 406 διὰ
521 367 590 415 τὴν
611 368 825 417 προδοσίαι·
850 367 1058 416 Νυμφαίου
1085 368 1152 403 τοῦ
1180 366 1222 403 ἐν
1246 366 1399 417 Πόντῳ,
1425 365 1484 402 καὶ
1515 363 1584 412 τὴν
1610 382 1678 413 μη-

163 423 268 474 τέρα,
293 425 342 465 ὡς
369 425 536 463 Σκυθίδα
563 423 606 461 τὸ
638 425 766 474 γένος,
789 424 812 461 a
840 422 884 471 δὴ
906 422 1033 461 πάντα
1056 423 1246 473 Αἰσχίνης
1271 422 1312 459 ἐν
1334 422 1384 474 τῷ
1414 422 1509 459 κατὰ
1540 424 1677 468 Κτησι-

163 483 317 530 φῶντος
352 480 557 530 παρέθηκε,
589 479 790 528 σιωπήσας
822 480 881 517 ἐπὶ
917 479 986 526 τὴν
1017 479 1133 516 αὑτοῦ
1164 477 1391 527 ἀνατροφὴν
1424 477 1473 517 ὡς
1505 476 1680 527 χρηστὴν

163 536 286 575 οὖσαν
310 537 520 588 ἐχώρησεν
555 538 597 574 ἐν
617 535 749 584 μέντοι
771 539 851 575 τοῖς
873 535 952 573 κατ’
972 535 1161 585 Αἰσχίνου
1186 533 1245 585 (in
1268 548 1315 572 ea
1339 538 1458 585 parto
1479 531 1681 571 orationis

164 606 240 644 pro
272 607 438 639 corona,
467 606 572 644 quae
607 606 704 644 pars
740 590 1005 644 peculiariter
1038 590 1286 629 Aeschinem
1326 589 1578 637 insectatur)
1606 589 1680 638 πρὸ

164 648 308 690 παντὸς
324 650 449 688 ἄλλου
468 649 529 687 ἐπὶ
546 648 632 689 τοὺς
650 649 863 697 προγόνους
879 646 1070 697 (subaudi
1091 647 1225 695 αὐτοῦ)
1243 647 1442 697 ἐχώρησεν
1457 646 1507 686 ὡς
1524 646 1682 693 ἀδόξους

164 704 341 754 φάσκων·
375 705 443 744 οὐκ
472 706 627 755 ἀπορῶν
649 703 678 743 δ’
702 705 723 742 ὅ
744 720 778 742 τι
804 704 878 754 χρὴ
904 704 991 752 περὶ
1012 706 1085 741 σοῦ
1112 703 1172 741 καὶ
1200 706 1275 741 τῶν
1298 706 1377 740 σῶν
1400 704 1523 740 εἰπεῖν
1544 706 1683 740 etc.—

165 762 199 800 εἰ
226 760 268 799 δέ
294 778 328 800 τι
355 761 528 812 χρηστὸν
551 762 592 799 ἐκ
619 763 683 808 τῆς
712 761 866 810 ἀγωγῆς
895 759 976 811 εἶχε
1009 760 1154 807 καὶτῆς
1179 759 1265 809 περὶ
1292 760 1435 809 λόγους
1466 756 1682 806 ἀσκήσεως,

165 817 473 867 παραλέλοιπεν.
520 816 711 855 REISK.
774 815 891 855 (litat
920 815 958 854 h.
982 815 1005 853 l.
1030 829 1158 867 usque
1183 815 1236 854 ad
1271 814 1461 865 ἐξέθρεψέ
1493 830 1538 852 σε
1563 828 1597 851 v.
1622 826 1629 851 ι
1650 826 1681 852 1.

167 872 358 912 Tiberius
381 888 419 926 p.
446 886 510 912 22.
555 872 804 912 SCHAEF.

226 941 319 980 270,
341 944 380 981 5.
404 928 580 982 ἀπορῶν]
615 930 745 979 ἀπορῶ
767 928 885 967 codd.
908 927 1075 967 Tiberii.
1120 926 1369 967 SCUAEF.

225 998 318 1037 270,
342 987 379 1024 6.
403 987 489 1035 περὶ
511 989 583 1024 σοῦ
611 986 670 1024 καὶ
692 989 768 1023 τῶν
790 988 871 1023 σῶν
894 984 1032 1037 εἰπεῖν]
1064 985 1150 1034 περὶ
1173 987 1245 1022 σοῦ
1266 983 1402 1035 λέγειν
1425 983 1485 1022 καὶ
1508 987 1582 1022 τῶν
1604 986 1685 1021 σῶν

164 1042 284 1081 codd.
304 1042 470 1081 Tiberii.
514 1042 559 1079 S(
572 1040 766 1080 ¹HAEF.

224 1101 354 1147 ἀπορῶ
375 1099 459 1151 τοῦ]
490 1100 619 1148 ἀπορῶ
643 1097 671 1136 δ’
691 1098 780 1136 ὅτου
802 1097 921 1136 codd.
941 1095 1110 1136 Tiberii.
1155 1096 1406 1136 SCHAEF.

224 1154 388 1208 πρώτου]
411 1159 562 1204 πρῶτον
583 1154 702 1193 codd.
722 1153 890 1192 Tiberii.
934 1153 1084 1192 SCHA
1101 1152 1185 1191 EF.

228 1223 320 1263 270,
346 1223 383 1262 7.
413 1209 539 1260 πότερ’
563 1211 612 1251 ὡς
640 1212 660 1249 ὁ
689 1210 813 1260 πατήρ
836 1227 908 1249 σου
931 1227 962 1248 κ.
981 1226 1013 1247 τ.
1032 1208 1086 1262 λ.]
1127 1209 1396 1249 Marcellinus
1427 1208 1478 1248 ad
1510 1208 1687 1247 Hermo-

166 1281 315 1319 genem
343 1282 381 1320 p.
409 1281 499 1315 141.
535 1268 666 1316 ὥσπερ
698 1268 737 1305 δὲ
773 1266 1060 1316 ἐγκωμιάζομεν
1091 1266 1167 1304 ἀπὸ
1197 1267 1348 1316 γένους,
1383 1267 1479 1304 οὕτω
1515 1266 1576 1303 καὶ
1608 1268 1686 1303 δια-

167 1327 317 1373 βοῦμεν
340 1323 418 1375 (sic
447 1323 624 1362 Aldina:
662 1322 733 1361 sed
764 1322 980 1361 Fabricius
1010 1321 1345 1375 Hamburgensis
1378 1321 1433 1360 ibi
1464 1320 1687 1374 adscripsit

167 1379 452 1429 διαβάλλωμεν.
517 1379 625 1418 Nam
655 1378 836 1418 Fabricii
868 1378 964 1417 olim
999 1377 1078 1417 fuit
1109 1378 1355 1431 exemplum„
1385 1392 1465 1430 quo
1502 1382 1610 1423 utor,
1643 1382 1687 1416 et

168 1435 435 1488 postmodum
466 1435 506 1474 in
538 1440 793 1488 potestatem
818 1434 1000 1474 Ernestii
1026 1433 1158 1473 nostri
1180 1434 1382 1487 pervenit,
1407 1434 1524 1486 cujus
1556 1432 1686 1471 indul-

167 1492 311 1546 gentia
341 1492 440 1531 mihi
473 1506 642 1531 usuram
673 1491 761 1544 ejus
793 1490 1030 1541 concessit).
1054 1491 1104 1532 ὡς
1127 1491 1395 1540 Δημοσθένης·
1428 1492 1573 1539 πότερα
1595 1490 1645 1530 ὡς
1666 1491 1686 1528 ὁ

169 1548 293 1599 πατήρ
316 1565 387 1588 σου
407 1549 562 1598 Τρόμης
593 1549 803 1588 ἐδούλευσε
829 1546 917 1597 παρ’
935 1546 1080 1600 Ἐλπίᾳ
1095 1560 1154 1575 -·
1189 1546 1485 1594 κατασκευάζων
1507 1547 1565 1583 ὅτι
1588 1546 1688 1586 εἰκὸς

169 1604 237 1643 τὸν
259 1606 300 1643 ἐκ
327 1606 511 1644 τοιούτων
535 1605 728 1655 γεγονότα
756 1606 978 1654 προδοῦναι.
1037 1603 1096 1642 καὶ
1126 1603 1202 1642 ἀπὸ
1235 1604 1389 1653 ἀγωγῆς
1421 1600 1688 1653 (educatione

169 1661 336 1714 puerili)
364 1660 540 1710 διέβαλε*
576 1661 618 1699 τὸ
644 1660 771 1710 μέλαν
798 1660 943 1710 τρίβων
972 1660 1032 1698 καὶ
1063 1660 1110 1698 τὰ
1140 1658 1271 1709 βάθρα
1302 1660 1524 1709 σπογγίζων
1551 1658 1614 1696 καὶ
1644 1657 1687 1696 τὸ

169 1720 457 1768 παιδαγωγεῖον
486 1721 619 1767 κορῶν.
656 1715 848 1755 REISK.
911 1719 1179 1765 διαβαλοῦμεν
1206 1729 1256 1754 ex
1289 1714 1378 1754 cod.
1413 1713 1546 1753 Paris.
1570 1712 1688 1752 resti-

170 1772 254 1813 tuit
267 1773 325 1811 W
329 1773 456 1813 alzius
474 1774 549 1813 vol.
572 1787 612 1823 4.
634 1787 673 1826 p.
697 1773 794 1825 348.

228 1830 426 1882 ἐδούλευε]
457 1830 666 1869 ἐδούλευσε
692 1827 971 1868 Marcellinus.
1024 1827 1118 1866 Non
1139 1827 1258 1867 male.
1311 1826 1377 1866 Sic
1395 1841 1430 1865 v.
1454 1839 1515 1866 12.
1539 1825 1688 1876 ἐξέθρε-

169 1890 239 1936 ψε.
282 1885 531 1926 SCHAEF.

232 1952 325 1993 270,
352 1942 387 1980 8.
402 1941 565 1994 Ἐλπίᾳ]
593 1941 762 1981 Ἐλπίδα
783 1941 902 1981 codd.
922 1940 1090 1980 Tiberii.
1134 1940 1385 1981 SCHAEF.

228 2001 278 2051 τῷ
300 1996 589 2048 πρὸς-ξύλον]
618 1997 831 2037 Omittunt
853 1997 971 2036 codd.
991 1996 1159 2036 Tiberii.
1201 1995 1453 2036 SCHAEF.

229 2054 410 2108 Θησείῳ]
435 2053 551 2093 Citat
572 2053 609 2092 h.
634 2053 658 2092 l.
683 2053 937 2106 Harpocrat.
956 2068 991 2091 v.
1015 2057 1204 2101 Θησεῖον.
1255 2052 1447 2091 REISK.

229 2109 451 2148 διδάσκοντι
486 2109 710 2161 γράμματα]
760 2109 839 2148 Est
875 2109 1080 2160 γράμματα
1116 2109 1313 2148 διδάσκειν
1349 2108 1497 2148 docere
1538 2122 1688 2161 pueros

171 2166 308 2219 legere
329 2171 371 2205 et
393 2165 585 2212 scribet-Q
604 2171 828 2218 utrumque
849 2165 958 2204 enim
979 2165 1233 2218 conjunctim
1255 2164 1529 2204 exercebatur
1554 2163 1596 2202 in
1624 2163 1688 2203 his

170 2223 469 2266 διδασκαλείοις,
499 2226 590 2260 tum
622 2221 828 2274 explicare
856 2221 982 2260 verba
1015 2226 1057 2260 et
1089 2220 1322 2260 sententias
1358 2226 1589 2274 poetarum,
1619 2219 1689 2273 qui

170 2277 376 2331 lega-ntur,
405 2282 447 2316 et
476 2277 657 2316 ediscere
683 2277 832 2329 jubere
863 2291 914 2316 ex
945 2276 1009 2316 his
1039 2277 1186 2316 multa.
1241 2276 1358 2316 Conf.
1380 2276 1490 2316 Plat.
1514 2276 1688 2330 Protag.

170 2347 210 2385 p.
241 2345 336 2386 3257
361 2347 394 2372 e.
458 2333 636 2373 Constat
668 2347 764 2372 vero
801 2333 876 2372 hos
911 2332 1226 2386 ludimagistros
1260 2332 1457 2385 privatim
1489 2337 1689 2385 quaestus

171 2403 319 2428 caussa
341 2393 388 2428 ut
408 2388 575 2441 opifices
606 2389 821 2442 negotium
853 2403 971 2428 suum
1000 2388 1244 2428 exercuisse.
1306 2388 1371 2428 De
1396 2402 1524 2441 opera
1552 2387 1688 2427 servili

171 2444 305 2497 patris
326 2449 368 2483 et
390 2444 518 2497 ipsius
541 2444 760 2484 Aeschinis
788 2445 829 2483 in
858 2444 921 2484 his
953 2444 1104 2484 scholis
1135 2444 1243 2484 adde
1270 2444 1396 2483 alium
1423 2444 1559 2483 locum
1582 2443 1690 2482 infra

171 2515 211 2553 p.
234 2512 330 2552 313.
364 2500 441 2549 ἅμα
467 2501 518 2553 τῷ
543 2501 658 2551 πατρὶ
686 2501 782 2551 πρὸς
809 2503 859 2554 τῷ
892 2502 1150 2553 διδασκαλείῳ
1178 2501 1462 2550 προσεδρεύων,
1486 2499 1529 2538 τὸ
1560 2499 1688 2548 μέλαν

171 2557 318 2606 τρίβων
340 2556 401 2594 καὶ
427 2557 474 2594 τὰ
501 2556 632 2606 βάθρα
653 2557 876 2607 σπογγίζων
899 2558 959 2595 καὶ
978 2557 1022 2595 τὸ
1046 2560 1333 2607 παιδαγωγεῖον
1356 2559 1491 2605 κορῶν.
1555 2555 1616 2594 At
1647 2554 1688 2593 in

173 2612 292 2650 Orat.
315 2611 366 2650 de
387 2611 491 2650 falsa
513 2611 639 2664 legat.
662 2626 702 2664 p.
726 2625 822 2661 419.
844 2616 965 2664 pater
987 2612 1073 2665 ipse
1094 2611 1247 2650 dicitur
1269 2610 1461 2649 διδάσκων
1483 2609 1690 2661 γράμματα

173 2681 247 2706 nec
269 2666 320 2705 de
341 2666 476 2705 servili
499 2666 737 2706 conditione
759 2667 847 2719 ejus
869 2681 1003 2706 sermo
1026 2672 1102 2706 est.
1145 2665 1371 2705 DISSEN.

229 2723 403 2774 χοίνικας
423 2723 588 2773 παχείας
611 2722 731 2774 ἔχων]
763 2722 961 2762 Similiter
982 2736 1135 2761 crassas
1155 2721 1349 2773 compedes
1368 2720 1507 2760 Latini
1531 2720 1690 2769 dicunt,

173 2784 219 2818 ut
249 2778 387 2816 Plaut.
412 2777 575 2830 Captiv.
604 2790 642 2830 3.
670 2791 708 2829 5,
733 2779 798 2827 64.
822 2784 863 2817 et
891 2791 912 2829 7
918 2790 956 2830 5.
1025 2778 1247 2817 Caeterum
1283 2775 1526 2816 scholiastes
1562 2791 1689 2816 anno-

173 2838 263 2874 tat:
302 2834 419 2872 εἰπὼν
450 2834 649 2872 δουλεύειν
681 2833 798 2873 αὐτὸν
828 2836 874 2872 τὰ
907 2835 1077 2882 ἑπόμενα
1113 2838 1193 2875 τοῖς
1230 2834 1396 2884 φαύλοις
1432 2835 1508 2871 τῶν
1539 2833 1689 2873 δούλων

175 2889 347 2940 ἐπήγαγε
369 2891 436 2930 τὰς
458 2889 575 2930 πέδας
596 2888 736 2940 λέγων.
781 2888 1006 2928 DISSEN.
