1914 3184
269 127 322 166 72
659 123 1055 165 OLYNTHIACA
1090 121 1383 162 SECUNDA.

328 232 391 275 26q
418 242 483 279 29.
507 233 586 270 τοῖς
605 230 816 278 μὲν-»τοῖς
837 229 1019 267 ὃὲ-τοῖς
1040 225 1158 280 δὲ-]
1183 224 1435 266 Oratoribus
1452 225 1775 279 demagogisque

270 285 483 325 ——eivibus
504 284 713 338 opulentis
735 290 775 324 et
798 282 1228 322 industriis—turbae
1250 281 1458 321 comitiali.
1523 281 1735 322 SAUPP.

328 354 392 393 27⁷
421 355 453 380 Ι.
476 343 580 391 ὑμῶν
602 356 627 380 a
649 341 873 391 τυραννίδος
895 339 1060 391 pendet,
1084 353 1167 377 non
1188 339 1240 378 ab
1263 338 1489 378 ἐπιτάττειν.

327 411 391 445 27,
416 399 453 436 6.
477 395 652 449 τούτους]
683 397 770 438 τοὺς
802 394 1051 444 ἠδικημένους
1085 396 1146 434 καὶ
1177 394 1221 434 δι’
1245 394 1337 434 αὐτὸ
1371 398 1483 433 τοῦτο
1506 394 1775 435 ἐλλείποντας.

328 520 391 561 27⁷
417 520 452 561 7.
487 509 529 547 τὸ
552 507 658 561 ἴσον]
695 509 714 545 ὁ
736 507 808 555 μὲν
829 505 944 555 πένης
975 504 1037 546 ἀπ’
1061 508 1207 557 ὀλίγων
1228 507 1359 557 ὀλίγα,
1381 508 1400 545 ὁ
1423 508 1463 545 δὲ
1493 507 1679 547 πλούσιος
1701 505 1775 544 ἀπὸ

268 571 344 605 τῶν
376 569 539 613 πολλῶν
573 563 717 603 πολλά·
762 564 859 602 οὕτω
893 564 967 613 γὰρ
1004 562 1052 601 ἂν
1087 564 1155 601 ἴσα
1190 563 1362 613 γίγνοιτο
1395 564 1442 601 τὰ
1477 565 1543 611 τῆς
1576 563 1773 612 εἰσφορᾶς.

272 622 329 659 W
334 621 461 662 OLF.
513 623 706 673 Aequum,
729 619 895 670 justum,
920 618 1029 671 quod
1058 632 1262 671 quemque
1294 633 1371 671 par
1399 623 1463 658 est
1490 617 1670 672 pendere
1700 631 1776 669 pro

267 678 390 717 modo
412 677 672 717 facultatum.
734 674 801 714 Sic
824 675 950 715 etiam
973 674 1206 713 Boeekhius
1237 674 1277 713 iu
1301 674 1453 714 Oecon.
1480 673 1596 728 polit.
1619 673 1774 713 Athen.

271 748 305 774 2.
331 749 369 787 p.
395 745 459 786 73.
494 731 824 773 SOHAEFER.
889 730 1072 770 Miratur
1093 730 1327 770 Boeekhius
1360 745 1433 770 eur
1463 735 1606 770 orator
1636 734 1678 769 et
1710 729 1777 768 hio

267 796 310 830 et
334 805 373 843 p.
402 803 463 842 15,
495 803 525 829 1.
550 802 691 828 omnes
712 802 762 827 ex
794 801 927 840 aequo
949 786 1110 826 tributa
1145 787 1332 826 conferre
1360 787 1519 840 jubeat,
1542 800 1667 839 quum
1698 785 1776 825 hoc

268 861 318 886 ex
352 846 547 886 instituto
580 843 895 898 symmoriarum
919 844 989 895 (ef.
1024 858 1062 896 p.
1085 844 1173 896 55.)
1193 843 1281 896 jam
1312 843 1468 882 dudum
1488 842 1578 882 fieri
1609 841 1777 881 solitum

267 902 404 943 fuerit.
467 902 548 941 Sed
569 902 647 940 1100
669 900 803 953 ipsum
825 905 901 944 est„
920 899 1031 952 quod
1053 899 1357 939 Demosthenes
1379 899 1579 953 queritur,
1600 897 1776 938 Atheni-

268 974 386 999 enses
409 960 600 1009 εἰσφορὰν
622 956 697 996 sibi
716 955 906 995 omnibus
928 955 1113 1009 irrogare
1130 955 1247 1001 nolle,
1267 957 1461 997 ἐπιδόσεις
1478 960 1519 995 et
1536 954 1777 1005 λειτουργίας

267 1016 320 1055 αἱ)
343 1015 547 1069 opulentis
569 1012 763 1067 flagitari,
786 1027 811 1052 a
833 1011 1038 1066 plerisque
1066 1011 1167 1051 nihil
1193 1011 1381 1056 conferri„
1404 1017 1533 1065 atque
1554 1010 1615 1051 ita
1636 1010 1776 1063 inopia

268 1071 538 1125 peeuniarum
560 1069 698 1110 omnia
718 1068 848 1122 perdi.
906 1067 1122 1107 SAUPP.

329 1139 391 1178 27,
416 1141 453 1179 9.
475 1127 623 1167 πάντας
645 1124 788 1174 ἐξιέναι
810 1127 905 1164 κατὰ
921 1123 1056 1177 μέρος]
1080 1126 1287 1174 στρατείαν
1303 1124 1373 1172 τὴν
1394 1125 1435 1162 ἐν
1456 1127 1536 1165 τοῖς
1555 1123 1691 1173 μέρεσι
1714 1139 1777 1162 κα-

270 1184 465 1233 λουμένην
486 1182 593 1222 slixit
616 1180 845 1221 Aeschines
867 1195 905 1233 p.
929 1192 995 1233 50,
1020 1193 1099 1233 35,
1122 1180 1192 1220 ubi
1214 1195 1249 1219 v.
1282 1180 1533 1232 interpretes
1558 1183 1600 1218 et
1622 1178 1778 1219 scholia

270 1254 401 1293 nuper
422 1239 546 1279 edita.

330 1308 394 1348 27„
425 1310 436 1335 1
454 1309 484 1334 1.
508 1297 527 1334 6
550 1299 657 1334 δεῖνα
678 1293 700 1343 ἢ
722 1295 741 1332 6
764 1293 886 1346 δεῖνα]
911 1292 977 1331 De
999 1292 1162 1332 homine
1180 1298 1307 1336 certo,
1327 1292 1398 1332 sed
1420 1305 1542 1345 quem
1564 1291 1778 1331 nominare

270 1357 345 1393 aut
367 1366 447 1391 non
469 1365 688 1405 possumus
719 1354 794 1390 aut
815 1349 1017 1388 nolumus.
1078 1347 1309 1402 Compares
1342 1363 1435 1387 cum
1456 1348 1524 1387 τὸν
1547 1349 1608 1387 καὶ
1628 1348 1713 1396 τὸν,
1734 1351 1778 1386 τὸ

273 1410 334 1448 καὶ
366 1409 408 1448 τὸ
440 1413 481 1447 et
514 1406 728 1447 similibus.
791 1405 839 1444 In
865 1405 1054 1445 Midiana
1076 1420 1115 1458 p.
1140 1410 1234 1457 560,
1262 1406 1324 1445 18.
1356 1407 1403 1444 τὰ
1425 1405 1486 1444 καὶ
1512 1405 1557 1443 τὰ
1578 1405 1779 1446 πεπονθὼς

271 1467 290 1503 6
323 1468 442 1504 δεῖνα.
504 1463 617 1502 Nihil
647 1462 687 1501 in
716 1462 870 1502 talibus
903 1461 1078 1501 incerti:
1113 1462 1223 1514 quod
1255 1461 1343 1515 ipse
1375 1459 1576 1500 articulus
1607 1459 1778 1500 indicat.

274 1521 449 1560 Erraret
466 1520 499 1559 si
522 1519 612 1573 quis
630 1521 649 1558 6
665 1522 773 1558 δεῖνα
794 1532 887 1557 eum
904 1518 958 1559 τὶς
979 1523 1256 1571 compararet.
1290 1516 1621 1558 SCHAEFER.
1666 1516 1779 1556 Mat-

272 1577 386 1617 thiae
400 1591 462 1631 gr.
474 1578 509 1629 ξ.
519 1576 615 1628 478.
629 1590 667 1629 p.
687 1576 801 1627 1083.
851 1574 1154 1613 Demosthenes
1169 1574 1379 1614 Eubulum
1393 1572 1627 1626 similesque
1641 1576 1779 1612 orato-

274 1648 340 1673 res
362 1632 568 1686 intelligit,
593 1631 741 1685 quibus
762 1631 889 1670 turba
912 1629 1131 1670 comitialis
1153 1630 1324 1670 mirifice
1345 1630 1526 1670 favebat.
1566 1628 1777 1669 SAUPP.
