<?xml version="1.0" encoding="UTF-8"?>
<!DOCTYPE html PUBLIC "-//W3C//DTD XHTML 1.0 Transitional//EN"
    "http://www.w3.org/TR/xhtml1/DTD/xhtml1-transitional.dtd">
<html xmlns="http://www.w3.org/1999/xhtml" xml:lang="en" lang="en">
 <head>
  <title>
</title>
<meta http-equiv="Content-Type" content="text/html;charset=utf-8" />
  <meta name='ocr-system' content='tesseract 3.04.00' />
  <meta name='ocr-capabilities' content='ocr_page ocr_carea ocr_par ocr_line ocrx_word'/>
</head>
<body>
  <div class='ocr_page' id='page_1' title='image "./operaexrecension05demouoft_0582.png"; bbox 0 0 1934 3179; ppageno 0'>
   <div class='ocr_carea' id='block_1_1' title="bbox 308 119 1412 162">
    <p class='ocr_par' dir='ltr' id='par_1_1' title="bbox 308 119 1412 162">
     <span class='ocr_line' id='line_1_1' title="bbox 308 119 1412 162; baseline 0.004 -5"><span class='ocrx_word' id='word_1_1' title='bbox 308 120 391 158; x_wconf 72' lang='lat'>502</span> <span class='ocrx_word' id='word_1_2' title='bbox 712 119 790 159; x_wconf 89' lang='lat' dir='ltr'>DE</span> <span class='ocrx_word' id='word_1_3' title='bbox 825 120 1020 161; x_wconf 73' lang='lat' dir='ltr'><strong>FALSA</strong></span> <span class='ocrx_word' id='word_1_4' title='bbox 1056 120 1412 162; x_wconf 83' lang='lat' dir='ltr'><strong>LEGATIONE.</strong></span> 
     </span>
    </p>
   </div>
   <div class='ocr_carea' id='block_1_2' title="bbox 303 225 1817 2847">
    <p class='ocr_par' dir='ltr' id='par_1_2' title="bbox 310 225 1810 333">
     <span class='ocr_line' id='line_1_2' title="bbox 365 225 1810 278; baseline 0.003 -16"><span class='ocrx_word' id='word_1_5' title='bbox 365 233 463 276; x_wconf 77' lang='lat'><strong><em>357,</em></strong></span> <span class='ocrx_word' id='word_1_6' title='bbox 487 235 547 263; x_wconf 83' lang='lat'>12.</span> <span class='ocrx_word' id='word_1_7' title='bbox 573 226 640 266; x_wconf 83' lang='grc' dir='ltr'>τὰς</span> <span class='ocrx_word' id='word_1_8' title='bbox 667 226 878 267; x_wconf 81' lang='grc' dir='ltr'>ἐπιστολὰς</span> <span class='ocrx_word' id='word_1_9' title='bbox 901 228 969 268; x_wconf 81' lang='grc' dir='ltr'>τὰς</span> <span class='ocrx_word' id='word_1_10' title='bbox 996 229 1062 265; x_wconf 86' lang='grc' dir='ltr'>τοῦ</span> <span class='ocrx_word' id='word_1_11' title='bbox 1084 226 1300 278; x_wconf 86' lang='grc' dir='ltr'>Φιλίππου]</span> <span class='ocrx_word' id='word_1_12' title='bbox 1336 226 1402 265; x_wconf 86' lang='lat' dir='ltr'>De</span> <span class='ocrx_word' id='word_1_13' title='bbox 1430 225 1493 264; x_wconf 82' lang='lat' dir='ltr'>his</span> <span class='ocrx_word' id='word_1_14' title='bbox 1515 240 1551 265; x_wconf 92' lang='lat' dir='ltr'>v.</span> <span class='ocrx_word' id='word_1_15' title='bbox 1576 225 1810 268; x_wconf 80' lang='lat' dir='ltr'>Boehneck.</span> 
     </span>
     <span class='ocr_line' id='line_1_3' title="bbox 310 278 807 333; baseline 0.006 -16"><span class='ocrx_word' id='word_1_16' title='bbox 310 278 479 329; x_wconf 75' lang='lat' dir='ltr'>Quaest.</span> <span class='ocrx_word' id='word_1_17' title='bbox 498 279 574 320; x_wconf 88' lang='lat' dir='ltr'>vol.</span> <span class='ocrx_word' id='word_1_18' title='bbox 595 293 627 319; x_wconf 93' lang='lat'>1.</span> <span class='ocrx_word' id='word_1_19' title='bbox 650 295 689 333; x_wconf 90' lang='lat' dir='ltr'>p.</span> <span class='ocrx_word' id='word_1_20' title='bbox 712 293 807 330; x_wconf 75' lang='lat'>412.</span> 
     </span>
    </p>

    <p class='ocr_par' dir='ltr' id='par_1_3' title="bbox 365 335 1358 389">
     <span class='ocr_line' id='line_1_4' title="bbox 365 335 1358 389; baseline 0.003 -16"><span class='ocrx_word' id='word_1_21' title='bbox 365 346 461 388; x_wconf 76' lang='lat'>357,</span> <span class='ocrx_word' id='word_1_22' title='bbox 484 345 547 388; x_wconf 84' lang='lat'>15.</span> <span class='ocrx_word' id='word_1_23' title='bbox 570 335 639 385; x_wconf 84' lang='grc' dir='ltr'>ἤδη</span> <span class='ocrx_word' id='word_1_24' title='bbox 660 337 721 389; x_wconf 81' lang='grc' dir='ltr'>γε]</span> <span class='ocrx_word' id='word_1_25' title='bbox 755 338 878 376; x_wconf 72' lang='lat' dir='ltr'>Nunc</span> <span class='ocrx_word' id='word_1_26' title='bbox 898 336 1064 377; x_wconf 68' lang='lat' dir='ltr'>demum.</span> <span class='ocrx_word' id='word_1_27' title='bbox 1109 335 1258 377; x_wconf 76' lang='lat' dir='ltr'>SOHA</span> <span class='ocrx_word' id='word_1_28' title='bbox 1268 336 1358 376; x_wconf 88' lang='lat' dir='ltr'>EF.</span> 
     </span>
    </p>

    <p class='ocr_par' dir='ltr' id='par_1_4' title="bbox 365 390 1641 444">
     <span class='ocr_line' id='line_1_5' title="bbox 365 390 1641 444; baseline 0.002 -14"><span class='ocrx_word' id='word_1_29' title='bbox 365 390 530 444; x_wconf 79' lang='grc' dir='ltr'>τούτοις]</span> <span class='ocrx_word' id='word_1_30' title='bbox 565 392 779 439; x_wconf 75' lang='lat' dir='ltr'>Aeschini,</span> <span class='ocrx_word' id='word_1_31' title='bbox 804 392 1032 432; x_wconf 77' lang='lat' dir='ltr'>Philocrati</span> <span class='ocrx_word' id='word_1_32' title='bbox 1054 396 1097 432; x_wconf 93' lang='lat' dir='ltr'>et</span> <span class='ocrx_word' id='word_1_33' title='bbox 1118 392 1392 432; x_wconf 78' lang='lat' dir='ltr'>consortibus.</span> <span class='ocrx_word' id='word_1_34' title='bbox 1446 393 1641 434; x_wconf 84' lang='lat' dir='ltr'>REISK.</span> 
     </span>
    </p>

    <p class='ocr_par' dir='ltr' id='par_1_5' title="bbox 365 446 1457 501">
     <span class='ocr_line' id='line_1_6' title="bbox 365 446 1457 501; baseline 0.004 -17"><span class='ocrx_word' id='word_1_35' title='bbox 365 447 529 501; x_wconf 82' lang='grc' dir='ltr'>τούτων]</span> <span class='ocrx_word' id='word_1_36' title='bbox 566 446 630 485; x_wconf 81' lang='lat' dir='ltr'>Se.</span> <span class='ocrx_word' id='word_1_37' title='bbox 653 447 905 500; x_wconf 86' lang='lat' dir='ltr'>scriptorum</span> <span class='ocrx_word' id='word_1_38' title='bbox 926 448 967 487; x_wconf 91' lang='lat' dir='ltr'>in</span> <span class='ocrx_word' id='word_1_39' title='bbox 989 447 1053 487; x_wconf 87' lang='lat' dir='ltr'>his</span> <span class='ocrx_word' id='word_1_40' title='bbox 1074 448 1218 488; x_wconf 89' lang='lat' dir='ltr'>literis.</span> <span class='ocrx_word' id='word_1_41' title='bbox 1261 448 1457 489; x_wconf 86' lang='lat' dir='ltr'>REISK.</span> 
     </span>
    </p>

    <p class='ocr_par' dir='ltr' id='par_1_6' title="bbox 305 499 1815 767">
     <span class='ocr_line' id='line_1_7' title="bbox 363 499 1810 558; baseline 0.004 -19"><span class='ocrx_word' id='word_1_42' title='bbox 363 513 459 554; x_wconf 77' lang='lat'><em>357,</em></span> <span class='ocrx_word' id='word_1_43' title='bbox 484 499 543 553; x_wconf 82' lang='lat'>¹7·</span> <span class='ocrx_word' id='word_1_44' title='bbox 573 503 634 541; x_wconf 84' lang='grc' dir='ltr'>καὶ</span> <span class='ocrx_word' id='word_1_45' title='bbox 655 503 723 542; x_wconf 83' lang='grc' dir='ltr'>τὸν</span> <span class='ocrx_word' id='word_1_46' title='bbox 746 505 1155 554; x_wconf 74' lang='grc' dir='ltr'>Πρόξενον-εὐθέως</span> <span class='ocrx_word' id='word_1_47' title='bbox 1184 504 1367 558; x_wconf 87' lang='grc' dir='ltr'>βοηθεῖν]</span> <span class='ocrx_word' id='word_1_48' title='bbox 1397 504 1540 545; x_wconf 80' lang='lat' dir='ltr'>Verba</span> <span class='ocrx_word' id='word_1_49' title='bbox 1561 505 1618 545; x_wconf 89' lang='lat' dir='ltr'>sic</span> <span class='ocrx_word' id='word_1_50' title='bbox 1640 505 1810 546; x_wconf 87' lang='lat' dir='ltr'>ordina:</span> 
     </span>
     <span class='ocr_line' id='line_1_8' title="bbox 308 558 1815 611; baseline 0.005 -15"><span class='ocrx_word' id='word_1_51' title='bbox 308 558 370 596; x_wconf 83' lang='grc' dir='ltr'>καὶ</span> <span class='ocrx_word' id='word_1_52' title='bbox 393 560 583 608; x_wconf 83' lang='grc' dir='ltr'>(προσῆκε</span> <span class='ocrx_word' id='word_1_53' title='bbox 612 559 776 609; x_wconf 84' lang='grc' dir='ltr'>τούτοις)</span> <span class='ocrx_word' id='word_1_54' title='bbox 800 559 980 609; x_wconf 82' lang='grc' dir='ltr'>γράφειν,</span> <span class='ocrx_word' id='word_1_55' title='bbox 1007 559 1076 599; x_wconf 86' lang='grc' dir='ltr'>τὸν</span> <span class='ocrx_word' id='word_1_56' title='bbox 1100 561 1302 611; x_wconf 76' lang='grc' dir='ltr'>Πρόξενον</span> <span class='ocrx_word' id='word_1_57' title='bbox 1321 564 1483 611; x_wconf 84' lang='grc' dir='ltr'>βοηθεῖν</span> <span class='ocrx_word' id='word_1_58' title='bbox 1505 561 1657 607; x_wconf 81' lang='grc' dir='ltr'>εὐθέως,</span> <span class='ocrx_word' id='word_1_59' title='bbox 1681 576 1713 601; x_wconf 77' lang='lat' dir='ltr'>s,</span> <span class='ocrx_word' id='word_1_60' title='bbox 1735 566 1815 604; x_wconf 78' lang='grc' dir='ltr'>τοῖς</span> 
     </span>
     <span class='ocr_line' id='line_1_9' title="bbox 308 615 1813 670; baseline 0.004 -19"><span class='ocrx_word' id='word_1_61' title='bbox 308 615 498 659; x_wconf 76' lang='grc' dir='ltr'>Φωκεῦσι,</span> <span class='ocrx_word' id='word_1_62' title='bbox 520 627 596 666; x_wconf 87' lang='lat' dir='ltr'>pro</span> <span class='ocrx_word' id='word_1_63' title='bbox 618 615 720 656; x_wconf 83' lang='grc' dir='ltr'>ὅπως</span> <span class='ocrx_word' id='word_1_64' title='bbox 741 617 761 654; x_wconf 91' lang='grc' dir='ltr'>ὁ</span> <span class='ocrx_word' id='word_1_65' title='bbox 785 617 982 665; x_wconf 79' lang='grc' dir='ltr'>Πρόξενος</span> <span class='ocrx_word' id='word_1_66' title='bbox 1001 618 1140 670; x_wconf 80' lang='grc' dir='ltr'>βοηθῇ.</span> <span class='ocrx_word' id='word_1_67' title='bbox 1178 615 1369 656; x_wconf 90' lang='lat' dir='ltr'>WOLF.</span> <span class='ocrx_word' id='word_1_68' title='bbox 1429 616 1618 657; x_wconf 68' lang='lat' dir='ltr'>Docebat</span> <span class='ocrx_word' id='word_1_69' title='bbox 1649 631 1719 656; x_wconf 80' lang='lat' dir='ltr'>eos</span> <span class='ocrx_word' id='word_1_70' title='bbox 1750 631 1813 657; x_wconf 80' lang='grc' dir='ltr'><strong>ΓΟ·-</strong></span> 
     </span>
     <span class='ocr_line' id='line_1_10' title="bbox 305 667 1814 726; baseline 0.003 -19"><span class='ocrx_word' id='word_1_71' title='bbox 305 667 517 719; x_wconf 61' lang='lat' dir='ltr'>gationem</span> <span class='ocrx_word' id='word_1_72' title='bbox 538 683 563 708; x_wconf 90' lang='lat' dir='ltr'>a</span> <span class='ocrx_word' id='word_1_73' title='bbox 584 684 627 708; x_wconf 89' lang='lat' dir='ltr'>se</span> <span class='ocrx_word' id='word_1_74' title='bbox 649 670 928 723; x_wconf 78' lang='lat' dir='ltr'>conscriptam</span> <span class='ocrx_word' id='word_1_75' title='bbox 949 671 1003 710; x_wconf 90' lang='lat' dir='ltr'>ad</span> <span class='ocrx_word' id='word_1_76' title='bbox 1024 686 1094 711; x_wconf 84' lang='lat' dir='ltr'>vos</span> <span class='ocrx_word' id='word_1_77' title='bbox 1116 671 1234 719; x_wconf 81' lang='lat' dir='ltr'>ferre,</span> <span class='ocrx_word' id='word_1_78' title='bbox 1258 686 1339 725; x_wconf 88' lang='lat' dir='ltr'>qua</span> <span class='ocrx_word' id='word_1_79' title='bbox 1362 672 1579 712; x_wconf 80' lang='lat' dir='ltr'>Proxenus</span> <span class='ocrx_word' id='word_1_80' title='bbox 1596 673 1814 726; x_wconf 86' lang='lat' dir='ltr'>juberetur</span> 
     </span>
     <span class='ocr_line' id='line_1_11' title="bbox 308 723 1107 767; baseline 0.006 -6"><span class='ocrx_word' id='word_1_81' title='bbox 308 723 593 763; x_wconf 84' lang='lat' dir='ltr'>Phocensibus</span> <span class='ocrx_word' id='word_1_82' title='bbox 615 740 866 766; x_wconf 80' lang='lat' dir='ltr'>succurrere.</span> <span class='ocrx_word' id='word_1_83' title='bbox 908 726 1107 767; x_wconf 86' lang='lat' dir='ltr'>REISK.</span> 
     </span>
    </p>

    <p class='ocr_par' dir='ltr' id='par_1_7' title="bbox 309 781 1811 876">
     <span class='ocr_line' id='line_1_12' title="bbox 361 781 1811 838; baseline 0.005 -20"><span class='ocrx_word' id='word_1_84' title='bbox 361 792 460 831; x_wconf 71' lang='lat'><strong><em>357,</em></strong></span> <span class='ocrx_word' id='word_1_85' title='bbox 482 782 544 819; x_wconf 74' lang='lat'>18.</span> <span class='ocrx_word' id='word_1_86' title='bbox 575 781 1029 835; x_wconf 78' lang='grc' dir='ltr'>πάντα-πεποιηκότες]</span> <span class='ocrx_word' id='word_1_87' title='bbox 1073 782 1217 824; x_wconf 81' lang='lat' dir='ltr'>Citant</span> <span class='ocrx_word' id='word_1_88' title='bbox 1239 783 1399 823; x_wconf 81' lang='lat' dir='ltr'>Anecd.</span> <span class='ocrx_word' id='word_1_89' title='bbox 1422 783 1553 823; x_wconf 86' lang='lat' dir='ltr'>Bekk.</span> <span class='ocrx_word' id='word_1_90' title='bbox 1576 799 1614 838; x_wconf 87' lang='lat' dir='ltr'>p.</span> <span class='ocrx_word' id='word_1_91' title='bbox 1638 785 1728 838; x_wconf 69' lang='lat'>138,</span> <span class='ocrx_word' id='word_1_92' title='bbox 1752 797 1811 825; x_wconf 87' lang='lat'>10.</span> 
     </span>
     <span class='ocr_line' id='line_1_13' title="bbox 309 834 559 876; baseline 0.012 -3"><span class='ocrx_word' id='word_1_93' title='bbox 309 834 559 876; x_wconf 68' lang='lat' dir='ltr'>SCHAEF.</span> 
     </span>
    </p>

    <p class='ocr_par' dir='ltr' id='par_1_8' title="bbox 304 891 1814 1057">
     <span class='ocr_line' id='line_1_14' title="bbox 362 891 1812 948; baseline 0.005 -19"><span class='ocrx_word' id='word_1_94' title='bbox 362 894 457 943; x_wconf 75' lang='lat'>358,</span> <span class='ocrx_word' id='word_1_95' title='bbox 485 905 520 933; x_wconf 80' lang='lat'>2.</span> <span class='ocrx_word' id='word_1_96' title='bbox 538 891 789 947; x_wconf 80' lang='grc' dir='ltr'>Ἀθηναίους]</span> <span class='ocrx_word' id='word_1_97' title='bbox 828 894 1001 934; x_wconf 81' lang='lat' dir='ltr'>Dictum</span> <span class='ocrx_word' id='word_1_98' title='bbox 1024 894 1316 948; x_wconf 80' lang='lat' dir='ltr'>significanter.</span> <span class='ocrx_word' id='word_1_99' title='bbox 1371 895 1585 943; x_wconf 75' lang='lat' dir='ltr'>Homines,</span> <span class='ocrx_word' id='word_1_100' title='bbox 1612 900 1659 936; x_wconf 94' lang='lat' dir='ltr'>ut</span> <span class='ocrx_word' id='word_1_101' title='bbox 1682 896 1812 936; x_wconf 88' lang='lat' dir='ltr'>Athe-</span> 
     </span>
     <span class='ocr_line' id='line_1_15' title="bbox 304 946 1814 1003; baseline 0.004 -18"><span class='ocrx_word' id='word_1_102' title='bbox 304 946 479 994; x_wconf 69' lang='lat' dir='ltr'>nienses,</span> <span class='ocrx_word' id='word_1_103' title='bbox 501 952 590 988; x_wconf 83' lang='lat' dir='ltr'>tam</span> <span class='ocrx_word' id='word_1_104' title='bbox 610 958 756 989; x_wconf 86' lang='lat' dir='ltr'>acutos</span> <span class='ocrx_word' id='word_1_105' title='bbox 777 950 1044 1003; x_wconf 82' lang='lat' dir='ltr'>solertesque,</span> <span class='ocrx_word' id='word_1_106' title='bbox 1068 950 1169 990; x_wconf 86' lang='lat' dir='ltr'>nihil</span> <span class='ocrx_word' id='word_1_107' title='bbox 1193 956 1240 991; x_wconf 90' lang='lat' dir='ltr'>ut</span> <span class='ocrx_word' id='word_1_108' title='bbox 1262 965 1331 991; x_wconf 89' lang='lat' dir='ltr'>eos</span> <span class='ocrx_word' id='word_1_109' title='bbox 1352 951 1641 992; x_wconf 82' lang='lat' dir='ltr'>fraudulentae</span> <span class='ocrx_word' id='word_1_110' title='bbox 1661 952 1814 992; x_wconf 85' lang='lat' dir='ltr'>machi-</span> 
     </span>
     <span class='ocr_line' id='line_1_16' title="bbox 306 1003 1127 1057; baseline 0.005 -16"><span class='ocrx_word' id='word_1_111' title='bbox 306 1003 488 1043; x_wconf 89' lang='lat' dir='ltr'>nationis</span> <span class='ocrx_word' id='word_1_112' title='bbox 508 1004 651 1057; x_wconf 80' lang='lat' dir='ltr'>fugere</span> <span class='ocrx_word' id='word_1_113' title='bbox 671 1009 822 1057; x_wconf 88' lang='lat' dir='ltr'>posset.</span> <span class='ocrx_word' id='word_1_114' title='bbox 868 1006 1127 1045; x_wconf 81' lang='lat' dir='ltr'>SCHAEF.</span> 
     </span>
    </p>

    <p class='ocr_par' dir='ltr' id='par_1_9' title="bbox 303 1059 1817 1338">
     <span class='ocr_line' id='line_1_17' title="bbox 363 1059 1814 1113; baseline 0.004 -16"><span class='ocrx_word' id='word_1_115' title='bbox 363 1061 458 1111; x_wconf 66' lang='lat'>358,</span> <span class='ocrx_word' id='word_1_116' title='bbox 485 1070 521 1111; x_wconf 90' lang='lat'>7.</span> <span class='ocrx_word' id='word_1_117' title='bbox 545 1059 752 1113; x_wconf 82' lang='grc' dir='ltr'>ὑπάρχειν]</span> <span class='ocrx_word' id='word_1_118' title='bbox 797 1061 982 1101; x_wconf 77' lang='lat' dir='ltr'>Subaudi</span> <span class='ocrx_word' id='word_1_119' title='bbox 1012 1063 1148 1101; x_wconf 85' lang='grc' dir='ltr'>εὔνουν</span> <span class='ocrx_word' id='word_1_120' title='bbox 1170 1062 1231 1102; x_wconf 85' lang='lat' dir='ltr'>vel</span> <span class='ocrx_word' id='word_1_121' title='bbox 1254 1064 1387 1113; x_wconf 85' lang='grc' dir='ltr'>φίλον,</span> <span class='ocrx_word' id='word_1_122' title='bbox 1415 1077 1465 1102; x_wconf 90' lang='lat' dir='ltr'>ne</span> <span class='ocrx_word' id='word_1_123' title='bbox 1496 1063 1627 1103; x_wconf 87' lang='lat' dir='ltr'>adde:</span> <span class='ocrx_word' id='word_1_124' title='bbox 1663 1062 1814 1103; x_wconf 86' lang='lat' dir='ltr'>sufficit</span> 
     </span>
     <span class='ocr_line' id='line_1_18' title="bbox 307 1114 1817 1172; baseline 0.003 -19"><span class='ocrx_word' id='word_1_125' title='bbox 307 1114 416 1153; x_wconf 87' lang='lat' dir='ltr'>enim</span> <span class='ocrx_word' id='word_1_126' title='bbox 449 1129 608 1155; x_wconf 88' lang='lat' dir='ltr'>merum</span> <span class='ocrx_word' id='word_1_127' title='bbox 636 1117 819 1157; x_wconf 84' lang='lat' dir='ltr'>verbum.</span> <span class='ocrx_word' id='word_1_128' title='bbox 871 1117 1066 1157; x_wconf 68' lang='lat' dir='ltr'>Reddidit</span> <span class='ocrx_word' id='word_1_129' title='bbox 1096 1118 1163 1158; x_wconf 78' lang='grc' dir='ltr'>Ιιοο</span> <span class='ocrx_word' id='word_1_130' title='bbox 1190 1133 1249 1158; x_wconf 75' lang='lat' dir='ltr'>eos</span> <span class='ocrx_word' id='word_1_131' title='bbox 1280 1118 1409 1158; x_wconf 66' lang='lat' dir='ltr'>molles</span> <span class='ocrx_word' id='word_1_132' title='bbox 1439 1125 1473 1158; x_wconf 77' lang='lat' dir='ltr'>et</span> <span class='ocrx_word' id='word_1_133' title='bbox 1506 1118 1690 1172; x_wconf 63' lang='lat' dir='ltr'>torpidos7</span> <span class='ocrx_word' id='word_1_134' title='bbox 1713 1118 1817 1172; x_wconf 72' lang='lat' dir='ltr'>qaod</span> 
     </span>
     <span class='ocr_line' id='line_1_19' title="bbox 303 1172 1812 1229; baseline 0.003 -20"><span class='ocrx_word' id='word_1_135' title='bbox 303 1184 531 1223; x_wconf 64' lang='lat' dir='ltr'>persuasum</span> <span class='ocrx_word' id='word_1_136' title='bbox 556 1172 654 1224; x_wconf 56' lang='lat' dir='ltr'>ipsis*</span> <span class='ocrx_word' id='word_1_137' title='bbox 680 1179 780 1221; x_wconf 66' lang='lat' dir='ltr'>esset,</span> <span class='ocrx_word' id='word_1_138' title='bbox 804 1173 1045 1227; x_wconf 70' lang='lat' dir='ltr'>Phile&#39;ppmn</span> <span class='ocrx_word' id='word_1_139' title='bbox 1076 1174 1180 1227; x_wconf 70' lang='lat' dir='ltr'>ipsis</span> <span class='ocrx_word' id='word_1_140' title='bbox 1208 1175 1383 1214; x_wconf 68' lang='lat' dir='ltr'>amicum</span> <span class='ocrx_word' id='word_1_141' title='bbox 1413 1180 1447 1214; x_wconf 77' lang='lat' dir='ltr'>et</span> <span class='ocrx_word' id='word_1_142' title='bbox 1468 1175 1695 1229; x_wconf 72' lang='lat' dir='ltr'>propitium</span> <span class='ocrx_word' id='word_1_143' title='bbox 1724 1188 1812 1214; x_wconf 78' lang='lat' dir='ltr'>esse.</span> 
     </span>
     <span class='ocr_line' id='line_1_20' title="bbox 309 1225 1811 1284; baseline 0.003 -20"><span class='ocrx_word' id='word_1_144' title='bbox 309 1225 504 1266; x_wconf 83' lang='lat' dir='ltr'>REISK.</span> <span class='ocrx_word' id='word_1_145' title='bbox 567 1228 620 1267; x_wconf 76' lang='lat' dir='ltr'>V.</span> <span class='ocrx_word' id='word_1_146' title='bbox 654 1234 739 1268; x_wconf 85' lang='lat' dir='ltr'>not.</span> <span class='ocrx_word' id='word_1_147' title='bbox 772 1230 826 1269; x_wconf 88' lang='lat' dir='ltr'>ad</span> <span class='ocrx_word' id='word_1_148' title='bbox 857 1244 896 1282; x_wconf 87' lang='lat' dir='ltr'>p.</span> <span class='ocrx_word' id='word_1_149' title='bbox 931 1231 1023 1277; x_wconf 77' lang='lat'>286,</span> <span class='ocrx_word' id='word_1_150' title='bbox 1048 1231 1084 1268; x_wconf 75' lang='grc' dir='ltr'>ὃ.</span> <span class='ocrx_word' id='word_1_151' title='bbox 1137 1233 1342 1279; x_wconf 81' lang='grc' dir='ltr'>πεισθῆναι</span> <span class='ocrx_word' id='word_1_152' title='bbox 1367 1230 1546 1269; x_wconf 55' lang='lat' dir='ltr'>lVolfius</span> <span class='ocrx_word' id='word_1_153' title='bbox 1581 1244 1811 1284; x_wconf 81' lang='lat' dir='ltr'>perperam,</span> 
     </span>
     <span class='ocr_line' id='line_1_21' title="bbox 309 1281 1357 1338; baseline 0.006 -18"><span class='ocrx_word' id='word_1_154' title='bbox 309 1281 502 1322; x_wconf 84' lang='lat' dir='ltr'>Reiskius</span> <span class='ocrx_word' id='word_1_155' title='bbox 523 1288 637 1323; x_wconf 78' lang='lat' dir='ltr'>recte</span> <span class='ocrx_word' id='word_1_156' title='bbox 660 1284 962 1338; x_wconf 80' lang='lat' dir='ltr'>interpretatus</span> <span class='ocrx_word' id='word_1_157' title='bbox 985 1290 1061 1325; x_wconf 84' lang='lat' dir='ltr'>est.</span> <span class='ocrx_word' id='word_1_158' title='bbox 1104 1286 1357 1326; x_wconf 77' lang='lat' dir='ltr'>SCHAEF.</span> 
     </span>
    </p>

    <p class='ocr_par' dir='ltr' id='par_1_10' title="bbox 307 1339 1814 1825">
     <span class='ocr_line' id='line_1_22' title="bbox 363 1339 1813 1395; baseline 0.004 -19"><span class='ocrx_word' id='word_1_159' title='bbox 363 1339 458 1391; x_wconf 71' lang='lat'>3587</span> <span class='ocrx_word' id='word_1_160' title='bbox 483 1352 545 1378; x_wconf 74' lang='lat'>11.</span> <span class='ocrx_word' id='word_1_161' title='bbox 569 1341 673 1379; x_wconf 82' lang='grc' dir='ltr'>ἀλλὰ</span> <span class='ocrx_word' id='word_1_162' title='bbox 701 1342 762 1380; x_wconf 85' lang='grc' dir='ltr'>καὶ</span> <span class='ocrx_word' id='word_1_163' title='bbox 777 1340 853 1394; x_wconf 86' lang='grc'>-]</span> <span class='ocrx_word' id='word_1_164' title='bbox 888 1341 967 1381; x_wconf 86' lang='lat' dir='ltr'>Est</span> <span class='ocrx_word' id='word_1_165' title='bbox 994 1342 1187 1394; x_wconf 73' lang='lat' dir='ltr'>objectio,</span> <span class='ocrx_word' id='word_1_166' title='bbox 1212 1357 1318 1395; x_wconf 87' lang='lat' dir='ltr'>quae</span> <span class='ocrx_word' id='word_1_167' title='bbox 1348 1343 1390 1381; x_wconf 92' lang='lat' dir='ltr'>in</span> <span class='ocrx_word' id='word_1_168' title='bbox 1421 1342 1650 1382; x_wconf 86' lang='lat' dir='ltr'>continenti</span> <span class='ocrx_word' id='word_1_169' title='bbox 1680 1357 1813 1382; x_wconf 90' lang='lat' dir='ltr'>remo-</span> 
     </span>
     <span class='ocr_line' id='line_1_23' title="bbox 307 1395 1813 1452; baseline 0.003 -19"><span class='ocrx_word' id='word_1_170' title='bbox 307 1398 427 1433; x_wconf 86' lang='lat' dir='ltr'>vetur</span> <span class='ocrx_word' id='word_1_171' title='bbox 457 1395 497 1434; x_wconf 93' lang='lat' dir='ltr'>in</span> <span class='ocrx_word' id='word_1_172' title='bbox 530 1395 644 1435; x_wconf 85' lang='lat' dir='ltr'>istis:</span> <span class='ocrx_word' id='word_1_173' title='bbox 675 1399 834 1443; x_wconf 79' lang='grc' dir='ltr'>τούτοις,</span> <span class='ocrx_word' id='word_1_174' title='bbox 858 1398 994 1436; x_wconf 79' lang='grc' dir='ltr'>ὅτι-.</span> <span class='ocrx_word' id='word_1_175' title='bbox 1058 1398 1192 1451; x_wconf 81' lang='lat' dir='ltr'>Atqui</span> <span class='ocrx_word' id='word_1_176' title='bbox 1223 1404 1364 1438; x_wconf 87' lang='lat' dir='ltr'>tamen</span> <span class='ocrx_word' id='word_1_177' title='bbox 1395 1403 1517 1439; x_wconf 88' lang='lat' dir='ltr'>erant</span> <span class='ocrx_word' id='word_1_178' title='bbox 1551 1413 1678 1452; x_wconf 88' lang='lat' dir='ltr'>penes</span> <span class='ocrx_word' id='word_1_179' title='bbox 1704 1399 1813 1438; x_wconf 88' lang='lat' dir='ltr'>Pho-</span> 
     </span>
     <span class='ocr_line' id='line_1_24' title="bbox 308 1451 1813 1508; baseline 0.003 -19"><span class='ocrx_word' id='word_1_180' title='bbox 308 1464 451 1489; x_wconf 82' lang='lat' dir='ltr'>censes</span> <span class='ocrx_word' id='word_1_181' title='bbox 479 1451 628 1503; x_wconf 87' lang='lat' dir='ltr'>quibus</span> <span class='ocrx_word' id='word_1_182' title='bbox 654 1452 866 1492; x_wconf 84' lang='lat' dir='ltr'>videretur</span> <span class='ocrx_word' id='word_1_183' title='bbox 892 1454 1079 1493; x_wconf 86' lang='lat' dir='ltr'>futurum</span> <span class='ocrx_word' id='word_1_184' title='bbox 1108 1458 1155 1494; x_wconf 91' lang='lat' dir='ltr'>ut</span> <span class='ocrx_word' id='word_1_185' title='bbox 1181 1454 1443 1507; x_wconf 87' lang='lat' dir='ltr'>poenitentia</span> <span class='ocrx_word' id='word_1_186' title='bbox 1468 1459 1631 1495; x_wconf 85' lang='lat' dir='ltr'>vestrae</span> <span class='ocrx_word' id='word_1_187' title='bbox 1660 1454 1813 1508; x_wconf 86' lang='lat' dir='ltr'>impru—</span> 
     </span>
     <span class='ocr_line' id='line_1_25' title="bbox 308 1505 1813 1563; baseline 0.005 -20"><span class='ocrx_word' id='word_1_188' title='bbox 308 1505 474 1546; x_wconf 83' lang='lat' dir='ltr'>dentiae</span> <span class='ocrx_word' id='word_1_189' title='bbox 496 1521 567 1546; x_wconf 86' lang='lat' dir='ltr'>vos</span> <span class='ocrx_word' id='word_1_190' title='bbox 588 1508 811 1560; x_wconf 85' lang='lat' dir='ltr'>aliquando</span> <span class='ocrx_word' id='word_1_191' title='bbox 833 1509 1068 1550; x_wconf 81' lang='lat' dir='ltr'>incesseret.</span> <span class='ocrx_word' id='word_1_192' title='bbox 1132 1510 1277 1550; x_wconf 81' lang='lat' dir='ltr'>Malim</span> <span class='ocrx_word' id='word_1_193' title='bbox 1304 1511 1445 1563; x_wconf 88' lang='lat' dir='ltr'>itaque</span> <span class='ocrx_word' id='word_1_194' title='bbox 1465 1510 1752 1561; x_wconf 79' lang='grc' dir='ltr'>μεταμελήσειν</span> <span class='ocrx_word' id='word_1_195' title='bbox 1772 1510 1813 1550; x_wconf 91' lang='lat' dir='ltr'>in</span> 
     </span>
     <span class='ocr_line' id='line_1_26' title="bbox 307 1561 1814 1618; baseline 0.005 -19"><span class='ocrx_word' id='word_1_196' title='bbox 307 1561 461 1601; x_wconf 87' lang='lat' dir='ltr'>futuro.</span> <span class='ocrx_word' id='word_1_197' title='bbox 506 1563 698 1603; x_wconf 76' lang='lat' dir='ltr'>REISK.</span> <span class='ocrx_word' id='word_1_198' title='bbox 763 1565 857 1603; x_wconf 88' lang='lat' dir='ltr'>Non</span> <span class='ocrx_word' id='word_1_199' title='bbox 893 1565 1072 1618; x_wconf 77' lang='lat' dir='ltr'>objectio</span> <span class='ocrx_word' id='word_1_200' title='bbox 1108 1570 1183 1613; x_wconf 82' lang='lat' dir='ltr'>est,</span> <span class='ocrx_word' id='word_1_201' title='bbox 1214 1566 1287 1605; x_wconf 82' lang='lat' dir='ltr'>sed</span> <span class='ocrx_word' id='word_1_202' title='bbox 1322 1566 1524 1606; x_wconf 88' lang='lat' dir='ltr'>transitus</span> <span class='ocrx_word' id='word_1_203' title='bbox 1556 1567 1611 1606; x_wconf 91' lang='lat' dir='ltr'>ad</span> <span class='ocrx_word' id='word_1_204' title='bbox 1641 1566 1814 1606; x_wconf 86' lang='lat' dir='ltr'>tertium</span> 
     </span>
     <span class='ocr_line' id='line_1_27' title="bbox 307 1617 1814 1675; baseline 0.004 -20"><span class='ocrx_word' id='word_1_205' title='bbox 307 1617 417 1657; x_wconf 87' lang='lat' dir='ltr'>inter</span> <span class='ocrx_word' id='word_1_206' title='bbox 446 1618 683 1658; x_wconf 85' lang='lat' dir='ltr'>Phocenses</span> <span class='ocrx_word' id='word_1_207' title='bbox 713 1634 842 1673; x_wconf 79' lang='lat' dir='ltr'>genus</span> <span class='ocrx_word' id='word_1_208' title='bbox 868 1621 1091 1669; x_wconf 75' lang='lat' dir='ltr'>hominum,</span> <span class='ocrx_word' id='word_1_209' title='bbox 1115 1622 1225 1674; x_wconf 90' lang='lat' dir='ltr'>quod</span> <span class='ocrx_word' id='word_1_210' title='bbox 1257 1626 1393 1662; x_wconf 84' lang='lat' dir='ltr'>metus</span> <span class='ocrx_word' id='word_1_211' title='bbox 1421 1626 1513 1662; x_wconf 82' lang='lat' dir='ltr'>erat</span> <span class='ocrx_word' id='word_1_212' title='bbox 1540 1636 1591 1661; x_wconf 91' lang='lat' dir='ltr'>ne</span> <span class='ocrx_word' id='word_1_213' title='bbox 1620 1622 1814 1675; x_wconf 88' lang='lat' dir='ltr'>Philippo</span> 
     </span>
     <span class='ocr_line' id='line_1_28' title="bbox 308 1673 1811 1730; baseline 0.006 -19"><span class='ocrx_word' id='word_1_214' title='bbox 308 1673 520 1726; x_wconf 81' lang='lat' dir='ltr'>negotium</span> <span class='ocrx_word' id='word_1_215' title='bbox 548 1675 781 1716; x_wconf 67' lang='lat' dir='ltr'>lacesseret.</span> <span class='ocrx_word' id='word_1_216' title='bbox 844 1676 937 1716; x_wconf 85' lang='lat' dir='ltr'>Hoc</span> <span class='ocrx_word' id='word_1_217' title='bbox 960 1678 1166 1730; x_wconf 86' lang='lat' dir='ltr'>quomodo</span> <span class='ocrx_word' id='word_1_218' title='bbox 1197 1677 1393 1718; x_wconf 78' lang='lat' dir='ltr'>eluserint</span> <span class='ocrx_word' id='word_1_219' title='bbox 1418 1679 1455 1717; x_wconf 81' lang='grc' dir='ltr'>οἱ</span> <span class='ocrx_word' id='word_1_220' title='bbox 1485 1679 1811 1727; x_wconf 82' lang='grc' dir='ltr'>μακεδονίζοντες,</span> 
     </span>
     <span class='ocr_line' id='line_1_29' title="bbox 308 1729 1812 1784; baseline 0.003 -16"><span class='ocrx_word' id='word_1_221' title='bbox 308 1729 535 1769; x_wconf 85' lang='lat' dir='ltr'>ostendunt</span> <span class='ocrx_word' id='word_1_222' title='bbox 575 1732 819 1783; x_wconf 82' lang='lat' dir='ltr'>sequentia:</span> <span class='ocrx_word' id='word_1_223' title='bbox 867 1734 1014 1774; x_wconf 84' lang='grc' dir='ltr'>τούτοις</span> <span class='ocrx_word' id='word_1_224' title='bbox 1047 1734 1194 1772; x_wconf 83' lang='grc' dir='ltr'>ὅτι-.</span> <span class='ocrx_word' id='word_1_225' title='bbox 1256 1733 1491 1784; x_wconf 83' lang='grc' dir='ltr'>μεταμέλειν</span> <span class='ocrx_word' id='word_1_226' title='bbox 1525 1748 1622 1774; x_wconf 76' lang='lat' dir='ltr'>cave</span> <span class='ocrx_word' id='word_1_227' title='bbox 1662 1738 1812 1774; x_wconf 83' lang='lat' dir='ltr'>mutes.</span> 
     </span>
     <span class='ocr_line' id='line_1_30' title="bbox 308 1785 558 1825; baseline 0.004 -1"><span class='ocrx_word' id='word_1_228' title='bbox 308 1785 558 1825; x_wconf 79' lang='lat' dir='ltr'>SOHAEF.</span> 
     </span>
    </p>

    <p class='ocr_par' dir='ltr' id='par_1_11' title="bbox 306 1842 1813 2007">
     <span class='ocr_line' id='line_1_31' title="bbox 364 1842 1813 1898; baseline 0.003 -19"><span class='ocrx_word' id='word_1_229' title='bbox 364 1842 458 1894; x_wconf 71' lang='lat'>358,</span> <span class='ocrx_word' id='word_1_230' title='bbox 489 1855 549 1895; x_wconf 67' lang='lat'>13.</span> <span class='ocrx_word' id='word_1_231' title='bbox 577 1842 798 1897; x_wconf 83' lang='grc' dir='ltr'>ἐπέδειξαν]</span> <span class='ocrx_word' id='word_1_232' title='bbox 847 1843 942 1891; x_wconf 78' lang='lat' dir='ltr'>Alii,</span> <span class='ocrx_word' id='word_1_233' title='bbox 981 1844 1215 1898; x_wconf 85' lang='lat' dir='ltr'>quicunque</span> <span class='ocrx_word' id='word_1_234' title='bbox 1254 1844 1296 1884; x_wconf 91' lang='lat' dir='ltr'>id</span> <span class='ocrx_word' id='word_1_235' title='bbox 1335 1844 1535 1891; x_wconf 85' lang='lat' dir='ltr'>fecerunt,</span> <span class='ocrx_word' id='word_1_236' title='bbox 1575 1844 1683 1897; x_wconf 87' lang='lat' dir='ltr'>quod</span> <span class='ocrx_word' id='word_1_237' title='bbox 1721 1844 1813 1884; x_wconf 88' lang='lat' dir='ltr'>istis</span> 
     </span>
     <span class='ocr_line' id='line_1_32' title="bbox 306 1898 1813 1954; baseline 0.003 -19"><span class='ocrx_word' id='word_1_238' title='bbox 306 1901 446 1937; x_wconf 79' lang='lat' dir='ltr'>essent</span> <span class='ocrx_word' id='word_1_239' title='bbox 471 1898 757 1951; x_wconf 85' lang='lat' dir='ltr'>sapientiores.</span> <span class='ocrx_word' id='word_1_240' title='bbox 819 1900 913 1939; x_wconf 93' lang='lat' dir='ltr'>Non</span> <span class='ocrx_word' id='word_1_241' title='bbox 944 1900 1184 1941; x_wconf 87' lang='lat' dir='ltr'>nominatur</span> <span class='ocrx_word' id='word_1_242' title='bbox 1205 1901 1275 1954; x_wconf 92' lang='lat' dir='ltr'>qui</span> <span class='ocrx_word' id='word_1_243' title='bbox 1297 1900 1454 1940; x_wconf 87' lang='lat' dir='ltr'>fecerit.</span> <span class='ocrx_word' id='word_1_244' title='bbox 1489 1900 1683 1940; x_wconf 82' lang='lat' dir='ltr'>REISK.</span> <span class='ocrx_word' id='word_1_245' title='bbox 1746 1901 1813 1940; x_wconf 90' lang='lat' dir='ltr'>In-</span> 
     </span>
     <span class='ocr_line' id='line_1_33' title="bbox 308 1952 1580 2007; baseline 0.003 -16"><span class='ocrx_word' id='word_1_246' title='bbox 308 1952 544 2007; x_wconf 75' lang='lat' dir='ltr'>telligenda,</span> <span class='ocrx_word' id='word_1_247' title='bbox 567 1960 614 1994; x_wconf 89' lang='lat' dir='ltr'>ut</span> <span class='ocrx_word' id='word_1_248' title='bbox 635 1955 829 2003; x_wconf 76' lang='lat' dir='ltr'>arbitror,</span> <span class='ocrx_word' id='word_1_249' title='bbox 851 1956 978 1996; x_wconf 83' lang='lat' dir='ltr'>factio</span> <span class='ocrx_word' id='word_1_250' title='bbox 1002 1957 1288 1997; x_wconf 86' lang='lat' dir='ltr'>Macedonica.</span> <span class='ocrx_word' id='word_1_251' title='bbox 1331 1956 1580 1996; x_wconf 83' lang='lat' dir='ltr'>SCHAEF.</span> 
     </span>
    </p>

    <p class='ocr_par' dir='ltr' id='par_1_12' title="bbox 305 2011 1813 2679">
     <span class='ocr_line' id='line_1_34' title="bbox 364 2011 1811 2066; baseline 0.004 -18"><span class='ocrx_word' id='word_1_252' title='bbox 364 2011 459 2062; x_wconf 69' lang='lat'>358„</span> <span class='ocrx_word' id='word_1_253' title='bbox 484 2012 544 2049; x_wconf 84' lang='lat'>16.</span> <span class='ocrx_word' id='word_1_254' title='bbox 573 2011 616 2050; x_wconf 84' lang='grc' dir='ltr'>τὸ</span> <span class='ocrx_word' id='word_1_255' title='bbox 642 2013 716 2062; x_wconf 79' lang='grc' dir='ltr'>γὰρ</span> <span class='ocrx_word' id='word_1_256' title='bbox 741 2012 836 2063; x_wconf 81' lang='grc' dir='ltr'>πρὸς</span> <span class='ocrx_word' id='word_1_257' title='bbox 863 2013 983 2063; x_wconf 81' lang='grc' dir='ltr'>ἄνδρα</span> <span class='ocrx_word' id='word_1_258' title='bbox 1009 2029 1039 2051; x_wconf 85' lang='grc' dir='ltr'>κ.</span> <span class='ocrx_word' id='word_1_259' title='bbox 1058 2030 1089 2051; x_wconf 92' lang='grc' dir='ltr'>τ.</span> <span class='ocrx_word' id='word_1_260' title='bbox 1113 2012 1174 2066; x_wconf 90' lang='grc' dir='ltr'>λ.]</span> <span class='ocrx_word' id='word_1_261' title='bbox 1207 2012 1415 2053; x_wconf 81' lang='lat' dir='ltr'>Aristides</span> <span class='ocrx_word' id='word_1_262' title='bbox 1436 2012 1487 2052; x_wconf 85' lang='lat' dir='ltr'>de</span> <span class='ocrx_word' id='word_1_263' title='bbox 1508 2013 1564 2052; x_wconf 88' lang='lat' dir='ltr'>D.</span> <span class='ocrx_word' id='word_1_264' title='bbox 1589 2012 1633 2052; x_wconf 83' lang='lat' dir='ltr'>C.</span> <span class='ocrx_word' id='word_1_265' title='bbox 1654 2027 1693 2066; x_wconf 90' lang='lat' dir='ltr'>p.</span> <span class='ocrx_word' id='word_1_266' title='bbox 1718 2025 1811 2063; x_wconf 83' lang='lat'>214.</span> 
     </span>
     <span class='ocr_line' id='line_1_35' title="bbox 305 2064 1812 2119; baseline 0.003 -15"><span class='ocrx_word' id='word_1_267' title='bbox 305 2065 370 2104; x_wconf 84' lang='grc' dir='ltr'>ἵνα</span> <span class='ocrx_word' id='word_1_268' title='bbox 392 2064 422 2104; x_wconf 84' lang='grc' dir='ltr'>δ’</span> <span class='ocrx_word' id='word_1_269' title='bbox 442 2066 497 2105; x_wconf 76' lang='grc' dir='ltr'>ἔτι</span> <span class='ocrx_word' id='word_1_270' title='bbox 519 2067 770 2117; x_wconf 81' lang='grc' dir='ltr'>σαφέστερόν</span> <span class='ocrx_word' id='word_1_271' title='bbox 792 2085 856 2107; x_wconf 89' lang='grc' dir='ltr'>σοι</span> <span class='ocrx_word' id='word_1_272' title='bbox 884 2068 1039 2119; x_wconf 83' lang='grc' dir='ltr'>γένηται</span> <span class='ocrx_word' id='word_1_273' title='bbox 1066 2070 1202 2109; x_wconf 83' lang='grc' dir='ltr'>ὁποῖόν</span> <span class='ocrx_word' id='word_1_274' title='bbox 1222 2070 1262 2108; x_wconf 81' lang='grc' dir='ltr'>τί</span> <span class='ocrx_word' id='word_1_275' title='bbox 1287 2070 1370 2108; x_wconf 80' lang='grc' dir='ltr'>ἐστι</span> <span class='ocrx_word' id='word_1_276' title='bbox 1391 2068 1434 2107; x_wconf 83' lang='grc' dir='ltr'>τὸ</span> <span class='ocrx_word' id='word_1_277' title='bbox 1457 2070 1518 2107; x_wconf 78' lang='grc' dir='ltr'>διὰ</span> <span class='ocrx_word' id='word_1_278' title='bbox 1542 2067 1664 2118; x_wconf 82' lang='grc' dir='ltr'>μέσου</span> <span class='ocrx_word' id='word_1_279' title='bbox 1690 2069 1812 2119; x_wconf 80' lang='grc' dir='ltr'>ἐμβα-</span> 
     </span>
     <span class='ocr_line' id='line_1_36' title="bbox 306 2122 1813 2177; baseline 0.003 -18"><span class='ocrx_word' id='word_1_280' title='bbox 306 2124 394 2159; x_wconf 87' lang='grc' dir='ltr'>λεῖν</span> <span class='ocrx_word' id='word_1_281' title='bbox 414 2123 536 2161; x_wconf 86' lang='grc' dir='ltr'>πλείω</span> <span class='ocrx_word' id='word_1_282' title='bbox 559 2122 743 2173; x_wconf 78' lang='grc' dir='ltr'>νοήματα,</span> <span class='ocrx_word' id='word_1_283' title='bbox 767 2125 892 2163; x_wconf 84' lang='grc' dir='ltr'>ἐκεῖνο</span> <span class='ocrx_word' id='word_1_284' title='bbox 920 2123 1175 2175; x_wconf 83' lang='grc' dir='ltr'>σαφέστατον</span> <span class='ocrx_word' id='word_1_285' title='bbox 1196 2124 1437 2176; x_wconf 83' lang='grc' dir='ltr'>παράδειγμα</span> <span class='ocrx_word' id='word_1_286' title='bbox 1465 2126 1508 2164; x_wconf 89' lang='grc' dir='ltr'>ἐν</span> <span class='ocrx_word' id='word_1_287' title='bbox 1528 2124 1578 2177; x_wconf 72' lang='grc' dir='ltr'>τῷ</span> <span class='ocrx_word' id='word_1_288' title='bbox 1600 2127 1665 2174; x_wconf 85' lang='grc' dir='ltr'>τῆς</span> <span class='ocrx_word' id='word_1_289' title='bbox 1691 2141 1813 2175; x_wconf 87' lang='grc' dir='ltr'>παρα-</span> 
     </span>
     <span class='ocr_line' id='line_1_37' title="bbox 306 2178 1813 2231; baseline 0.004 -17"><span class='ocrx_word' id='word_1_290' title='bbox 306 2178 534 2225; x_wconf 78' lang='grc' dir='ltr'>πρεσβείας·</span> <span class='ocrx_word' id='word_1_291' title='bbox 566 2178 609 2216; x_wconf 79' lang='grc' dir='ltr'>τὸ</span> <span class='ocrx_word' id='word_1_292' title='bbox 637 2181 712 2229; x_wconf 72' lang='grc' dir='ltr'>γὰρ</span> <span class='ocrx_word' id='word_1_293' title='bbox 733 2180 828 2229; x_wconf 81' lang='grc' dir='ltr'>πρὸς</span> <span class='ocrx_word' id='word_1_294' title='bbox 856 2181 977 2230; x_wconf 82' lang='grc' dir='ltr'>ἄνδρα</span> <span class='ocrx_word' id='word_1_295' title='bbox 998 2181 1243 2228; x_wconf 69' lang='grc' dir='ltr'>θνητὸν-ἓν</span> <span class='ocrx_word' id='word_1_296' title='bbox 1264 2182 1387 2230; x_wconf 88' lang='grc' dir='ltr'>νόημα</span> <span class='ocrx_word' id='word_1_297' title='bbox 1416 2181 1457 2219; x_wconf 83' lang='grc' dir='ltr'>ἐκ</span> <span class='ocrx_word' id='word_1_298' title='bbox 1483 2181 1813 2231; x_wconf 78' lang='grc' dir='ltr'>προσώπου--καὶ</span> 
     </span>
     <span class='ocr_line' id='line_1_38' title="bbox 307 2233 1812 2287; baseline 0.004 -18"><span class='ocrx_word' id='word_1_299' title='bbox 307 2233 369 2270; x_wconf 77' lang='grc' dir='ltr'>διὰ</span> <span class='ocrx_word' id='word_1_300' title='bbox 401 2234 552 2283; x_wconf 83' lang='grc' dir='ltr'>καιρούς</span> <span class='ocrx_word' id='word_1_301' title='bbox 583 2250 688 2275; x_wconf 79' lang='grc' dir='ltr'>τινας</span> <span class='ocrx_word' id='word_1_302' title='bbox 721 2236 920 2286; x_wconf 66' lang='grc' dir='ltr'>ἰσχύοντα,</span> <span class='ocrx_word' id='word_1_303' title='bbox 947 2235 1153 2286; x_wconf 78' lang='grc' dir='ltr'>γράφοντα</span> <span class='ocrx_word' id='word_1_304' title='bbox 1184 2236 1337 2287; x_wconf 81' lang='grc' dir='ltr'>εἰρήνην</span> <span class='ocrx_word' id='word_1_305' title='bbox 1363 2235 1570 2284; x_wconf 83' lang='grc' dir='ltr'>ἀθάνατον,</span> <span class='ocrx_word' id='word_1_306' title='bbox 1598 2235 1812 2275; x_wconf 84' lang='grc' dir='ltr'>συνθέσθαι</span> 
     </span>
     <span class='ocr_line' id='line_1_39' title="bbox 307 2287 1812 2343; baseline 0.005 -19"><span class='ocrx_word' id='word_1_307' title='bbox 307 2287 376 2335; x_wconf 75' lang='grc' dir='ltr'>τὴν</span> <span class='ocrx_word' id='word_1_308' title='bbox 399 2290 494 2327; x_wconf 81' lang='grc' dir='ltr'>κατὰ</span> <span class='ocrx_word' id='word_1_309' title='bbox 521 2291 586 2337; x_wconf 85' lang='grc' dir='ltr'>τῆς</span> <span class='ocrx_word' id='word_1_310' title='bbox 611 2291 761 2331; x_wconf 83' lang='grc' dir='ltr'>πόλεως</span> <span class='ocrx_word' id='word_1_311' title='bbox 792 2292 1084 2342; x_wconf 80' lang='grc' dir='ltr'>αἰσχύνην-τὸ</span> <span class='ocrx_word' id='word_1_312' title='bbox 1112 2295 1269 2343; x_wconf 79' lang='grc' dir='ltr'>πρᾶγμα</span> <span class='ocrx_word' id='word_1_313' title='bbox 1297 2292 1340 2330; x_wconf 84' lang='grc' dir='ltr'>τὸ</span> <span class='ocrx_word' id='word_1_314' title='bbox 1370 2292 1590 2342; x_wconf 83' lang='grc' dir='ltr'>γινόμενον.</span> <span class='ocrx_word' id='word_1_315' title='bbox 1638 2291 1681 2331; x_wconf 81' lang='grc' dir='ltr'>τὸ</span> <span class='ocrx_word' id='word_1_316' title='bbox 1703 2290 1732 2330; x_wconf 78' lang='grc' dir='ltr'>δ’</span> <span class='ocrx_word' id='word_1_317' title='bbox 1752 2293 1812 2331; x_wconf 62' lang='grc' dir='ltr'>ἐπ’</span> 
     </span>
     <span class='ocr_line' id='line_1_40' title="bbox 307 2343 1811 2397; baseline 0.003 -16"><span class='ocrx_word' id='word_1_318' title='bbox 307 2343 407 2396; x_wconf 73' lang='grc' dir='ltr'>αὐτῷ</span> <span class='ocrx_word' id='word_1_319' title='bbox 441 2343 503 2382; x_wconf 83' lang='grc' dir='ltr'>καὶ</span> <span class='ocrx_word' id='word_1_320' title='bbox 538 2346 641 2384; x_wconf 83' lang='grc' dir='ltr'>οὔπω</span> <span class='ocrx_word' id='word_1_321' title='bbox 679 2345 921 2395; x_wconf 83' lang='grc' dir='ltr'>ἀπήρτισται,</span> <span class='ocrx_word' id='word_1_322' title='bbox 956 2346 1044 2385; x_wconf 83' lang='grc' dir='ltr'>ἀλλ’</span> <span class='ocrx_word' id='word_1_323' title='bbox 1069 2347 1313 2396; x_wconf 81' lang='grc' dir='ltr'>ἐπεμβάλλει</span> <span class='ocrx_word' id='word_1_324' title='bbox 1348 2347 1481 2386; x_wconf 81' lang='grc' dir='ltr'>πάλιν’</span> <span class='ocrx_word' id='word_1_325' title='bbox 1521 2351 1599 2388; x_wconf 83' lang='grc' dir='ltr'>πῶς</span> <span class='ocrx_word' id='word_1_326' title='bbox 1634 2349 1708 2397; x_wconf 78' lang='grc' dir='ltr'>γὰρ</span> <span class='ocrx_word' id='word_1_327' title='bbox 1743 2347 1811 2387; x_wconf 81' lang='grc' dir='ltr'>οὐκ</span> 
     </span>
     <span class='ocr_line' id='line_1_41' title="bbox 306 2399 1811 2454; baseline 0.004 -18"><span class='ocrx_word' id='word_1_328' title='bbox 306 2399 544 2450; x_wconf 70' lang='grc' dir='ltr'>αἰσχρὸν-.</span> <span class='ocrx_word' id='word_1_329' title='bbox 607 2400 688 2440; x_wconf 83' lang='lat' dir='ltr'>Sed</span> <span class='ocrx_word' id='word_1_330' title='bbox 718 2401 783 2440; x_wconf 89' lang='lat' dir='ltr'>hic</span> <span class='ocrx_word' id='word_1_331' title='bbox 814 2415 956 2440; x_wconf 85' lang='lat' dir='ltr'>rursus</span> <span class='ocrx_word' id='word_1_332' title='bbox 987 2401 1099 2441; x_wconf 87' lang='lat' dir='ltr'>Iocus</span> <span class='ocrx_word' id='word_1_333' title='bbox 1128 2402 1292 2442; x_wconf 88' lang='lat' dir='ltr'>aliunde</span> <span class='ocrx_word' id='word_1_334' title='bbox 1323 2402 1479 2454; x_wconf 86' lang='lat' dir='ltr'>petitus</span> <span class='ocrx_word' id='word_1_335' title='bbox 1510 2406 1586 2450; x_wconf 77' lang='lat' dir='ltr'>est⁷</span> <span class='ocrx_word' id='word_1_336' title='bbox 1609 2402 1764 2442; x_wconf 80' lang='lat' dir='ltr'>scilicet</span> <span class='ocrx_word' id='word_1_337' title='bbox 1789 2418 1811 2442; x_wconf 86' lang='lat' dir='ltr'>o</span> 
     </span>
     <span class='ocr_line' id='line_1_42' title="bbox 307 2455 1810 2510; baseline 0.004 -18"><span class='ocrx_word' id='word_1_338' title='bbox 307 2468 345 2506; x_wconf 90' lang='lat' dir='ltr'>p.</span> <span class='ocrx_word' id='word_1_339' title='bbox 378 2455 473 2507; x_wconf 81' lang='lat'>381,</span> <span class='ocrx_word' id='word_1_340' title='bbox 509 2468 572 2509; x_wconf 71' lang='lat'>23.</span> <span class='ocrx_word' id='word_1_341' title='bbox 645 2456 783 2507; x_wconf 70' lang='lat' dir='ltr'>Quare</span> <span class='ocrx_word' id='word_1_342' title='bbox 819 2457 1005 2510; x_wconf 89' lang='lat' dir='ltr'>suspicor</span> <span class='ocrx_word' id='word_1_343' title='bbox 1040 2462 1134 2510; x_wconf 88' lang='lat' dir='ltr'>post</span> <span class='ocrx_word' id='word_1_344' title='bbox 1171 2458 1415 2508; x_wconf 82' lang='grc' dir='ltr'>ἐπεμβάλλει</span> <span class='ocrx_word' id='word_1_345' title='bbox 1450 2458 1618 2497; x_wconf 84' lang='lat' dir='ltr'>deesse:</span> <span class='ocrx_word' id='word_1_346' title='bbox 1666 2462 1735 2498; x_wconf 86' lang='grc' dir='ltr'>νῦν</span> <span class='ocrx_word' id='word_1_347' title='bbox 1766 2459 1810 2498; x_wconf 83' lang='grc' dir='ltr'>τὸ</span> 
     </span>
     <span class='ocr_line' id='line_1_43' title="bbox 308 2508 1812 2567; baseline 0.004 -19"><span class='ocrx_word' id='word_1_348' title='bbox 308 2508 437 2559; x_wconf 82' lang='grc' dir='ltr'>πέρας·</span> <span class='ocrx_word' id='word_1_349' title='bbox 469 2515 548 2552; x_wconf 85' lang='grc' dir='ltr'>πῶς</span> <span class='ocrx_word' id='word_1_350' title='bbox 570 2513 656 2563; x_wconf 86' lang='grc' dir='ltr'>οὐχὶ</span> <span class='ocrx_word' id='word_1_351' title='bbox 677 2512 903 2558; x_wconf 82' lang='grc' dir='ltr'>πάνδεινον;</span> <span class='ocrx_word' id='word_1_352' title='bbox 939 2513 1044 2552; x_wconf 88' lang='lat' dir='ltr'>Tum</span> <span class='ocrx_word' id='word_1_353' title='bbox 1071 2513 1258 2566; x_wconf 88' lang='lat' dir='ltr'>sequitur</span> <span class='ocrx_word' id='word_1_354' title='bbox 1284 2528 1435 2553; x_wconf 88' lang='lat' dir='ltr'>novum</span> <span class='ocrx_word' id='word_1_355' title='bbox 1461 2514 1716 2567; x_wconf 86' lang='lat' dir='ltr'>exemplum:</span> <span class='ocrx_word' id='word_1_356' title='bbox 1751 2515 1812 2554; x_wconf 87' lang='grc' dir='ltr'>καὶ</span> 
     </span>
     <span class='ocr_line' id='line_1_44' title="bbox 307 2565 1810 2618; baseline 0.004 -14"><span class='ocrx_word' id='word_1_357' title='bbox 307 2565 502 2606; x_wconf 71' lang='grc' dir='ltr'>πάλιν-.</span> <span class='ocrx_word' id='word_1_358' title='bbox 537 2567 728 2607; x_wconf 79' lang='lat' dir='ltr'>REISK.</span> <span class='ocrx_word' id='word_1_359' title='bbox 798 2568 909 2608; x_wconf 85' lang='lat' dir='ltr'>Nihil</span> <span class='ocrx_word' id='word_1_360' title='bbox 938 2569 1102 2609; x_wconf 81' lang='lat' dir='ltr'>videtur</span> <span class='ocrx_word' id='word_1_361' title='bbox 1136 2570 1177 2608; x_wconf 90' lang='lat' dir='ltr'>in</span> <span class='ocrx_word' id='word_1_362' title='bbox 1209 2569 1414 2609; x_wconf 86' lang='lat' dir='ltr'>Technico</span> <span class='ocrx_word' id='word_1_363' title='bbox 1450 2569 1662 2618; x_wconf 81' lang='lat' dir='ltr'>excidisse,</span> <span class='ocrx_word' id='word_1_364' title='bbox 1696 2570 1810 2610; x_wconf 89' lang='lat' dir='ltr'>dum-</span> 
     </span>
     <span class='ocr_line' id='line_1_45' title="bbox 306 2621 1550 2679; baseline 0.005 -21"><span class='ocrx_word' id='word_1_365' title='bbox 306 2621 429 2660; x_wconf 89' lang='lat' dir='ltr'>modo</span> <span class='ocrx_word' id='word_1_366' title='bbox 452 2627 547 2675; x_wconf 86' lang='lat' dir='ltr'>post</span> <span class='ocrx_word' id='word_1_367' title='bbox 570 2624 814 2674; x_wconf 82' lang='grc' dir='ltr'>ἐπεμβάλλει</span> <span class='ocrx_word' id='word_1_368' title='bbox 834 2624 952 2677; x_wconf 90' lang='lat' dir='ltr'>plene</span> <span class='ocrx_word' id='word_1_369' title='bbox 974 2625 1255 2679; x_wconf 75' lang='lat' dir='ltr'>interpimgas.</span> <span class='ocrx_word' id='word_1_370' title='bbox 1299 2625 1550 2665; x_wconf 78' lang='lat' dir='ltr'>SCHAEF.</span> 
     </span>
    </p>

    <p class='ocr_par' dir='ltr' id='par_1_13' title="bbox 308 2677 1809 2788">
     <span class='ocr_line' id='line_1_46' title="bbox 363 2677 1809 2735; baseline 0.004 -20"><span class='ocrx_word' id='word_1_371' title='bbox 363 2677 543 2730; x_wconf 73' lang='lat'>358‚17.</span> <span class='ocrx_word' id='word_1_372' title='bbox 571 2680 783 2732; x_wconf 79' lang='grc' dir='ltr'>ἀθάνατον]</span> <span class='ocrx_word' id='word_1_373' title='bbox 823 2681 1002 2733; x_wconf 82' lang='lat' dir='ltr'>Oportet</span> <span class='ocrx_word' id='word_1_374' title='bbox 1037 2696 1118 2721; x_wconf 92' lang='lat' dir='ltr'>non</span> <span class='ocrx_word' id='word_1_375' title='bbox 1154 2682 1207 2721; x_wconf 87' lang='lat' dir='ltr'>ad</span> <span class='ocrx_word' id='word_1_376' title='bbox 1242 2696 1379 2721; x_wconf 73' lang='lat' dir='ltr'>vocem</span> <span class='ocrx_word' id='word_1_377' title='bbox 1418 2681 1582 2731; x_wconf 84' lang='grc' dir='ltr'>εἰρήνην,</span> <span class='ocrx_word' id='word_1_378' title='bbox 1616 2686 1663 2721; x_wconf 88' lang='lat' dir='ltr'>ut</span> <span class='ocrx_word' id='word_1_379' title='bbox 1690 2681 1809 2735; x_wconf 81' lang='lat' dir='ltr'>vulgo</span> 
     </span>
     <span class='ocr_line' id='line_1_47' title="bbox 308 2731 1561 2788; baseline 0.005 -18"><span class='ocrx_word' id='word_1_380' title='bbox 308 2731 412 2772; x_wconf 84' lang='lat' dir='ltr'>solet</span> <span class='ocrx_word' id='word_1_381' title='bbox 433 2733 533 2781; x_wconf 69' lang='lat' dir='ltr'>fieri,</span> <span class='ocrx_word' id='word_1_382' title='bbox 558 2735 629 2774; x_wconf 81' lang='lat' dir='ltr'>sed</span> <span class='ocrx_word' id='word_1_383' title='bbox 650 2736 702 2775; x_wconf 87' lang='lat' dir='ltr'>ad</span> <span class='ocrx_word' id='word_1_384' title='bbox 726 2738 918 2788; x_wconf 80' lang='grc' dir='ltr'>αἰσχύνην</span> <span class='ocrx_word' id='word_1_385' title='bbox 938 2738 1257 2777; x_wconf 64' lang='lat' dir='ltr'>accommodari.</span> <span class='ocrx_word' id='word_1_386' title='bbox 1303 2737 1561 2777; x_wconf 77' lang='lat' dir='ltr'>TAYLOR.</span> 
     </span>
    </p>

    <p class='ocr_par' dir='ltr' id='par_1_14' title="bbox 364 2789 1808 2847">
     <span class='ocr_line' id='line_1_48' title="bbox 364 2789 1808 2847; baseline 0.004 -21"><span class='ocrx_word' id='word_1_387' title='bbox 364 2789 458 2840; x_wconf 74' lang='lat'>358,</span> <span class='ocrx_word' id='word_1_388' title='bbox 488 2802 551 2829; x_wconf 78' lang='lat'>21.</span> <span class='ocrx_word' id='word_1_389' title='bbox 583 2791 670 2832; x_wconf 81' lang='grc' dir='ltr'>τοὺς</span> <span class='ocrx_word' id='word_1_390' title='bbox 701 2791 1082 2847; x_wconf 71' lang='grc' dir='ltr'>ἄντας’Λθηναίους]</span> <span class='ocrx_word' id='word_1_391' title='bbox 1119 2792 1372 2833; x_wconf 65' lang='lat' dir='ltr'>Athenienses</span> <span class='ocrx_word' id='word_1_392' title='bbox 1410 2793 1479 2846; x_wconf 69' lang='lat' dir='ltr'>qui</span> <span class='ocrx_word' id='word_1_393' title='bbox 1518 2807 1621 2833; x_wconf 69' lang='lat' dir='ltr'>omme</span> <span class='ocrx_word' id='word_1_394' title='bbox 1661 2793 1808 2833; x_wconf 72' lang='lat' dir='ltr'>vivunt.</span> 
     </span>
    </p>
   </div>
   <div class='ocr_carea' id='block_1_3' title="bbox 310 2841 1080 2899">
    <p class='ocr_par' dir='ltr' id='par_1_15' title="bbox 310 2841 1080 2899">
     <span class='ocr_line' id='line_1_49' title="bbox 310 2841 1080 2899; baseline 0.009 -19"><span class='ocrx_word' id='word_1_395' title='bbox 310 2841 361 2881; x_wconf 72' lang='lat' dir='ltr'>V.</span> <span class='ocrx_word' id='word_1_396' title='bbox 385 2849 469 2883; x_wconf 81' lang='lat' dir='ltr'>not,</span> <span class='ocrx_word' id='word_1_397' title='bbox 492 2845 544 2883; x_wconf 84' lang='lat' dir='ltr'>ad</span> <span class='ocrx_word' id='word_1_398' title='bbox 569 2861 605 2898; x_wconf 84' lang='lat' dir='ltr'>p.</span> <span class='ocrx_word' id='word_1_399' title='bbox 630 2849 696 2899; x_wconf 74' lang='lat'>69.</span> <span class='ocrx_word' id='word_1_400' title='bbox 722 2859 783 2899; x_wconf 60' lang='lat'>23.</span> <span class='ocrx_word' id='word_1_401' title='bbox 828 2848 1080 2887; x_wconf 77' lang='lat' dir='ltr'>SCHAEF.</span> 
     </span>
    </p>
   </div>
  </div>
 </body>
</html>
