1914 3184
278 153 334 190 54
673 152 1071 193 OLYNTHIACA
1105 151 1397 193 SECUNDA.

278 260 368 295 tum
396 260 563 296 tantum
591 257 642 296 de
672 256 733 304 iis,
758 270 862 309 quae
891 270 984 296 cum
1007 255 1201 308 Philippo
1232 255 1488 309 pepigerant,
1512 261 1711 310 egerunt3
1745 257 1786 297 in

278 311 474 351 concione
504 312 604 351 nihil
635 313 791 352 dictum
823 316 887 352 est
918 311 996 350 nisi
1026 311 1115 359 hoc,
1147 311 1386 365 Philippum
1416 326 1567 366 magna
1596 317 1639 353 et
1670 327 1787 366 prae·

279 368 393 407 clara
430 368 759 408 Atheniensibus
793 367 1021 421 pollicitum
1057 381 1158 414 esse,
1197 367 1268 406 sed
1304 382 1507 420 quaenam
1548 368 1616 408 illa
1649 374 1788 409 essent

277 438 371 462 cum
408 423 598 463 omnibus
634 423 929 463 communicari
970 437 1051 463 non
1087 437 1219 476 posse.
1292 424 1519 463 Commoda
1559 424 1638 473 illa,
1682 439 1787 477 quae

279 479 417 532 qualia
449 485 588 520 essent
617 480 868 527 nesciebant,
892 479 963 518 sed
993 493 1221 532 permagna
1251 493 1340 519 esse
1370 479 1487 519 facile
1519 480 1595 520 sibi
1620 495 1787 533 persuafl

278 535 446 583 debant,
470 535 619 575 deinde
647 535 829 574 omnium
854 534 1113 574 sermonibus
1137 535 1423 588 jactabantur.
1485 536 1544 576 Of.
1568 536 1784 589 Aristoph.

280 591 357 644 Eq.
392 593 499 644 653:
541 593 645 643 κάγὼ
670 591 822 642 ’φρασα
847 592 976 632 αὐτοῖς
1008 592 1225 642 ἀπόρρητον
1250 591 1527 641 ποιησάμενος.
1578 592 1785 632 Andocid.

276 662 315 700 p.
341 659 404 694 20,
428 649 466 686 6.
487 663 494 686 :
529 648 850 698 εἰσαγγείλαντός
869 664 942 696 μου
964 648 1159 697 ἀπόρρητα
1182 649 1235 688 εἰς
1256 647 1325 696 τὴν
1352 648 1516 697 βουλήν.
1549 647 1637 687 coll.
1660 663 1699 701 p.
1720 661 1784 696 21,

284 715 343 742 10.
366 707 408 742 et
437 704 497 742 16.
558 703 814 756 Oxymorum
847 717 943 742 vero
971 702 1012 741 in
1045 702 1180 742 verbis
1201 703 1244 742 τὸ
1273 705 1537 753 θρυλούμενον
1570 705 1787 754 ἀπόρρητον

277 772 358 797 11011
396 758 528 798 inest:
573 773 706 812 neque
742 758 851 798 enim
881 758 1160 798 Athenienses
1191 758 1378 798 sciebant
1410 758 1509 811 quid
1539 759 1665 812 legati
1693 773 1785 798 cum

277 818 424 854 senatu
442 814 634 868 egissent,
653 815 725 854 sed
746 829 899 854 arcana
915 814 991 854 illa
1013 814 1271 854 sermonibus
1288 814 1372 854 suis
1388 815 1563 854 multum
1586 815 1787 855 immisce-

277 870 394 910 bant.
428 870 640 910 sAUPP.
702 870 974 911 Charidemus
1004 875 1144 910 autem
1178 870 1242 910 ille
1275 870 1460 910 diversus
1481 875 1545 910 est
1566 871 1618 910 ab
1642 870 1786 910 Chari-

277 926 398 966 demo
420 926 554 975 Orita,
578 941 700 981 quem
722 927 1026 966 Demosthenes
1059 926 1099 965 in
1121 926 1311 966 oratione
1342 926 1382 965 in
1406 926 1715 966 Aristocratem
1743 931 1787 966 et

275 982 373 1021 alibi
396 983 654 1023 memoravit.
717 982 770 1022 V.
796 982 1039 1022 Winiewsk.
1062 982 1293 1022 Comment.
1316 997 1355 1036 p.
1377 995 1473 1034 310.

341 1051 400 1087 ιι),
426 1050 490 1088 27.
523 1039 826 1090 κατασκευάσαι]
857 1038 1163 1078 κατασκευάσειν
1183 1042 1327 1077 tuetur
1347 1038 1606 1085 Seliaeferus,
1630 1037 1788 1090 pariter

275 1098 402 1146 atque
424 1096 671 1144 παραδώσειν
692 1109 743 1133 ex
776 1108 824 1133 eo
854 1094 964 1146 quod
996 1094 1209 1146 praecedit
1231 1093 1401 1144 φάσκειν
1422 1094 1601 1147 pendere
1632 1092 1785 1133 dicens.

277 1149 358 1189 Sed
380 1149 559 1203 primum
576 1150 675 1189 illud
696 1149 842 1203 ipsum,
859 1150 969 1202 quod
992 1149 1209 1203 Philippus
1226 1150 1411 1189 facturus
1427 1155 1530 1196 erat,
1550 1150 1636 1202 jam
1661 1154 1788 1190 antea,

276 1205 434 1245 dictum
455 1211 531 1252 est,
547 1220 641 1245 eum
664 1205 947 1259 Amphipolim
968 1205 1223 1245 traditurum
1244 1219 1358 1251 esse3
1394 1205 1541 1245 deinde
1558 1205 1619 1244 uti
1641 1211 1787 1258 postea

277 1260 431 1309 ἐξελεῖν
453 1263 514 1301 καὶ
536 1263 715 1311 ἀδικῆσαι
735 1266 779 1301 et
798 1261 1045 1313 ὑποσχέσθαι
1068 1262 1128 1300 καὶ
1150 1261 1413 1310 ἀναδέξασθαι
1433 1261 1654 1314 conjuncta
1675 1266 1785 1309 sunt,

277 1316 333 1355 sic
351 1317 478 1357 etiam
495 1318 572 1357 1100
588 1318 677 1356 1000
694 1317 776 1356 duo
793 1318 918 1357 verba
935 1334 942 1357 :
967 1316 1136 1367 φάσκειν
1154 1318 1215 1356 καὶ
1232 1317 1530 1362 κατασκευάσαι,
1550 1322 1596 1357 ut
1613 1316 1723 1356 inter
1743 1331 1787 1356 se

276 1373 596 1426 conjungantur,
630 1373 872 1426 symmetria
901 1373 1102 1426 postulat.
1135 1372 1433 1420 κατασκευάζειν
1454 1386 1550 1411 vero
1581 1386 1703 1425 saepe
1735 1373 1786 1412 de

276 1428 655 1469 machinationibus
676 1428 944 1469 clandestinis
966 1428 1142 1468 dicitur:
1176 1443 1215 1481 p.
1237 1430 1358 1481 558.:
1392 1430 1425 1468 εἰ
1446 1430 1487 1468 δὲ
1511 1429 1562 1477 μὴ
1582 1430 1787 1470 ποιοῦντός

277 1501 351 1523 σου
380 1486 660 1533 κατεσκεύαζόν
693 1502 794 1526 τινες
828 1485 1167 1534 καταψευδόμενοί
1189 1501 1273 1523 σου.
1296 1498 1335 1536 p.
1365 1496 1482 1534 1047.
1506 1489 1638 1524 extr.:
1674 1485 1787 1523 οὐδὲν

277 1541 380 1579 ἄλλο
402 1540 694 1587 κατασκευάζεις
709 1539 801 1589 ἣ-.
850 1539 1087 1593 Philippum
1106 1554 1203 1579 vero
1227 1554 1426 1579 arcanum
1451 1539 1549 1578 illud
1578 1539 1786 1579 machina-

278 1599 368 1635 tum
398 1610 488 1635 esse
510 1601 552 1635 et
577 1610 651 1649 per
672 1610 715 1636 se
736 1595 954 1636 verisimile
976 1600 1039 1635 est
1061 1600 1104 1635 et
1125 1595 1186 1643 iis,
1211 1609 1317 1648 quae
1339 1609 1464 1648 supra
1485 1595 1583 1644 dixi,
1601 1609 1785 1649 compro-

276 1651 414 1690 batur.
477 1651 688 1691 SAUPP.

340 1720 401 1759 19,
430 1719 494 1758 29.
528 1708 760 1759 Ποτίδαιαν]
792 1707 998 1746 Potidaea
1031 1706 1187 1757 (inedia
1215 1710 1378 1746 aestate
1410 1721 1447 1746 a.
1481 1709 1594 1759 356.)
1624 1706 1785 1747 tradita

279 1762 499 1815 Olynthios
519 1777 545 1802 a
568 1762 761 1816 Philippo
787 1763 983 1815 deceptos
1014 1776 1103 1802 esse
1133 1761 1235 1801 dicit
1267 1761 1393 1801 etiam
1419 1777 1457 1815 p.
1482 1772 1546 1813 70.
1580 1775 1664 1813 105.
1688 1764 1782 1815 659.

282 1817 562 1858 Athenienses
592 1832 688 1857 vero
723 1833 817 1857 cum
840 1818 1034 1870 Philippo
1067 1817 1309 1857 societatem
1341 1818 1568 1870 junxerant
1598 1833 1635 1857 a.
1662 1831 1685 1870 3
1690 1831 1781 1870 59.:

278 1888 336 1912 or.
358 1886 421 1927 23.
444 1889 482 1926 p.
501 1876 619 1913 660:
652 1874 812 1926 πέμψας
833 1875 873 1912 δὲ
900 1874 1104 1924 γράμματα
1133 1873 1400 1924 ἐπηγγέλλετο
1426 1874 1659 1925 (Φίλιππος)
1690 1874 1784 1913 ἕτοι-

277 1946 346 1978 μος
369 1929 466 1968 εἶναι
488 1931 713 1982 συμμαχίαν
738 1932 934 1969 ποιεῖσθαι
962 1930 1021 1968 καὶ
1042 1929 1112 1978 τὴν
1137 1928 1323 1979 πατρικὴν
1344 1930 1483 1981 φιλίαν
1509 1930 1783 1969 ἀνανεοῦσθαι.

338 2054 402 2089 20,
424 2054 458 2082 2.
491 2042 670 2094 ἐκείνοις]
700 2041 908 2095 Olynthiis
930 2046 1044 2094 puta.
1106 2040 1299 2080 REISK.

337 2097 563 2138 Θετταλοὺς
590 2097 649 2149 δὲ]
686 2097 794 2137 Nam
827 2104 870 2137 et
903 2097 943 2136 hi
978 2111 1059 2135 non
1093 2096 1228 2135 minus
1259 2111 1381 2149 quam
1414 2096 1601 2135 Thebani
1638 2095 1783 2148 templi

279 2152 467 2204 Delphici
501 2153 779 2192 defensionem
812 2157 1093 2205 susceperant.
1128 2152 1318 2191 WOLF.
1382 2152 1445 2191 Ut
1475 2151 1680 2205 intelligas
1701 2151 1783 2190 vim

278 2207 504 2246 accusativi
524 2209 761 2256 Θετταλοὺς,
779 2223 975 2261 compara
995 2222 1089 2247 cum
1110 2207 1173 2246 his
1194 2222 1301 2261 quae
1322 2208 1373 2246 de
1391 2207 1719 2247 Atheniensibus
1739 2211 1783 2246 et

279 2262 489 2315 Olynthiis
510 2262 622 2302 dicta
642 2268 752 2302 sunt.
815 2264 1032 2316 Philippus
1062 2264 1217 2302 abusus
1250 2268 1314 2302 est
1337 2263 1656 2302 Atheniensium
1689 2262 1782 2301 sim-

278 2318 477 2370 plicitate,
497 2318 789 2370 Olynthiorum
809 2318 1005 2358 amicitia.
1069 2318 1177 2356 Num
1200 2333 1282 2370 qua
1302 2333 1346 2357 re
1369 2318 1662 2357 Thessalorum
1682 2318 1782 2358 abu-

279 2387 348 2411 sus
369 2374 458 2413 est?
505 2373 593 2412 lmo
607 2388 703 2413 vero
724 2374 823 2427 ipsis
838 2373 1058 2421 Thessalis,
1077 2373 1227 2426 quippe
1243 2373 1557 2423 δεδουλωμένοις.
1591 2373 1644 2412 V.
1661 2388 1698 2412 v.
1721 2383 1781 2425 17.

280 2428 609 2468 SGHAEFER..

338 2497 401 2531 20,
424 2497 462 2536 3.
486 2485 742 2536 Μαγνησίαν]
779 2483 1056 2523 Athenienses
1079 2484 1295 2537 Philippus
1318 2483 1556 2537 Amphipoli
1579 2484 1782 2536 promissa

277 2539 457 2578 detinuit
488 2539 706 2591 quominus
738 2554 831 2578 cum
853 2539 1059 2592 Olynthiis
1091 2540 1235 2579 foedus
1268 2539 1449 2579 icerent:
1498 2539 1781 2593 Amphipolim

278 2609 359 2633 non
399 2594 593 2634 reddidit.
654 2594 874 2647 Olynthios
916 2595 1121 2635 Potidaea
1161 2595 1320 2635 tradita
1359 2595 1412 2634 ab
1454 2595 1782 2634 Atheniensibus

276 2650 550 2695 abalienavit;
585 2650 657 2689 sed
689 2650 826 2703 paullo
857 2655 952 2703 post
984 2651 1094 2704 ipsos
1126 2665 1346 2704 aggressus
1380 2655 1467 2695 est;
1502 2650 1553 2689 cf.
1574 2665 1614 2703 p.
1639 2661 1691 2701 70
1719 2664 1779 2704 sq.

279 2706 499 2745 Thessalos
520 2710 731 2758 postremo
753 2710 800 2745 ut
822 2706 906 2745 suis
927 2707 1050 2746 rebus
1078 2707 1296 2746 studerent
1317 2705 1494 2745 adduxit
1519 2705 1780 2759 Magnesiam

277 2761 505 2813 pollicendo
537 2766 579 2800 et
610 2761 761 2800 bellum
786 2761 998 2801 Phocense
1032 2762 1072 2800 in
1104 2777 1147 2801 se
1169 2761 1427 2814 suscipiendo
1454 2764 1506 2809 (a.
1528 2764 1672 2814 353.);
1707 2761 1780 2800 sed

281 2816 540 2869 Magnesiam
578 2831 658 2855 non
692 2816 864 2856 tradidit
904 2817 969 2866 (ef.
997 2819 1032 2867 ξ.
1064 2831 1121 2855 11.
1143 2831 1201 2856 or.
1233 2831 1262 2855 ι.
1289 2819 1413 2870 §.13
1449 2817 1548 2869 23.),
1583 2815 1779 2868 portoriis

278 2871 362 2923 ipse
395 2873 591 2911 utebatur
614 2878 671 2923 (1.
697 2874 732 2924 ξ.
758 2874 856 2924 23.).
881 2864 1055 2924 denique
1087 2887 1160 2912 suo
1181 2872 1356 2912 arbitrio
1378 2871 1515 2911 omnia
1537 2871 1778 2910 moderaba—
