<?xml version="1.0" encoding="UTF-8"?>
<!DOCTYPE html PUBLIC "-//W3C//DTD XHTML 1.0 Transitional//EN"
    "http://www.w3.org/TR/xhtml1/DTD/xhtml1-transitional.dtd">
<html xmlns="http://www.w3.org/1999/xhtml" xml:lang="en" lang="en">
 <head>
  <title>
</title>
<meta http-equiv="Content-Type" content="text/html;charset=utf-8" />
  <meta name='ocr-system' content='tesseract 3.04.00' />
  <meta name='ocr-capabilities' content='ocr_page ocr_carea ocr_par ocr_line ocrx_word'/>
</head>
<body>
  <div class='ocr_page' id='page_1' title='image "./operaexrecension05demouoft_0364.png"; bbox 0 0 1934 3179; ppageno 0'>
   <div class='ocr_carea' id='block_1_1' title="bbox 275 121 1452 162">
    <p class='ocr_par' dir='ltr' id='par_1_1' title="bbox 275 121 1452 162">
     <span class='ocr_line' id='line_1_1' title="bbox 275 121 1452 162; baseline -0.002 0"><span class='ocrx_word' id='word_1_1' title='bbox 275 124 360 162; x_wconf 70' lang='lat'>284</span> <span class='ocrx_word' id='word_1_2' title='bbox 609 122 690 161; x_wconf 88' lang='lat' dir='ltr'>DE</span> <span class='ocrx_word' id='word_1_3' title='bbox 726 122 1004 162; x_wconf 82' lang='lat' dir='ltr'>FOEDERE</span> <span class='ocrx_word' id='word_1_4' title='bbox 1038 121 1452 161; x_wconf 80' lang='lat' dir='ltr'>ALEXANDRIO.</span> 
     </span>
    </p>
   </div>
   <div class='ocr_carea' id='block_1_2' title="bbox 276 224 1784 390">
    <p class='ocr_par' dir='ltr' id='par_1_2' title="bbox 276 224 1784 390">
     <span class='ocr_line' id='line_1_2' title="bbox 277 224 1783 279; baseline -0.001 -13"><span class='ocrx_word' id='word_1_5' title='bbox 277 229 386 279; x_wconf 78' lang='grc' dir='ltr'>δεμιᾷ</span> <span class='ocrx_word' id='word_1_6' title='bbox 413 228 489 266; x_wconf 86' lang='grc' dir='ltr'>τῶν</span> <span class='ocrx_word' id='word_1_7' title='bbox 515 228 764 278; x_wconf 78' lang='grc' dir='ltr'>μετεχουσῶν</span> <span class='ocrx_word' id='word_1_8' title='bbox 793 228 858 274; x_wconf 82' lang='grc' dir='ltr'>τῆς</span> <span class='ocrx_word' id='word_1_9' title='bbox 885 225 1045 274; x_wconf 79' lang='grc' dir='ltr'>εἰρήνης.</span> <span class='ocrx_word' id='word_1_10' title='bbox 1110 224 1327 264; x_wconf 73' lang='lat' dir='ltr'>Sententia</span> <span class='ocrx_word' id='word_1_11' title='bbox 1349 224 1457 264; x_wconf 89' lang='lat' dir='ltr'>enim</span> <span class='ocrx_word' id='word_1_12' title='bbox 1483 228 1559 273; x_wconf 79' lang='lat' dir='ltr'>est,</span> <span class='ocrx_word' id='word_1_13' title='bbox 1582 225 1724 265; x_wconf 80' lang='lat' dir='ltr'>exules</span> <span class='ocrx_word' id='word_1_14' title='bbox 1746 225 1783 264; x_wconf 92' lang='lat' dir='ltr'>vi</span> 
     </span>
     <span class='ocr_line' id='line_1_3' title="bbox 276 280 1784 335; baseline -0.001 -14"><span class='ocrx_word' id='word_1_15' title='bbox 276 282 458 322; x_wconf 89' lang='lat' dir='ltr'>reditum</span> <span class='ocrx_word' id='word_1_16' title='bbox 481 282 521 320; x_wconf 89' lang='lat' dir='ltr'>in</span> <span class='ocrx_word' id='word_1_17' title='bbox 544 282 725 335; x_wconf 85' lang='lat' dir='ltr'>patriam</span> <span class='ocrx_word' id='word_1_18' title='bbox 750 281 802 332; x_wconf 87' lang='lat' dir='ltr'>(si</span> <span class='ocrx_word' id='word_1_19' title='bbox 825 295 874 320; x_wconf 88' lang='lat' dir='ltr'>ea</span> <span class='ocrx_word' id='word_1_20' title='bbox 896 280 952 321; x_wconf 90' lang='lat' dir='ltr'>sit</span> <span class='ocrx_word' id='word_1_21' title='bbox 974 295 1024 320; x_wconf 86' lang='lat' dir='ltr'>ex</span> <span class='ocrx_word' id='word_1_22' title='bbox 1045 280 1270 319; x_wconf 83' lang='lat' dir='ltr'>foederatis</span> <span class='ocrx_word' id='word_1_23' title='bbox 1292 280 1549 332; x_wconf 88' lang='lat' dir='ltr'>civitatibus)</span> <span class='ocrx_word' id='word_1_24' title='bbox 1569 280 1647 320; x_wconf 92' lang='lat' dir='ltr'>sibi</span> <span class='ocrx_word' id='word_1_25' title='bbox 1669 285 1784 334; x_wconf 82' lang='lat' dir='ltr'>pate-</span> 
     </span>
     <span class='ocr_line' id='line_1_4' title="bbox 276 335 1784 390; baseline -0.001 -14"><span class='ocrx_word' id='word_1_26' title='bbox 276 338 411 378; x_wconf 88' lang='lat' dir='ltr'>facere</span> <span class='ocrx_word' id='word_1_27' title='bbox 439 338 657 377; x_wconf 71' lang='lat' dir='ltr'>studentes</span> <span class='ocrx_word' id='word_1_28' title='bbox 684 337 724 375; x_wconf 92' lang='lat' dir='ltr'>in</span> <span class='ocrx_word' id='word_1_29' title='bbox 753 337 980 376; x_wconf 84' lang='lat' dir='ltr'>foederatis</span> <span class='ocrx_word' id='word_1_30' title='bbox 1002 335 1241 376; x_wconf 84' lang='lat' dir='ltr'>civitatibus</span> <span class='ocrx_word' id='word_1_31' title='bbox 1273 350 1405 389; x_wconf 89' lang='lat' dir='ltr'>neque</span> <span class='ocrx_word' id='word_1_32' title='bbox 1434 337 1624 376; x_wconf 89' lang='lat' dir='ltr'>ferendos</span> <span class='ocrx_word' id='word_1_33' title='bbox 1651 351 1784 390; x_wconf 88' lang='lat' dir='ltr'>neque</span> 
     </span>
    </p>
   </div>
   <div class='ocr_carea' id='block_1_3' title="bbox 274 392 1787 2847">
    <p class='ocr_par' dir='ltr' id='par_1_3' title="bbox 275 392 883 448">
     <span class='ocr_line' id='line_1_5' title="bbox 275 392 883 448; baseline -0.003 -14"><span class='ocrx_word' id='word_1_34' title='bbox 275 394 533 448; x_wconf 83' lang='lat' dir='ltr'>adjuvandos</span> <span class='ocrx_word' id='word_1_35' title='bbox 555 408 655 433; x_wconf 87' lang='lat' dir='ltr'>esse.</span> <span class='ocrx_word' id='word_1_36' title='bbox 692 392 883 432; x_wconf 86' lang='lat' dir='ltr'>WOLF.</span> 
     </span>
    </p>

    <p class='ocr_par' dir='ltr' id='par_1_4' title="bbox 336 447 1698 502">
     <span class='ocr_line' id='line_1_6' title="bbox 336 447 1698 502; baseline -0.001 -13"><span class='ocrx_word' id='word_1_37' title='bbox 336 453 428 497; x_wconf 82' lang='lat'>216,</span> <span class='ocrx_word' id='word_1_38' title='bbox 453 451 490 489; x_wconf 88' lang='lat'>6.</span> <span class='ocrx_word' id='word_1_39' title='bbox 524 450 586 489; x_wconf 87' lang='grc' dir='ltr'>ἐπὶ</span> <span class='ocrx_word' id='word_1_40' title='bbox 610 447 787 502; x_wconf 80' lang='grc' dir='ltr'>πολέμῳ]</span> <span class='ocrx_word' id='word_1_41' title='bbox 823 448 877 488; x_wconf 91' lang='lat' dir='ltr'>V.</span> <span class='ocrx_word' id='word_1_42' title='bbox 900 454 986 488; x_wconf 84' lang='lat' dir='ltr'>not.</span> <span class='ocrx_word' id='word_1_43' title='bbox 1010 448 1064 488; x_wconf 84' lang='lat' dir='ltr'>ad</span> <span class='ocrx_word' id='word_1_44' title='bbox 1086 462 1125 501; x_wconf 89' lang='lat' dir='ltr'>p.</span> <span class='ocrx_word' id='word_1_45' title='bbox 1151 460 1243 500; x_wconf 82' lang='lat'>215,</span> <span class='ocrx_word' id='word_1_46' title='bbox 1271 449 1333 487; x_wconf 80' lang='lat'>26.</span> <span class='ocrx_word' id='word_1_47' title='bbox 1368 447 1698 488; x_wconf 77' lang='lat' dir='ltr'>soHAEFER.</span> 
     </span>
    </p>

    <p class='ocr_par' dir='ltr' id='par_1_5' title="bbox 275 503 1785 726">
     <span class='ocr_line' id='line_1_7' title="bbox 334 503 1783 558; baseline -0.001 -14"><span class='ocrx_word' id='word_1_48' title='bbox 334 508 427 553; x_wconf 86' lang='grc'>216,</span> <span class='ocrx_word' id='word_1_49' title='bbox 458 518 516 544; x_wconf 90' lang='grc'>11.</span> <span class='ocrx_word' id='word_1_50' title='bbox 551 505 618 544; x_wconf 79' lang='grc' dir='ltr'>τὸν</span> <span class='ocrx_word' id='word_1_51' title='bbox 640 505 910 557; x_wconf 79' lang='grc' dir='ltr'>παιδοτρίβην]</span> <span class='ocrx_word' id='word_1_52' title='bbox 940 504 1034 544; x_wconf 85' lang='grc' dir='ltr'>Νο11</span> <span class='ocrx_word' id='word_1_53' title='bbox 1060 504 1321 544; x_wconf 80' lang='lat' dir='ltr'>literatorem</span> <span class='ocrx_word' id='word_1_54' title='bbox 1341 503 1690 558; x_wconf 72' lang='lat' dir='ltr'>ludimagistrum,</span> <span class='ocrx_word' id='word_1_55' title='bbox 1713 505 1783 545; x_wconf 87' lang='lat' dir='ltr'>sed</span> 
     </span>
     <span class='ocr_line' id='line_1_8' title="bbox 276 559 1785 614; baseline -0.001 -13"><span class='ocrx_word' id='word_1_56' title='bbox 276 561 486 609; x_wconf 86' lang='lat' dir='ltr'>lanistam,</span> <span class='ocrx_word' id='word_1_57' title='bbox 510 560 579 613; x_wconf 88' lang='lat' dir='ltr'>qui</span> <span class='ocrx_word' id='word_1_58' title='bbox 601 560 837 613; x_wconf 74' lang='lat' dir='ltr'>palaestrae</span> <span class='ocrx_word' id='word_1_59' title='bbox 858 566 1038 614; x_wconf 83' lang='lat' dir='ltr'>praeest,</span> <span class='ocrx_word' id='word_1_60' title='bbox 1057 560 1256 613; x_wconf 77' lang='lat' dir='ltr'>intellige.</span> <span class='ocrx_word' id='word_1_61' title='bbox 1292 559 1481 599; x_wconf 81' lang='lat' dir='ltr'>WOLF.</span> <span class='ocrx_word' id='word_1_62' title='bbox 1544 561 1785 600; x_wconf 84' lang='lat' dir='ltr'>Alexander</span> 
     </span>
     <span class='ocr_line' id='line_1_9' title="bbox 276 615 1785 670; baseline 0 -14"><span class='ocrx_word' id='word_1_63' title='bbox 276 616 511 670; x_wconf 89' lang='lat' dir='ltr'>hujusmodi</span> <span class='ocrx_word' id='word_1_64' title='bbox 534 615 720 656; x_wconf 90' lang='lat' dir='ltr'>homines</span> <span class='ocrx_word' id='word_1_65' title='bbox 742 616 907 656; x_wconf 91' lang='lat' dir='ltr'>videtur</span> <span class='ocrx_word' id='word_1_66' title='bbox 929 617 969 655; x_wconf 93' lang='lat' dir='ltr'>in</span> <span class='ocrx_word' id='word_1_67' title='bbox 992 616 1135 670; x_wconf 84' lang='lat' dir='ltr'>primis</span> <span class='ocrx_word' id='word_1_68' title='bbox 1157 615 1374 656; x_wconf 81' lang='lat' dir='ltr'>dilexisse:</span> <span class='ocrx_word' id='word_1_69' title='bbox 1409 617 1519 669; x_wconf 89' lang='lat' dir='ltr'>quod</span> <span class='ocrx_word' id='word_1_70' title='bbox 1548 631 1648 656; x_wconf 85' lang='lat' dir='ltr'>sane</span> <span class='ocrx_word' id='word_1_71' title='bbox 1669 622 1785 666; x_wconf 83' lang='grc' dir='ltr'>βασι-</span> 
     </span>
     <span class='ocr_line' id='line_1_10' title="bbox 275 672 1217 726; baseline -0.001 -14"><span class='ocrx_word' id='word_1_72' title='bbox 275 675 398 713; x_wconf 88' lang='grc' dir='ltr'>λικόν.</span> <span class='ocrx_word' id='word_1_73' title='bbox 432 672 548 713; x_wconf 79' lang='lat' dir='ltr'>Cous.</span> <span class='ocrx_word' id='word_1_74' title='bbox 572 687 611 726; x_wconf 90' lang='lat' dir='ltr'>p.</span> <span class='ocrx_word' id='word_1_75' title='bbox 638 686 729 722; x_wconf 84' lang='lat'>214,</span> <span class='ocrx_word' id='word_1_76' title='bbox 756 684 820 712; x_wconf 80' lang='lat'>20.</span> <span class='ocrx_word' id='word_1_77' title='bbox 886 672 1217 712; x_wconf 80' lang='lat' dir='ltr'>SCHAEFER.</span> 
     </span>
    </p>

    <p class='ocr_par' dir='ltr' id='par_1_6' title="bbox 274 727 1787 838">
     <span class='ocr_line' id='line_1_11' title="bbox 337 727 1787 782; baseline 0 -14"><span class='ocrx_word' id='word_1_78' title='bbox 337 732 429 777; x_wconf 84' lang='lat'>216,</span> <span class='ocrx_word' id='word_1_79' title='bbox 460 731 520 768; x_wconf 88' lang='grc'>16.</span> <span class='ocrx_word' id='word_1_80' title='bbox 553 731 592 768; x_wconf 83' lang='grc' dir='ltr'>αἱ</span> <span class='ocrx_word' id='word_1_81' title='bbox 617 728 903 782; x_wconf 84' lang='grc' dir='ltr'>Μακεδονικαί]</span> <span class='ocrx_word' id='word_1_82' title='bbox 939 729 981 769; x_wconf 83' lang='lat' dir='ltr'>S.</span> <span class='ocrx_word' id='word_1_83' title='bbox 1005 728 1151 770; x_wconf 78' lang='grc' dir='ltr'>πόλεις.</span> <span class='ocrx_word' id='word_1_84' title='bbox 1174 729 1268 768; x_wconf 67' lang='lat' dir='ltr'>leaeo</span> <span class='ocrx_word' id='word_1_85' title='bbox 1288 743 1313 767; x_wconf 81' lang='lat' dir='ltr'>a</span> <span class='ocrx_word' id='word_1_86' title='bbox 1336 727 1608 768; x_wconf 69' lang='lat' dir='ltr'>Macedonicis</span> <span class='ocrx_word' id='word_1_87' title='bbox 1627 727 1787 768; x_wconf 73' lang='lat' dir='ltr'>urbibus</span> 
     </span>
     <span class='ocr_line' id='line_1_12' title="bbox 274 784 748 838; baseline 0 -15"><span class='ocrx_word' id='word_1_88' title='bbox 274 786 490 838; x_wconf 34' lang='lat' dir='ltr'>esse-faeta..</span> <span class='ocrx_word' id='word_1_89' title='bbox 555 784 613 822; x_wconf 89' lang='lat' dir='ltr'>W</span> <span class='ocrx_word' id='word_1_90' title='bbox 619 784 748 823; x_wconf 86' lang='lat' dir='ltr'>OLF.</span> 
     </span>
    </p>

    <p class='ocr_par' dir='ltr' id='par_1_7' title="bbox 275 839 1785 1062">
     <span class='ocr_line' id='line_1_13' title="bbox 335 839 1785 894; baseline 0.001 -14"><span class='ocrx_word' id='word_1_91' title='bbox 335 844 428 889; x_wconf 76' lang='lat'>216,</span> <span class='ocrx_word' id='word_1_92' title='bbox 460 853 518 892; x_wconf 87' lang='lat'>17.</span> <span class='ocrx_word' id='word_1_93' title='bbox 550 841 696 894; x_wconf 72' lang='grc' dir='ltr'>01-τῷ</span> <span class='ocrx_word' id='word_1_94' title='bbox 730 839 928 880; x_wconf 79' lang='grc' dir='ltr'>Μακεδόνι</span> <span class='ocrx_word' id='word_1_95' title='bbox 955 840 1152 894; x_wconf 81' lang='grc' dir='ltr'>ὑπηρέται]</span> <span class='ocrx_word' id='word_1_96' title='bbox 1188 840 1272 879; x_wconf 86' lang='lat' dir='ltr'>Pro</span> <span class='ocrx_word' id='word_1_97' title='bbox 1293 841 1596 890; x_wconf 75' lang='grc' dir='ltr'>ὑπηρετοῦντεςε</span> <span class='ocrx_word' id='word_1_98' title='bbox 1631 840 1681 880; x_wconf 83' lang='lat' dir='ltr'>de</span> <span class='ocrx_word' id='word_1_99' title='bbox 1703 855 1785 893; x_wconf 74' lang='lat' dir='ltr'>qua</span> 
     </span>
     <span class='ocr_line' id='line_1_14' title="bbox 275 895 1785 950; baseline 0.001 -15"><span class='ocrx_word' id='word_1_100' title='bbox 275 896 471 950; x_wconf 86' lang='lat' dir='ltr'>loquendi</span> <span class='ocrx_word' id='word_1_101' title='bbox 492 896 626 936; x_wconf 86' lang='lat' dir='ltr'>forma</span> <span class='ocrx_word' id='word_1_102' title='bbox 647 896 751 936; x_wconf 86' lang='lat' dir='ltr'>satis</span> <span class='ocrx_word' id='word_1_103' title='bbox 772 896 814 935; x_wconf 93' lang='lat' dir='ltr'>in</span> <span class='ocrx_word' id='word_1_104' title='bbox 838 897 1023 937; x_wconf 86' lang='lat' dir='ltr'>Isocrate</span> <span class='ocrx_word' id='word_1_105' title='bbox 1044 897 1177 936; x_wconf 84' lang='lat' dir='ltr'>multa</span> <span class='ocrx_word' id='word_1_106' title='bbox 1198 895 1446 936; x_wconf 86' lang='lat' dir='ltr'>notavimus.</span> <span class='ocrx_word' id='word_1_107' title='bbox 1482 896 1673 936; x_wconf 87' lang='lat' dir='ltr'>WOLF.</span> <span class='ocrx_word' id='word_1_108' title='bbox 1718 897 1785 937; x_wconf 80' lang='lat' dir='ltr'>Sic</span> 
     </span>
     <span class='ocr_line' id='line_1_15' title="bbox 275 952 1784 1007; baseline 0.001 -15"><span class='ocrx_word' id='word_1_109' title='bbox 275 953 480 1003; x_wconf 79' lang='grc' dir='ltr'>ὑπηρετικὴ</span> <span class='ocrx_word' id='word_1_110' title='bbox 516 967 609 991; x_wconf 87' lang='grc'>011111</span> <span class='ocrx_word' id='word_1_111' title='bbox 642 953 784 992; x_wconf 89' lang='lat' dir='ltr'>dativo</span> <span class='ocrx_word' id='word_1_112' title='bbox 813 953 1006 1007; x_wconf 80' lang='lat' dir='ltr'>jungitur</span> <span class='ocrx_word' id='word_1_113' title='bbox 1037 953 1077 992; x_wconf 94' lang='lat' dir='ltr'>in</span> <span class='ocrx_word' id='word_1_114' title='bbox 1112 952 1301 992; x_wconf 81' lang='lat' dir='ltr'>Platonis</span> <span class='ocrx_word' id='word_1_115' title='bbox 1335 952 1570 1006; x_wconf 72' lang='lat' dir='ltr'>Euthyphr.</span> <span class='ocrx_word' id='word_1_116' title='bbox 1594 968 1632 1006; x_wconf 87' lang='lat' dir='ltr'>p.</span> <span class='ocrx_word' id='word_1_117' title='bbox 1661 966 1706 1006; x_wconf 84' lang='lat'>13</span> <span class='ocrx_word' id='word_1_118' title='bbox 1732 953 1784 993; x_wconf 91' lang='lat' dir='ltr'>D.</span> 
     </span>
     <span class='ocr_line' id='line_1_16' title="bbox 277 1008 1471 1062; baseline 0 -14"><span class='ocrx_word' id='word_1_119' title='bbox 277 1010 470 1059; x_wconf 83' lang='grc' dir='ltr'>ὑπηρεσία</span> <span class='ocrx_word' id='word_1_120' title='bbox 491 1008 671 1062; x_wconf 75' lang='lat' dir='ltr'>Apolog.</span> <span class='ocrx_word' id='word_1_121' title='bbox 696 1008 858 1048; x_wconf 81' lang='lat' dir='ltr'>Socrat.</span> <span class='ocrx_word' id='word_1_122' title='bbox 881 1024 920 1062; x_wconf 90' lang='lat' dir='ltr'>p.</span> <span class='ocrx_word' id='word_1_123' title='bbox 943 1023 997 1061; x_wconf 73' lang='lat'>30</span> <span class='ocrx_word' id='word_1_124' title='bbox 1020 1009 1073 1048; x_wconf 88' lang='lat' dir='ltr'>A.</span> <span class='ocrx_word' id='word_1_125' title='bbox 1135 1008 1471 1048; x_wconf 82' lang='lat' dir='ltr'>SCHAEFER.</span> 
     </span>
    </p>

    <p class='ocr_par' dir='ltr' id='par_1_8' title="bbox 278 1064 1786 1162">
     <span class='ocr_line' id='line_1_17' title="bbox 335 1064 1786 1118; baseline 0.002 -14"><span class='ocrx_word' id='word_1_126' title='bbox 335 1067 428 1112; x_wconf 83' lang='lat'>216,</span> <span class='ocrx_word' id='word_1_127' title='bbox 455 1077 518 1117; x_wconf 84' lang='lat'>25.</span> <span class='ocrx_word' id='word_1_128' title='bbox 551 1064 656 1104; x_wconf 74' lang='grc' dir='ltr'>ταῦθ’</span> <span class='ocrx_word' id='word_1_129' title='bbox 680 1066 798 1107; x_wconf 79' lang='grc' dir='ltr'>οὕτως</span> <span class='ocrx_word' id='word_1_130' title='bbox 836 1064 961 1118; x_wconf 78' lang='grc' dir='ltr'>ἔχειν]</span> <span class='ocrx_word' id='word_1_131' title='bbox 998 1065 1209 1110; x_wconf 86' lang='grc' dir='ltr'>τουτέστιν,</span> <span class='ocrx_word' id='word_1_132' title='bbox 1243 1065 1479 1106; x_wconf 82' lang='grc' dir='ltr'>ἐκσπόνδους</span> <span class='ocrx_word' id='word_1_133' title='bbox 1509 1067 1668 1114; x_wconf 84' lang='grc' dir='ltr'>ποιῆσαι</span> <span class='ocrx_word' id='word_1_134' title='bbox 1700 1066 1786 1107; x_wconf 79' lang='grc' dir='ltr'>τοὺς</span> 
     </span>
     <span class='ocr_line' id='line_1_18' title="bbox 278 1120 781 1162; baseline -0.002 -2"><span class='ocrx_word' id='word_1_135' title='bbox 278 1122 525 1162; x_wconf 83' lang='grc' dir='ltr'>Μακεδόνας.</span> <span class='ocrx_word' id='word_1_136' title='bbox 590 1120 781 1160; x_wconf 77' lang='lat' dir='ltr'>WOLF.</span> 
     </span>
    </p>

    <p class='ocr_par' dir='ltr' id='par_1_9' title="bbox 276 1176 1785 1329">
     <span class='ocr_line' id='line_1_19' title="bbox 334 1176 1785 1230; baseline 0 -14"><span class='ocrx_word' id='word_1_137' title='bbox 334 1177 468 1230; x_wconf 80' lang='grc' dir='ltr'>οὕτως]</span> <span class='ocrx_word' id='word_1_138' title='bbox 494 1176 556 1216; x_wconf 89' lang='lat' dir='ltr'>Ut</span> <span class='ocrx_word' id='word_1_139' title='bbox 577 1191 654 1230; x_wconf 79' lang='lat' dir='ltr'>ego</span> <span class='ocrx_word' id='word_1_140' title='bbox 675 1176 740 1216; x_wconf 85' lang='lat' dir='ltr'>aio</span> <span class='ocrx_word' id='word_1_141' title='bbox 761 1193 768 1215; x_wconf 91' lang='lat'>:</span> <span class='ocrx_word' id='word_1_142' title='bbox 803 1176 958 1216; x_wconf 83' lang='lat' dir='ltr'>scilicet</span> <span class='ocrx_word' id='word_1_143' title='bbox 978 1176 1054 1215; x_wconf 87' lang='lat' dir='ltr'>hos</span> <span class='ocrx_word' id='word_1_144' title='bbox 1075 1176 1319 1216; x_wconf 83' lang='lat' dir='ltr'>turbatores</span> <span class='ocrx_word' id='word_1_145' title='bbox 1347 1176 1459 1228; x_wconf 88' lang='lat' dir='ltr'>pacis</span> <span class='ocrx_word' id='word_1_146' title='bbox 1481 1190 1583 1225; x_wconf 83' lang='lat' dir='ltr'>esse,</span> <span class='ocrx_word' id='word_1_147' title='bbox 1606 1176 1683 1216; x_wconf 87' lang='lat' dir='ltr'>has</span> <span class='ocrx_word' id='word_1_148' title='bbox 1704 1177 1785 1216; x_wconf 91' lang='lat' dir='ltr'>vio-</span> 
     </span>
     <span class='ocr_line' id='line_1_20' title="bbox 276 1231 1785 1286; baseline 0.001 -15"><span class='ocrx_word' id='word_1_149' title='bbox 276 1232 454 1272; x_wconf 86' lang='lat' dir='ltr'>lationes</span> <span class='ocrx_word' id='word_1_150' title='bbox 476 1237 710 1286; x_wconf 87' lang='lat' dir='ltr'>pactorum,</span> <span class='ocrx_word' id='word_1_151' title='bbox 732 1236 776 1272; x_wconf 87' lang='lat' dir='ltr'>et</span> <span class='ocrx_word' id='word_1_152' title='bbox 797 1232 924 1272; x_wconf 85' lang='lat' dir='ltr'>armis</span> <span class='ocrx_word' id='word_1_153' title='bbox 946 1232 1160 1272; x_wconf 86' lang='lat' dir='ltr'>universae</span> <span class='ocrx_word' id='word_1_154' title='bbox 1182 1231 1383 1272; x_wconf 78' lang='lat' dir='ltr'>Graeciae</span> <span class='ocrx_word' id='word_1_155' title='bbox 1411 1232 1695 1272; x_wconf 86' lang='lat' dir='ltr'>communibus</span> <span class='ocrx_word' id='word_1_156' title='bbox 1728 1233 1785 1273; x_wconf 89' lang='lat' dir='ltr'>nl-</span> 
     </span>
     <span class='ocr_line' id='line_1_21' title="bbox 278 1288 757 1329; baseline 0.002 -2"><span class='ocrx_word' id='word_1_157' title='bbox 278 1288 503 1329; x_wconf 82' lang='lat' dir='ltr'>ciscendas.</span> <span class='ocrx_word' id='word_1_158' title='bbox 566 1288 757 1328; x_wconf 80' lang='lat' dir='ltr'>REISK.</span> 
     </span>
    </p>

    <p class='ocr_par' dir='ltr' id='par_1_10' title="bbox 276 1344 1786 1620">
     <span class='ocr_line' id='line_1_22' title="bbox 336 1344 1785 1399; baseline 0 -14"><span class='ocrx_word' id='word_1_159' title='bbox 336 1346 428 1391; x_wconf 80' lang='grc'>216,</span> <span class='ocrx_word' id='word_1_160' title='bbox 456 1347 520 1383; x_wconf 88' lang='grc'>26.</span> <span class='ocrx_word' id='word_1_161' title='bbox 552 1346 620 1394; x_wconf 78' lang='grc' dir='ltr'>τὴν</span> <span class='ocrx_word' id='word_1_162' title='bbox 643 1347 738 1384; x_wconf 83' lang='grc' dir='ltr'>κατὰ</span> <span class='ocrx_word' id='word_1_163' title='bbox 759 1347 823 1394; x_wconf 85' lang='grc' dir='ltr'>τῆς</span> <span class='ocrx_word' id='word_1_164' title='bbox 846 1346 998 1385; x_wconf 81' lang='grc' dir='ltr'>πόλεως</span> <span class='ocrx_word' id='word_1_165' title='bbox 1021 1344 1158 1397; x_wconf 68' lang='grc' dir='ltr'>οὖσαν]</span> <span class='ocrx_word' id='word_1_166' title='bbox 1192 1344 1349 1384; x_wconf 84' lang='lat' dir='ltr'>Orator</span> <span class='ocrx_word' id='word_1_167' title='bbox 1377 1344 1560 1398; x_wconf 89' lang='lat' dir='ltr'>loquitur</span> <span class='ocrx_word' id='word_1_168' title='bbox 1584 1345 1785 1399; x_wconf 83' lang='lat' dir='ltr'>hypothe-</span> 
     </span>
     <span class='ocr_line' id='line_1_23' title="bbox 276 1400 1786 1454; baseline 0.001 -14"><span class='ocrx_word' id='word_1_169' title='bbox 276 1400 370 1440; x_wconf 78' lang='lat' dir='ltr'>tice.</span> <span class='ocrx_word' id='word_1_170' title='bbox 395 1407 573 1453; x_wconf 68' lang='lat' dir='ltr'>pactum,</span> <span class='ocrx_word' id='word_1_171' title='bbox 610 1401 645 1440; x_wconf 68' lang='lat' dir='ltr'>si</span> <span class='ocrx_word' id='word_1_172' title='bbox 675 1401 781 1454; x_wconf 68' lang='lat' dir='ltr'>qaod</span> <span class='ocrx_word' id='word_1_173' title='bbox 810 1401 954 1452; x_wconf 69' lang='lat' dir='ltr'>‹ffiaz‘at</span> <span class='ocrx_word' id='word_1_174' title='bbox 986 1401 1151 1440; x_wconf 67' lang='lat' dir='ltr'>civitati.</span> <span class='ocrx_word' id='word_1_175' title='bbox 1215 1400 1386 1446; x_wconf 88' lang='lat' dir='ltr'>Eadem,</span> <span class='ocrx_word' id='word_1_176' title='bbox 1419 1406 1466 1441; x_wconf 91' lang='lat' dir='ltr'>ut</span> <span class='ocrx_word' id='word_1_177' title='bbox 1501 1402 1670 1441; x_wconf 83' lang='lat' dir='ltr'>maximi</span> <span class='ocrx_word' id='word_1_178' title='bbox 1703 1416 1786 1442; x_wconf 89' lang='lat' dir='ltr'>mo-</span> 
     </span>
     <span class='ocr_line' id='line_1_24' title="bbox 276 1456 1786 1510; baseline 0.002 -16"><span class='ocrx_word' id='word_1_179' title='bbox 276 1457 404 1496; x_wconf 84' lang='lat' dir='ltr'>menti</span> <span class='ocrx_word' id='word_1_180' title='bbox 432 1457 484 1496; x_wconf 90' lang='lat' dir='ltr'>ad</span> <span class='ocrx_word' id='word_1_181' title='bbox 513 1457 796 1496; x_wconf 88' lang='lat' dir='ltr'>retundendas</span> <span class='ocrx_word' id='word_1_182' title='bbox 822 1456 983 1510; x_wconf 78' lang='lat' dir='ltr'>linguas</span> <span class='ocrx_word' id='word_1_183' title='bbox 1005 1457 1080 1495; x_wconf 83' lang='grc' dir='ltr'>τῶν</span> <span class='ocrx_word' id='word_1_184' title='bbox 1100 1458 1438 1506; x_wconf 84' lang='grc' dir='ltr'>μακεδονιζόντων,</span> <span class='ocrx_word' id='word_1_185' title='bbox 1462 1457 1608 1498; x_wconf 87' lang='lat' dir='ltr'>statim</span> <span class='ocrx_word' id='word_1_186' title='bbox 1634 1457 1786 1498; x_wconf 81' lang='lat' dir='ltr'>iteran-</span> 
     </span>
     <span class='ocr_line' id='line_1_25' title="bbox 277 1512 1785 1565; baseline 0.002 -14"><span class='ocrx_word' id='word_1_187' title='bbox 277 1516 347 1551; x_wconf 89' lang='lat' dir='ltr'>tur</span> <span class='ocrx_word' id='word_1_188' title='bbox 364 1528 399 1551; x_wconf 88' lang='lat' dir='ltr'>v.</span> <span class='ocrx_word' id='word_1_189' title='bbox 426 1514 490 1553; x_wconf 80' lang='grc'>28.</span> <span class='ocrx_word' id='word_1_190' title='bbox 508 1527 538 1551; x_wconf 89' lang='lat' dir='ltr'>s.</span> <span class='ocrx_word' id='word_1_191' title='bbox 601 1512 730 1552; x_wconf 84' lang='lat' dir='ltr'>Simul</span> <span class='ocrx_word' id='word_1_192' title='bbox 753 1513 855 1552; x_wconf 84' lang='lat' dir='ltr'>hacc</span> <span class='ocrx_word' id='word_1_193' title='bbox 878 1527 1026 1552; x_wconf 88' lang='lat' dir='ltr'>caussa</span> <span class='ocrx_word' id='word_1_194' title='bbox 1048 1517 1112 1552; x_wconf 88' lang='lat' dir='ltr'>est</span> <span class='ocrx_word' id='word_1_195' title='bbox 1134 1527 1207 1551; x_wconf 87' lang='lat' dir='ltr'>cur</span> <span class='ocrx_word' id='word_1_196' title='bbox 1227 1512 1367 1551; x_wconf 85' lang='lat' dir='ltr'>malim</span> <span class='ocrx_word' id='word_1_197' title='bbox 1392 1513 1449 1552; x_wconf 85' lang='lat' dir='ltr'>sic</span> <span class='ocrx_word' id='word_1_198' title='bbox 1472 1513 1620 1554; x_wconf 86' lang='lat' dir='ltr'>scribi:</span> <span class='ocrx_word' id='word_1_199' title='bbox 1654 1513 1676 1564; x_wconf 81' lang='grc' dir='ltr'>ἢ</span> <span class='ocrx_word' id='word_1_200' title='bbox 1698 1516 1785 1565; x_wconf 88' lang='grc' dir='ltr'>ὁμο-</span> 
     </span>
     <span class='ocr_line' id='line_1_26' title="bbox 277 1568 1382 1620; baseline -0.001 -13"><span class='ocrx_word' id='word_1_201' title='bbox 277 1570 420 1620; x_wconf 83' lang='grc' dir='ltr'>λογίαν</span> <span class='ocrx_word' id='word_1_202' title='bbox 441 1569 510 1617; x_wconf 81' lang='grc' dir='ltr'>τὴν</span> <span class='ocrx_word' id='word_1_203' title='bbox 530 1570 602 1619; x_wconf 83' lang='grc' dir='ltr'>μὲν</span> <span class='ocrx_word' id='word_1_204' title='bbox 626 1571 721 1608; x_wconf 78' lang='grc' dir='ltr'>κατὰ</span> <span class='ocrx_word' id='word_1_205' title='bbox 742 1571 806 1617; x_wconf 83' lang='grc' dir='ltr'>τῆς</span> <span class='ocrx_word' id='word_1_206' title='bbox 827 1569 988 1610; x_wconf 78' lang='grc' dir='ltr'>πόλεως.</span> <span class='ocrx_word' id='word_1_207' title='bbox 1052 1568 1382 1608; x_wconf 76' lang='lat' dir='ltr'>SUHAEFER.</span> 
     </span>
    </p>

    <p class='ocr_par' dir='ltr' id='par_1_11' title="bbox 279 1623 1785 1789">
     <span class='ocr_line' id='line_1_27' title="bbox 343 1623 1778 1679; baseline 0.002 -16"><span class='ocrx_word' id='word_1_208' title='bbox 343 1626 435 1671; x_wconf 71' lang='lat'>216,</span> <span class='ocrx_word' id='word_1_209' title='bbox 462 1625 526 1666; x_wconf 77' lang='lat'>28.</span> <span class='ocrx_word' id='word_1_210' title='bbox 561 1623 631 1663; x_wconf 81' lang='grc' dir='ltr'>κᾶν</span> <span class='ocrx_word' id='word_1_211' title='bbox 661 1624 733 1673; x_wconf 87' lang='grc' dir='ltr'>μέν</span> <span class='ocrx_word' id='word_1_212' title='bbox 764 1627 969 1663; x_wconf 76' lang='grc' dir='ltr'>τι-τοῦτο</span> <span class='ocrx_word' id='word_1_213' title='bbox 998 1626 1200 1674; x_wconf 80' lang='grc' dir='ltr'>μὲν-ἐὰν</span> <span class='ocrx_word' id='word_1_214' title='bbox 1225 1624 1267 1663; x_wconf 86' lang='grc' dir='ltr'>δέ</span> <span class='ocrx_word' id='word_1_215' title='bbox 1297 1626 1485 1675; x_wconf 80' lang='grc' dir='ltr'>τι--πρὸς</span> <span class='ocrx_word' id='word_1_216' title='bbox 1512 1628 1623 1665; x_wconf 72' lang='grc' dir='ltr'>τοῦτο</span> <span class='ocrx_word' id='word_1_217' title='bbox 1651 1628 1692 1666; x_wconf 80' lang='grc' dir='ltr'>δὲ</span> <span class='ocrx_word' id='word_1_218' title='bbox 1706 1627 1778 1679; x_wconf 74' lang='lat'>-]</span> 
     </span>
     <span class='ocr_line' id='line_1_28' title="bbox 279 1679 1785 1733; baseline 0.001 -13"><span class='ocrx_word' id='word_1_219' title='bbox 279 1680 488 1720; x_wconf 75' lang='lat' dir='ltr'>Cone-inne</span> <span class='ocrx_word' id='word_1_220' title='bbox 515 1680 653 1719; x_wconf 82' lang='lat' dir='ltr'>vincta</span> <span class='ocrx_word' id='word_1_221' title='bbox 682 1680 876 1733; x_wconf 79' lang='lat' dir='ltr'>periodus</span> <span class='ocrx_word' id='word_1_222' title='bbox 908 1694 981 1732; x_wconf 90' lang='lat' dir='ltr'>per</span> <span class='ocrx_word' id='word_1_223' title='bbox 1013 1680 1188 1719; x_wconf 82' lang='lat' dir='ltr'>iteratas</span> <span class='ocrx_word' id='word_1_224' title='bbox 1219 1679 1449 1733; x_wconf 83' lang='lat' dir='ltr'>particulas</span> <span class='ocrx_word' id='word_1_225' title='bbox 1475 1685 1546 1732; x_wconf 83' lang='grc' dir='ltr'>μὲν</span> <span class='ocrx_word' id='word_1_226' title='bbox 1574 1686 1615 1721; x_wconf 87' lang='lat' dir='ltr'>et</span> <span class='ocrx_word' id='word_1_227' title='bbox 1644 1682 1697 1722; x_wconf 89' lang='grc' dir='ltr'>δέ.</span> <span class='ocrx_word' id='word_1_228' title='bbox 1733 1683 1785 1721; x_wconf 80' lang='lat' dir='ltr'>V.</span> 
     </span>
     <span class='ocr_line' id='line_1_29' title="bbox 281 1735 1133 1789; baseline 0 -14"><span class='ocrx_word' id='word_1_229' title='bbox 281 1736 426 1775; x_wconf 81' lang='lat' dir='ltr'>Melet.</span> <span class='ocrx_word' id='word_1_230' title='bbox 451 1736 553 1776; x_wconf 82' lang='lat' dir='ltr'>Crit.</span> <span class='ocrx_word' id='word_1_231' title='bbox 580 1751 620 1789; x_wconf 90' lang='lat' dir='ltr'>p.</span> <span class='ocrx_word' id='word_1_232' title='bbox 649 1749 737 1775; x_wconf 87' lang='lat'>111.</span> <span class='ocrx_word' id='word_1_233' title='bbox 802 1735 1133 1775; x_wconf 77' lang='lat' dir='ltr'>SOI-IAEFER.</span> 
     </span>
    </p>

    <p class='ocr_par' dir='ltr' id='par_1_12' title="bbox 278 1791 1785 1944">
     <span class='ocr_line' id='line_1_30' title="bbox 338 1791 1785 1844; baseline 0.001 -13"><span class='ocrx_word' id='word_1_234' title='bbox 338 1804 430 1843; x_wconf 86' lang='grc'>217,</span> <span class='ocrx_word' id='word_1_235' title='bbox 454 1794 491 1831; x_wconf 88' lang='lat'>6.</span> <span class='ocrx_word' id='word_1_236' title='bbox 527 1792 759 1843; x_wconf 77' lang='grc' dir='ltr'>ἐξηλέγξατε</span> <span class='ocrx_word' id='word_1_237' title='bbox 791 1792 877 1832; x_wconf 84' lang='grc' dir='ltr'>τοὺς</span> <span class='ocrx_word' id='word_1_238' title='bbox 903 1796 1023 1831; x_wconf 81' lang='grc' dir='ltr'>ταῦτα</span> <span class='ocrx_word' id='word_1_239' title='bbox 1049 1791 1269 1844; x_wconf 81' lang='grc' dir='ltr'>ποιοῦντας]</span> <span class='ocrx_word' id='word_1_240' title='bbox 1304 1791 1504 1832; x_wconf 82' lang='lat' dir='ltr'>Foederis</span> <span class='ocrx_word' id='word_1_241' title='bbox 1527 1793 1785 1834; x_wconf 88' lang='lat' dir='ltr'>conditiones</span> 
     </span>
     <span class='ocr_line' id='line_1_31' title="bbox 278 1847 1784 1903; baseline 0.001 -15"><span class='ocrx_word' id='word_1_242' title='bbox 278 1848 456 1888; x_wconf 84' lang='lat' dir='ltr'>tutando</span> <span class='ocrx_word' id='word_1_243' title='bbox 493 1849 605 1887; x_wconf 79' lang='lat' dir='ltr'>clara</span> <span class='ocrx_word' id='word_1_244' title='bbox 637 1847 677 1886; x_wconf 92' lang='lat' dir='ltr'>in</span> <span class='ocrx_word' id='word_1_245' title='bbox 710 1847 799 1886; x_wconf 79' lang='lat' dir='ltr'>luc-e</span> <span class='ocrx_word' id='word_1_246' title='bbox 830 1847 1028 1900; x_wconf 76' lang='lat' dir='ltr'>posuistis</span> <span class='ocrx_word' id='word_1_247' title='bbox 1059 1847 1276 1900; x_wconf 87' lang='lat' dir='ltr'>perfidiam</span> <span class='ocrx_word' id='word_1_248' title='bbox 1307 1862 1462 1895; x_wconf 86' lang='lat' dir='ltr'>eorum,</span> <span class='ocrx_word' id='word_1_249' title='bbox 1486 1849 1554 1902; x_wconf 85' lang='lat' dir='ltr'>qui</span> <span class='ocrx_word' id='word_1_250' title='bbox 1583 1850 1685 1889; x_wconf 84' lang='lat' dir='ltr'>haec</span> <span class='ocrx_word' id='word_1_251' title='bbox 1714 1865 1784 1903; x_wconf 83' lang='lat' dir='ltr'>pa—</span> 
     </span>
     <span class='ocr_line' id='line_1_32' title="bbox 278 1903 801 1944; baseline -0.004 -1"><span class='ocrx_word' id='word_1_252' title='bbox 278 1908 407 1944; x_wconf 88' lang='lat' dir='ltr'>trant.</span> <span class='ocrx_word' id='word_1_253' title='bbox 470 1903 801 1943; x_wconf 73' lang='lat' dir='ltr'>SOHAEFER.</span> 
     </span>
    </p>

    <p class='ocr_par' dir='ltr' id='par_1_13' title="bbox 278 1958 1785 2223">
     <span class='ocr_line' id='line_1_33' title="bbox 338 1958 1785 2012; baseline 0.002 -14"><span class='ocrx_word' id='word_1_254' title='bbox 338 1971 430 2011; x_wconf 87' lang='grc'>217,</span> <span class='ocrx_word' id='word_1_255' title='bbox 458 1972 492 2010; x_wconf 96' lang='grc'>7.</span> <span class='ocrx_word' id='word_1_256' title='bbox 524 1960 655 2012; x_wconf 73' lang='grc' dir='ltr'>μικρὰ]</span> <span class='ocrx_word' id='word_1_257' title='bbox 707 1958 806 1997; x_wconf 87' lang='lat' dir='ltr'>Vim</span> <span class='ocrx_word' id='word_1_258' title='bbox 837 1958 901 1998; x_wconf 89' lang='lat' dir='ltr'>hic</span> <span class='ocrx_word' id='word_1_259' title='bbox 935 1959 1097 1999; x_wconf 86' lang='lat' dir='ltr'>obtinet</span> <span class='ocrx_word' id='word_1_260' title='bbox 1134 1959 1322 1999; x_wconf 88' lang='lat' dir='ltr'>vocabuli</span> <span class='ocrx_word' id='word_1_261' title='bbox 1357 1961 1485 2010; x_wconf 75' lang='grc' dir='ltr'>ὀλίγα.</span> <span class='ocrx_word' id='word_1_262' title='bbox 1548 1960 1640 2000; x_wconf 91' lang='lat' dir='ltr'>Non</span> <span class='ocrx_word' id='word_1_263' title='bbox 1677 1961 1785 2001; x_wconf 90' lang='lat' dir='ltr'>enim</span> 
     </span>
     <span class='ocr_line' id='line_1_34' title="bbox 279 2015 1785 2068; baseline 0.002 -14"><span class='ocrx_word' id='word_1_264' title='bbox 279 2015 344 2055; x_wconf 82' lang='lat' dir='ltr'>hic</span> <span class='ocrx_word' id='word_1_265' title='bbox 367 2016 418 2055; x_wconf 88' lang='lat' dir='ltr'>de</span> <span class='ocrx_word' id='word_1_266' title='bbox 440 2015 688 2068; x_wconf 75' lang='lat' dir='ltr'>quantitate,</span> <span class='ocrx_word' id='word_1_267' title='bbox 712 2015 783 2053; x_wconf 87' lang='lat' dir='ltr'>sed</span> <span class='ocrx_word' id='word_1_268' title='bbox 807 2015 857 2053; x_wconf 91' lang='lat' dir='ltr'>de</span> <span class='ocrx_word' id='word_1_269' title='bbox 879 2029 1051 2054; x_wconf 86' lang='lat' dir='ltr'>numero</span> <span class='ocrx_word' id='word_1_270' title='bbox 1080 2015 1234 2068; x_wconf 66' lang='lat' dir='ltr'>agitur.</span> <span class='ocrx_word' id='word_1_271' title='bbox 1268 2015 1461 2055; x_wconf 81' lang='lat' dir='ltr'>REISK.</span> <span class='ocrx_word' id='word_1_272' title='bbox 1525 2016 1618 2056; x_wconf 87' lang='lat' dir='ltr'>Hoc</span> <span class='ocrx_word' id='word_1_273' title='bbox 1642 2017 1785 2058; x_wconf 90' lang='lat' dir='ltr'>dicunt</span> 
     </span>
     <span class='ocr_line' id='line_1_35' title="bbox 279 2069 1784 2123; baseline 0.002 -13"><span class='ocrx_word' id='word_1_274' title='bbox 279 2071 427 2111; x_wconf 69' lang='lat' dir='ltr'>Graeci</span> <span class='ocrx_word' id='word_1_275' title='bbox 469 2074 636 2123; x_wconf 76' lang='grc' dir='ltr'>χρῆσθαι</span> <span class='ocrx_word' id='word_1_276' title='bbox 672 2073 714 2120; x_wconf 85' lang='grc' dir='ltr'>τῇ</span> <span class='ocrx_word' id='word_1_277' title='bbox 751 2069 975 2120; x_wconf 82' lang='grc' dir='ltr'>πηλικότητι</span> <span class='ocrx_word' id='word_1_278' title='bbox 1011 2071 1096 2110; x_wconf 84' lang='grc' dir='ltr'>ἀντὶ</span> <span class='ocrx_word' id='word_1_279' title='bbox 1130 2074 1193 2120; x_wconf 77' lang='grc' dir='ltr'>Τῆς</span> <span class='ocrx_word' id='word_1_280' title='bbox 1229 2073 1457 2121; x_wconf 80' lang='grc' dir='ltr'>ποσότητος.</span> <span class='ocrx_word' id='word_1_281' title='bbox 1491 2072 1545 2112; x_wconf 80' lang='lat' dir='ltr'>V.</span> <span class='ocrx_word' id='word_1_282' title='bbox 1569 2073 1694 2112; x_wconf 83' lang='lat' dir='ltr'>schol.</span> <span class='ocrx_word' id='word_1_283' title='bbox 1731 2075 1784 2114; x_wconf 76' lang='lat' dir='ltr'>ad</span> 
     </span>
     <span class='ocr_line' id='line_1_36' title="bbox 278 2126 1784 2183; baseline 0.003 -18"><span class='ocrx_word' id='word_1_284' title='bbox 278 2127 552 2180; x_wconf 88' lang='lat' dir='ltr'>Aristophan.</span> <span class='ocrx_word' id='word_1_285' title='bbox 587 2127 698 2167; x_wconf 88' lang='lat' dir='ltr'>Plut.</span> <span class='ocrx_word' id='word_1_286' title='bbox 732 2139 827 2179; x_wconf 73' lang='lat'>377.</span> <span class='ocrx_word' id='word_1_287' title='bbox 860 2126 950 2166; x_wconf 91' lang='lat' dir='ltr'>coll.</span> <span class='ocrx_word' id='word_1_288' title='bbox 984 2127 1130 2166; x_wconf 80' lang='lat' dir='ltr'>Galen.</span> <span class='ocrx_word' id='word_1_289' title='bbox 1153 2126 1230 2166; x_wconf 92' lang='lat' dir='ltr'>vol.</span> <span class='ocrx_word' id='word_1_290' title='bbox 1254 2129 1290 2166; x_wconf 85' lang='lat'>6.</span> <span class='ocrx_word' id='word_1_291' title='bbox 1314 2142 1352 2180; x_wconf 90' lang='lat' dir='ltr'>p.</span> <span class='ocrx_word' id='word_1_292' title='bbox 1378 2128 1470 2179; x_wconf 76' lang='grc'>867.</span> <span class='ocrx_word' id='word_1_293' title='bbox 1494 2143 1524 2168; x_wconf 79' lang='lat' dir='ltr'>S.</span> <span class='ocrx_word' id='word_1_294' title='bbox 1549 2129 1647 2168; x_wconf 85' lang='lat' dir='ltr'>edit.</span> <span class='ocrx_word' id='word_1_295' title='bbox 1673 2129 1784 2183; x_wconf 86' lang='lat' dir='ltr'>Lips.</span> 
     </span>
     <span class='ocr_line' id='line_1_37' title="bbox 280 2183 608 2223; baseline -0.006 0"><span class='ocrx_word' id='word_1_296' title='bbox 280 2183 608 2223; x_wconf 66' lang='lat' dir='ltr'>SGHAEFER.</span> 
     </span>
    </p>

    <p class='ocr_par' dir='ltr' id='par_1_14' title="bbox 280 2238 1784 2459">
     <span class='ocr_line' id='line_1_38' title="bbox 339 2238 1784 2292; baseline 0.003 -16"><span class='ocrx_word' id='word_1_297' title='bbox 339 2251 430 2289; x_wconf 79' lang='grc'>217,</span> <span class='ocrx_word' id='word_1_298' title='bbox 460 2252 521 2292; x_wconf 85' lang='lat'>19.</span> <span class='ocrx_word' id='word_1_299' title='bbox 555 2238 781 2291; x_wconf 80' lang='grc' dir='ltr'>Μενεσθέα]</span> <span class='ocrx_word' id='word_1_300' title='bbox 821 2239 1134 2287; x_wconf 84' lang='lat' dir='ltr'>Rhamnusium,</span> <span class='ocrx_word' id='word_1_301' title='bbox 1161 2239 1383 2292; x_wconf 82' lang='lat' dir='ltr'>Iphicratis</span> <span class='ocrx_word' id='word_1_302' title='bbox 1414 2240 1555 2287; x_wconf 88' lang='lat' dir='ltr'>filium,</span> <span class='ocrx_word' id='word_1_303' title='bbox 1583 2255 1784 2281; x_wconf 84' lang='lat' dir='ltr'>memora-</span> 
     </span>
     <span class='ocr_line' id='line_1_39' title="bbox 280 2294 1784 2349; baseline 0.003 -16"><span class='ocrx_word' id='word_1_304' title='bbox 280 2300 368 2333; x_wconf 82' lang='lat' dir='ltr'>tum</span> <span class='ocrx_word' id='word_1_305' title='bbox 402 2294 455 2333; x_wconf 82' lang='lat' dir='ltr'>ab</span> <span class='ocrx_word' id='word_1_306' title='bbox 494 2294 619 2333; x_wconf 82' lang='lat' dir='ltr'>Isocr.</span> <span class='ocrx_word' id='word_1_307' title='bbox 654 2295 704 2333; x_wconf 87' lang='lat' dir='ltr'>de</span> <span class='ocrx_word' id='word_1_308' title='bbox 741 2294 872 2333; x_wconf 80' lang='lat' dir='ltr'>antid.</span> <span class='ocrx_word' id='word_1_309' title='bbox 901 2309 939 2347; x_wconf 90' lang='lat' dir='ltr'>p.</span> <span class='ocrx_word' id='word_1_310' title='bbox 961 2306 1057 2347; x_wconf 81' lang='lat'>451.</span> <span class='ocrx_word' id='word_1_311' title='bbox 1084 2297 1104 2348; x_wconf 53' lang='lat' dir='ltr'>{x</span> <span class='ocrx_word' id='word_1_312' title='bbox 1135 2308 1222 2348; x_wconf 83' lang='lat'>¹37-</span> <span class='ocrx_word' id='word_1_313' title='bbox 1254 2295 1316 2334; x_wconf 89' lang='lat' dir='ltr'>ed.</span> <span class='ocrx_word' id='word_1_314' title='bbox 1349 2295 1493 2349; x_wconf 56' lang='lat' dir='ltr'>Belgk„</span> <span class='ocrx_word' id='word_1_315' title='bbox 1518 2296 1784 2337; x_wconf 90' lang='lat' dir='ltr'>Pseudo-De-</span> 
     </span>
     <span class='ocr_line' id='line_1_40' title="bbox 280 2349 1783 2405; baseline 0.002 -17"><span class='ocrx_word' id='word_1_316' title='bbox 280 2350 431 2389; x_wconf 87' lang='lat' dir='ltr'>mosth.</span> <span class='ocrx_word' id='word_1_317' title='bbox 465 2349 600 2402; x_wconf 83' lang='lat' dir='ltr'>Epist.</span> <span class='ocrx_word' id='word_1_318' title='bbox 624 2363 661 2402; x_wconf 76' lang='lat'>3.</span> <span class='ocrx_word' id='word_1_319' title='bbox 690 2364 730 2401; x_wconf 94' lang='lat' dir='ltr'>p.</span> <span class='ocrx_word' id='word_1_320' title='bbox 754 2351 871 2398; x_wconf 77' lang='lat'>1482,</span> <span class='ocrx_word' id='word_1_321' title='bbox 895 2356 932 2388; x_wconf 85' lang='grc'>6.</span> <span class='ocrx_word' id='word_1_322' title='bbox 977 2350 1146 2403; x_wconf 72' lang='lat' dir='ltr'>Dionys.</span> <span class='ocrx_word' id='word_1_323' title='bbox 1181 2351 1279 2390; x_wconf 88' lang='lat' dir='ltr'>Hal.</span> <span class='ocrx_word' id='word_1_324' title='bbox 1307 2351 1381 2390; x_wconf 83' lang='lat' dir='ltr'>vol.</span> <span class='ocrx_word' id='word_1_325' title='bbox 1404 2364 1443 2404; x_wconf 78' lang='lat'>5.</span> <span class='ocrx_word' id='word_1_326' title='bbox 1477 2367 1517 2405; x_wconf 92' lang='lat' dir='ltr'>p.</span> <span class='ocrx_word' id='word_1_327' title='bbox 1542 2355 1636 2404; x_wconf 89' lang='grc'>667.</span> <span class='ocrx_word' id='word_1_328' title='bbox 1669 2358 1712 2393; x_wconf 85' lang='lat' dir='ltr'>et</span> <span class='ocrx_word' id='word_1_329' title='bbox 1742 2353 1783 2392; x_wconf 93' lang='lat' dir='ltr'>in</span> 
     </span>
     <span class='ocr_line' id='line_1_41' title="bbox 281 2405 1364 2459; baseline 0.002 -15"><span class='ocrx_word' id='word_1_330' title='bbox 281 2406 401 2444; x_wconf 81' lang='lat' dir='ltr'>inser.</span> <span class='ocrx_word' id='word_1_331' title='bbox 425 2405 558 2445; x_wconf 88' lang='lat' dir='ltr'>navali</span> <span class='ocrx_word' id='word_1_332' title='bbox 581 2420 606 2445; x_wconf 90' lang='lat' dir='ltr'>a</span> <span class='ocrx_word' id='word_1_333' title='bbox 627 2405 835 2444; x_wconf 82' lang='lat' dir='ltr'>Boeckhio</span> <span class='ocrx_word' id='word_1_334' title='bbox 858 2405 981 2451; x_wconf 83' lang='lat' dir='ltr'>edita,</span> <span class='ocrx_word' id='word_1_335' title='bbox 1005 2420 1126 2458; x_wconf 85' lang='lat' dir='ltr'>quem</span> <span class='ocrx_word' id='word_1_336' title='bbox 1149 2422 1183 2445; x_wconf 94' lang='lat' dir='ltr'>v.</span> <span class='ocrx_word' id='word_1_337' title='bbox 1206 2421 1245 2459; x_wconf 91' lang='lat' dir='ltr'>p.</span> <span class='ocrx_word' id='word_1_338' title='bbox 1270 2419 1364 2457; x_wconf 70' lang='lat'>244.</span> 
     </span>
    </p>

    <p class='ocr_par' dir='ltr' id='par_1_15' title="bbox 280 2461 1784 2722">
     <span class='ocr_line' id='line_1_42' title="bbox 340 2461 1784 2513; baseline 0.002 -13"><span class='ocrx_word' id='word_1_339' title='bbox 340 2472 432 2513; x_wconf 79' lang='lat'>217,</span> <span class='ocrx_word' id='word_1_340' title='bbox 458 2473 520 2513; x_wconf 78' lang='lat'>25.</span> <span class='ocrx_word' id='word_1_341' title='bbox 568 2461 824 2513; x_wconf 77' lang='grc' dir='ltr'>ἃμα--ἣσαν]</span> <span class='ocrx_word' id='word_1_342' title='bbox 869 2462 954 2500; x_wconf 85' lang='grc' dir='ltr'>ἀντὶ</span> <span class='ocrx_word' id='word_1_343' title='bbox 989 2465 1054 2500; x_wconf 81' lang='grc' dir='ltr'>τοῦ</span> <span class='ocrx_word' id='word_1_344' title='bbox 1089 2463 1430 2512; x_wconf 76' lang='grc' dir='ltr'>παρανενομήκασι</span> <span class='ocrx_word' id='word_1_345' title='bbox 1466 2465 1527 2502; x_wconf 81' lang='grc' dir='ltr'>καὶ</span> <span class='ocrx_word' id='word_1_346' title='bbox 1559 2465 1784 2513; x_wconf 82' lang='grc' dir='ltr'>ἀναίσθητοι</span> 
     </span>
     <span class='ocr_line' id='line_1_43' title="bbox 281 2516 1783 2573; baseline 0.001 -17"><span class='ocrx_word' id='word_1_347' title='bbox 281 2517 476 2567; x_wconf 81' lang='grc' dir='ltr'>ἐγένοντο.</span> <span class='ocrx_word' id='word_1_348' title='bbox 538 2516 832 2556; x_wconf 79' lang='lat' dir='ltr'>Detentionenl</span> <span class='ocrx_word' id='word_1_349' title='bbox 866 2516 976 2556; x_wconf 84' lang='lat' dir='ltr'>illam</span> <span class='ocrx_word' id='word_1_350' title='bbox 1012 2517 1281 2557; x_wconf 83' lang='lat' dir='ltr'>Ponticarum</span> <span class='ocrx_word' id='word_1_351' title='bbox 1318 2518 1482 2558; x_wconf 84' lang='lat' dir='ltr'>navium</span> <span class='ocrx_word' id='word_1_352' title='bbox 1511 2524 1553 2559; x_wconf 88' lang='lat' dir='ltr'>et</span> <span class='ocrx_word' id='word_1_353' title='bbox 1585 2519 1783 2573; x_wconf 87' lang='lat' dir='ltr'>injustam</span> 
     </span>
     <span class='ocr_line' id='line_1_44' title="bbox 280 2572 1783 2628; baseline 0.002 -17"><span class='ocrx_word' id='word_1_354' title='bbox 280 2572 406 2611; x_wconf 82' lang='lat' dir='ltr'>fuisse</span> <span class='ocrx_word' id='word_1_355' title='bbox 437 2577 479 2612; x_wconf 82' lang='lat' dir='ltr'>et</span> <span class='ocrx_word' id='word_1_356' title='bbox 510 2572 702 2612; x_wconf 81' lang='lat' dir='ltr'>incallide</span> <span class='ocrx_word' id='word_1_357' title='bbox 737 2573 902 2619; x_wconf 70' lang='lat' dir='ltr'>iactam,</span> <span class='ocrx_word' id='word_1_358' title='bbox 931 2587 982 2612; x_wconf 85' lang='lat' dir='ltr'>ex</span> <span class='ocrx_word' id='word_1_359' title='bbox 1014 2587 1061 2611; x_wconf 89' lang='lat' dir='ltr'>eo</span> <span class='ocrx_word' id='word_1_360' title='bbox 1093 2574 1257 2626; x_wconf 85' lang='lat' dir='ltr'>probat,</span> <span class='ocrx_word' id='word_1_361' title='bbox 1286 2574 1395 2626; x_wconf 83' lang='lat' dir='ltr'>quod</span> <span class='ocrx_word' id='word_1_362' title='bbox 1426 2589 1572 2628; x_wconf 88' lang='lat' dir='ltr'>parum</span> <span class='ocrx_word' id='word_1_363' title='bbox 1602 2575 1783 2615; x_wconf 85' lang='lat' dir='ltr'>abfuerit</span> 
     </span>
     <span class='ocr_line' id='line_1_45' title="bbox 281 2628 1780 2684; baseline 0.002 -19"><span class='ocrx_word' id='word_1_364' title='bbox 281 2628 378 2680; x_wconf 73' lang='lat' dir='ltr'>quin</span> <span class='ocrx_word' id='word_1_365' title='bbox 428 2643 453 2667; x_wconf 90' lang='lat' dir='ltr'>a</span> <span class='ocrx_word' id='word_1_366' title='bbox 495 2628 664 2668; x_wconf 65' lang='lat' dir='ltr'>Graccis</span> <span class='ocrx_word' id='word_1_367' title='bbox 712 2628 970 2681; x_wconf 78' lang='lat' dir='ltr'>principatus</span> <span class='ocrx_word' id='word_1_368' title='bbox 1021 2629 1146 2668; x_wconf 86' lang='lat' dir='ltr'>maris</span> <span class='ocrx_word' id='word_1_369' title='bbox 1190 2630 1490 2669; x_wconf 70' lang='lat' dir='ltr'>Macedonibus</span> <span class='ocrx_word' id='word_1_370' title='bbox 1540 2631 1780 2684; x_wconf 73' lang='lat' dir='ltr'>eriperetur.</span> 
     </span>
     <span class='ocr_line' id='line_1_46' title="bbox 287 2684 473 2722; baseline 0.016 -3"><span class='ocrx_word' id='word_1_371' title='bbox 287 2684 473 2722; x_wconf 75' lang='lat' dir='ltr'>WoLF.</span> 
     </span>
    </p>

    <p class='ocr_par' dir='ltr' id='par_1_16' title="bbox 281 2738 1781 2847">
     <span class='ocr_line' id='line_1_47' title="bbox 340 2738 1781 2795; baseline 0.001 -17"><span class='ocrx_word' id='word_1_372' title='bbox 340 2750 431 2789; x_wconf 79' lang='lat'>217,</span> <span class='ocrx_word' id='word_1_373' title='bbox 452 2750 512 2789; x_wconf 74' lang='lat'>27.</span> <span class='ocrx_word' id='word_1_374' title='bbox 536 2739 556 2777; x_wconf 78' lang='grc' dir='ltr'>ὃ</span> <span class='ocrx_word' id='word_1_375' title='bbox 579 2738 663 2788; x_wconf 71' lang='grc' dir='ltr'>παρ’</span> <span class='ocrx_word' id='word_1_376' title='bbox 690 2740 1029 2790; x_wconf 43' lang='grc' dir='ltr'>ἐλάχιστον-*τὴν</span> <span class='ocrx_word' id='word_1_377' title='bbox 1051 2743 1145 2779; x_wconf 70' lang='grc' dir='ltr'>κατὰ</span> <span class='ocrx_word' id='word_1_378' title='bbox 1167 2741 1363 2780; x_wconf 77' lang='grc' dir='ltr'>θάλατταν</span> <span class='ocrx_word' id='word_1_379' title='bbox 1384 2742 1614 2795; x_wconf 74' lang='grc' dir='ltr'>ἡγεμονίαν]</span> <span class='ocrx_word' id='word_1_380' title='bbox 1639 2742 1781 2783; x_wconf 75' lang='lat' dir='ltr'>Citant</span> 
     </span>
     <span class='ocr_line' id='line_1_48' title="bbox 281 2794 1606 2847; baseline 0.004 -16"><span class='ocrx_word' id='word_1_381' title='bbox 281 2794 439 2832; x_wconf 70' lang='lat' dir='ltr'>Anecd.</span> <span class='ocrx_word' id='word_1_382' title='bbox 467 2795 594 2833; x_wconf 65' lang='lat' dir='ltr'>Bekk.</span> <span class='ocrx_word' id='word_1_383' title='bbox 620 2809 656 2847; x_wconf 89' lang='lat' dir='ltr'>p.</span> <span class='ocrx_word' id='word_1_384' title='bbox 685 2807 771 2841; x_wconf 83' lang='grc'>121,</span> <span class='ocrx_word' id='word_1_385' title='bbox 797 2809 831 2845; x_wconf 90' lang='grc'>7.</span> <span class='ocrx_word' id='word_1_386' title='bbox 895 2795 1223 2836; x_wconf 64' lang='grc' dir='ltr'>ΞΟ11ΑΕΡΕΗ.</span> <span class='ocrx_word' id='word_1_387' title='bbox 1598 2794 1606 2796; x_wconf 59' lang='lat'>‚</span> 
     </span>
    </p>
   </div>
   <div class='ocr_carea' id='block_1_4' title="bbox 338 2849 1781 2902">
    <p class='ocr_par' dir='ltr' id='par_1_17' title="bbox 338 2849 1781 2902">
     <span class='ocr_line' id='line_1_49' title="bbox 338 2849 1781 2902; baseline 0.003 -15"><span class='ocrx_word' id='word_1_388' title='bbox 338 2849 612 2902; x_wconf 74' lang='grc' dir='ltr'>ἀφαιρεθῆναι]</span> <span class='ocrx_word' id='word_1_389' title='bbox 645 2850 666 2899; x_wconf 76' lang='grc' dir='ltr'>ἦ</span> <span class='ocrx_word' id='word_1_390' title='bbox 695 2851 766 2889; x_wconf 79' lang='grc' dir='ltr'>ὑπὸ</span> <span class='ocrx_word' id='word_1_391' title='bbox 793 2855 868 2890; x_wconf 83' lang='grc' dir='ltr'>τῶν</span> <span class='ocrx_word' id='word_1_392' title='bbox 888 2850 1107 2901; x_wconf 47' lang='grc' dir='ltr'>(Ελλήνων,</span> <span class='ocrx_word' id='word_1_393' title='bbox 1132 2851 1153 2901; x_wconf 81' lang='grc' dir='ltr'>ἦ</span> <span class='ocrx_word' id='word_1_394' title='bbox 1182 2853 1253 2891; x_wconf 77' lang='grc' dir='ltr'>ὑπὸ</span> <span class='ocrx_word' id='word_1_395' title='bbox 1286 2856 1360 2891; x_wconf 80' lang='grc' dir='ltr'>τῶν</span> <span class='ocrx_word' id='word_1_396' title='bbox 1381 2851 1607 2902; x_wconf 84' lang='grc' dir='ltr'>Ἀθηναίων.</span> <span class='ocrx_word' id='word_1_397' title='bbox 1672 2852 1781 2892; x_wconf 85' lang='lat' dir='ltr'>Hinc</span> 
     </span>
    </p>
   </div>
  </div>
 </body>
</html>
