1934 3179
293 116 377 154 354
849 118 963 158 PRO
996 117 1249 158 CORONA.

353 231 445 272 250,
468 233 507 272 3.
540 222 761 274 Εὔβουλος]
800 222 1105 261 Demosthenes
1134 222 1383 262 demoticum
1412 237 1559 263 nomen
1581 238 1663 263 non
1684 224 1798 264 addi-

294 274 368 323 dit,
392 289 512 315 nemo
545 280 685 315 autem
715 277 975 316 audientium
1006 277 1056 317 de
1088 277 1354 317 celeberrimo
1381 279 1659 331 Anaphlystio
1689 280 1799 332 cogi-

293 334 385 370 tare
407 331 556 384 potuit,
580 332 774 383 quoniam
796 332 862 371 hie
887 332 1068 385 Philippi
1090 333 1280 385 partibus
1300 334 1415 374 favit.
1461 332 1798 375 BOEHNEOK.

293 400 332 438 p.
354 398 450 437 479.
511 386 642 436 Quem
675 387 767 427 vide
797 387 925 427 etiam
957 387 997 426 in
1036 388 1254 428 Addendis
1280 403 1320 442 p.
1343 392 1438 443 659.
1474 395 1517 430 et
1552 390 1737 430 Voemel.
1763 404 1799 431 2.

322 473 330 481 .
354 454 416 480 10.

291 456 317 494 p
353 508 445 549 250,
462 510 502 546 4.
523 496 789 550 Ἀριστοφῶν]
821 498 874 538 V.
892 499 945 538 ad
967 514 1005 552 p.
1026 500 1119 550 248,
1136 500 1172 539 8.
1194 505 1238 540 01
1254 499 1489 540 Boehneck.
1507 501 1582 540 vol.
1608 515 1638 540 1.
1662 516 1701 554 p.
1717 504 1797 554 659

290 565 402 605 seqq.
426 552 611 592 Voemel.
637 565 674 592 2.
696 568 736 606 p.
761 567 821 606 13.

351 620 443 659 250,
465 621 504 661 5.
536 607 803 662 (Ηγήσιπποή
838 609 1112 664 Hegesippus.
1147 616 1290 651 orator
1320 612 1484 650 easdem
1516 611 1556 650 in
1588 613 1799 665 republica

290 668 433 715 partes
451 677 543 702 cum
558 664 842 705 Demosthene
857 665 1083 718 amplexus,
1099 667 1150 705 de
1167 681 1247 719 quo
1263 667 1383 719 plura
1396 666 1487 707 vide
1500 667 1794 720 ap.Ruhnken.

289 718 330 756 in
354 718 467 758 Hist.
484 719 584 759 Crit.
604 735 641 772 p.
662 720 712 770 78
736 734 848 774 seqq.
898 722 977 761 Est
998 721 1118 769 idem,
1142 722 1206 761 eui
1228 722 1458 762 orationem
1480 723 1531 762 de
1554 723 1797 764 Halonneso

290 774 528 814 tribuerunt
549 782 734 815 veterum
756 777 936 829 quidam.
998 777 1223 817 DISSEN.

349 843 441 883 250,
466 833 503 870 6.
535 831 676 873 πάντες
707 834 742 871 οἱ
773 833 907 885 ἄλλοι]
953 832 1105 872 Eubuli
1141 833 1191 872 de
1228 833 1400 873 navibus
1435 834 1671 886 repetendis
1707 850 1796 888 pse-

288 885 451 938 phisma
466 886 628 926 cautius
645 887 843 940 scriptum
861 895 965 928 erat.
1012 890 1106 928 Hoc
1128 889 1276 943 legatis
1292 889 1469 942 primum
1487 889 1573 942 regi
1591 891 1795 942 perferen—

287 941 386 980 dum
416 947 520 988 erat,
553 947 742 982 oratores
773 948 914 983 autem
946 944 1192 998 Aristopho,
1221 945 1497 998 Hegesippns‚
1524 945 1792 995 Philocrates,

288 996 562 1050 Gephisopho,
585 998 652 1038 alii
675 1013 763 1038 rem
784 999 936 1039 acriter
957 1000 1196 1053 persequuti
1219 1006 1341 1047 sunt;
1388 1009 1430 1040 et
1451 1001 1625 1054 populus
1646 1002 1794 1055 legatis

285 1052 368 1092 alia
399 1053 567 1093 decreta
600 1055 818 1094 mandasse
847 1055 1023 1103 videtur⁷
1052 1056 1138 1109 regi
1173 1057 1390 1102 tradenda,
1422 1057 1454 1095 si
1489 1071 1570 1096 non
1599 1058 1794 1098 continuo

285 1109 556 1161 postulationi
578 1110 839 1150 satisfaceret
855 1116 929 1151 aut
950 1126 1040 1151 eam
1058 1112 1223 1151 omnino
1241 1112 1478 1165 denegaret.
1518 1112 1635 1153 Haeo
1653 1118 1793 1153 autem

286 1164 476 1204 infestius
503 1165 658 1218 scripta
679 1166 804 1205 fuisse
825 1181 907 1205 non
929 1167 1089 1207 dubito.
1142 1167 1323 1207 Videtur
1343 1168 1518 1220 populus
1539 1169 1625 1222 regi
1648 1183 1793 1222 expro-

286 1220 440 1268 brasse,
473 1221 583 1274 quod
614 1222 746 1274 raptis
774 1222 947 1276 navigiis
978 1238 1121 1276 pacem
1149 1223 1324 1270 violarit,
1347 1228 1388 1263 et
1415 1223 1597 1263 minatus
1631 1239 1718 1264 esse
1750 1240 1793 1265 se

285 1275 322 1314 vi
339 1281 579 1330 recepturos
594 1292 682 1317 esse
700 1292 804 1330 quae
823 1279 915 1330 jure
931 1278 980 1317 iis
997 1279 1235 1332 denegaret.
1272 1279 1400 1318 Simul
1418 1279 1577 1333 legatos
1593 1281 1793 1321 mandata

284 1332 491 1385 accepisse
513 1333 713 1386 conjicere
735 1333 830 1373 lieet
852 1334 944 1373 duci
968 1334 1095 1387 copiis
1117 1334 1157 1373 in
1176 1334 1449 1388 Hellesponto
1470 1337 1681 1388 praefecto
1702 1351 1792 1389 per—

284 1387 466 1427 ferenda.
529 1389 745 1439 Quomodo
775 1404 840 1429 res
871 1395 1086 1430 transacta
1117 1390 1170 1430 sit
1195 1390 1410 1429 nescimus.
1474 1391 1672 1431 Fortasse
1695 1392 1792 1431 Phi-

284 1442 419 1496 lippus
451 1458 531 1482 non
570 1445 767 1484 continuo
802 1445 1033 1499 legatorum
1067 1446 1173 1485 votis
1208 1446 1434 1499 respondit„
1470 1452 1516 1486 111
1558 1452 1792 1488 00101·01·11111

283 1499 541 1551 populorum,
579 1514 753 1552 quorum
794 1515 918 1540 naves
957 1506 1138 1553 ceperat,
1176 1502 1498 1554 postulationem
1535 1502 1603 1541 diu
1644 1504 1788 1544 traxit.

286 1553 435 1594 Potest
457 1555 507 1594 (10
529 1556 606 1595 11110
634 1570 678 1594 re
699 1570 724 1595 a
745 1556 893 1609 legatis
911 1556 1103 1596 Athenas
1124 1557 1297 1596 allatum
1319 1572 1419 1603 esse,
1438 1557 1601 1610 aliaque
1623 1559 1791 1600 decreta

283 1609 408 1657 facta,
444 1610 592 1663 quibus
622 1612 848 1664 postulatio
880 1612 1139 1665 gravioribus
1170 1612 1305 1652 verbis
1340 1612 1520 1665 repetita
1552 1618 1627 1653 est.
1690 1615 1789 1654 Non

283 1665 431 1705 dubito
463 1666 559 1718 quin
594 1667 874 1706 Athenienses
906 1672 1001 1720 post
1033 1672 1157 1720 rapta
1189 1667 1353 1721 navigia
1388 1668 1546 1721 piratas
1577 1669 1789 1711 emiserint

282 1721 336 1760 ad
357 1722 637 1774 possessiones
663 1723 771 1776 regis
785 1723 994 1763 vexandas
1016 1728 1058 1763 et
1080 1723 1263 1776 emporia
1281 1724 1522 1763 claudenda.
1569 1724 1669 1764 Tale
1691 1726 1786 1778 quid

282 1775 409 1816 ctiam
442 1777 534 1816 duci
567 1778 608 1816 in
641 1778 915 1831 Hellesponto
945 1779 1163 1818 mandasse
1192 1779 1393 1818 videntur.
1417 1779 1467 1817 ef.
1492 1780 1609 1819 Dein.
1635 1781 1685 1821 de
1706 1796 1786 1820 cor.

281 1846 322 1884 p.
348 1834 440 1883 276.
474 1833 814 1873 BOEHNEGK.
877 1834 1045 1884 Quaest.
1068 1835 1144 1873 vol.
1170 1848 1201 1873 1.
1223 1849 1261 1887 p.
1278 1834 1373 1886 483.
1398 1849 1458 1887 sq.

340 1899 433 1940 250,
451 1900 485 1938 7.
510 1889 621 1942 λέγε]
646 1889 857 1942 Scriptum
874 1889 1082 1942 publicum
1101 1890 1210 1942 quod
1227 1890 1415 1942 sequitur
1428 1890 1480 1929 ad
1498 1890 1674 1930 alteram
1691 1892 1785 1931 Ari-

282 1943 518 1996 stophontis
557 1945 816 1998 rogationem
856 1945 1064 1998 pertinere
1099 1945 1275 1986 videtur.
1317 1945 1657 1986 BOEHNEOK.
1694 1947 1719 1986 1,
1752 1962 1785 1987 0.

282 2013 321 2050 p.
350 2001 446 2046 482.
507 1999 715 2040 Dixerunt
747 2001 797 2040 de
828 2001 905 2039 hoc
935 2000 1091 2054 scripto
1128 2001 1329 2054 Droysen.
1366 2016 1404 2054 p.
1435 2013 1527 2053 799.
1569 2006 1611 2041 et
1641 2007 1787 2043 contra

283 2068 377 2093 eum
401 2054 587 2094 Voemel.
611 2067 646 2094 2.
670 2071 708 2108 p.
734 2068 778 2095 12
802 2070 916 2109 seqq.

340 2121 434 2162 250,
458 2112 495 2149 ὃ.
527 2112 798 2164 ΨΙᾼΙΦΙΣΜΑ]
837 2111 930 2151 Hoc
965 2112 1165 2165 scriptum
1205 2113 1427 2165 publicum,
1464 2113 1528 2152 eui
1569 2128 1786 2167 perperam

280 2165 575 2218 psephismatis
606 2181 754 2205 nomen
786 2167 976 2206 additum
1006 2182 1097 2207 esse
1118 2168 1293 2216 videtur,
1316 2183 1397 2207 non
1429 2173 1493 2208 est
1521 2175 1690 2209 senatus
1718 2171 1786 2209 de-

283 2225 454 2267 cretum.
479 2222 550 2260 sed
572 2223 699 2261 refert
725 2222 982 2262 solummodo
1004 2223 1099 2275 quid
1134 2229 1302 2263 senatus
1332 2224 1471 2277 populi
1494 2225 1612 2277 jussu
1639 2225 1784 2278 egerit.

280 2278 336 2327 (v.
356 2276 629 2316 Schoemann.
652 2278 703 2316 de
725 2278 864 2317 comit.
888 2293 927 2330 p.
946 2292 1013 2329 90.
1033 2279 1126 2329 (A.)
1150 2281 1258 2332 130.)
1309 2281 1376 2318 Ex
1395 2280 1544 2319 Eubuli
1567 2280 1785 2334 rogatione

278 2331 454 2384 populus
485 2332 646 2372 senatui
678 2337 932 2385 potestatem
965 2334 1209 2386 permiserat
1239 2335 1400 2388 legatos
1430 2336 1609 2374 creandi.
1662 2336 1784 2376 Post-

281 2400 404 2439 quam
437 2387 564 2440 igitur
597 2393 793 2440 1;›1·yta11es
821 2397 862 2427 et
890 2389 1064 2442 strategi
1091 2389 1142 2428 de
1169 2389 1230 2435 118,
1254 2404 1358 2442 quae
1385 2389 1425 2428 in
1452 2391 1645 2430 concione
1671 2391 1785 2432 dicta

280 2442 530 2495 decretaque
560 2448 692 2490 erant,
716 2444 770 2483 ad
801 2449 991 2483 senatum
1022 2445 1264 2492 retulerunt,
1288 2445 1485 2498 singulari
1518 2451 1686 2486 senatus
1715 2447 1783 2487 de-

278 2502 394 2537 creto
415 2513 518 2551 opus
547 2503 638 2538 erat
664 2499 713 2538 de
739 2499 927 2539 creandis
954 2500 1114 2553 legatis.
1176 2500 1407 2553 Aristopho
1433 2506 1574 2541 autem
1602 2502 1782 2556 rogatio-

279 2567 373 2593 nem
408 2554 653 2607 conscripsit
690 2555 830 2605 (εἶπε),
857 2555 1034 2595 fortasse
1067 2555 1194 2595 etiam
1225 2556 1457 2609 legatorum
1490 2557 1656 2598 nomina
1690 2572 1783 2611 pro-

278 2609 429 2661 posuit.
483 2609 532 2648 In
553 2610 630 2649 hoc
653 2615 820 2650 senatus
842 2610 1021 2657 decreto,
1038 2611 1146 2664 quod
1169 2612 1287 2650 nobis
1307 2626 1388 2651 non
1411 2617 1619 2651 servatum
1640 2618 1715 2661 est,
1731 2614 1782 2653 de

276 2664 508 2718 legatorum
540 2665 807 2718 profectione,
831 2666 881 2705 de
902 2666 1051 2706 viatico
1083 2671 1125 2706 et
1151 2667 1361 2706 mandatis
1389 2667 1437 2706 iis
1462 2667 1610 2707 dandis
1631 2669 1780 2708 eonsti-

279 2724 417 2759 tutum
431 2720 555 2759 fuisse
568 2721 746 2760 videtur.
781 2721 893 2760 Talis
906 2726 1046 2761 autem
1063 2721 1226 2775 rogatio
1243 2736 1324 2761 non
1341 2722 1470 2761 solum
1484 2737 1508 2762 a
1522 2723 1778 2775 prytanibus,

277 2789 418 2814 verum
440 2775 566 2815 etiam
586 2791 611 2815 a
632 2776 775 2829 quovis
795 2782 987 2816 senatore
1007 2777 1181 2830 proponi
1206 2782 1387 2830 poterat.
1438 2777 1775 2819 BOEHNECK.

277 2830 302 2868 l.
324 2845 358 2869 0.
381 2845 418 2884 p.
441 2833 537 2884 483.
569 2831 872 2871 Demosthenes
899 2846 980 2871 non
1012 2832 1183 2871 dubium
1212 2836 1276 2872 est
1305 2832 1402 2884 quin
1434 2847 1513 2871 non
1545 2833 1777 2873 istiusmodi

277 2885 487 2937 scriptum,
511 2887 582 2925 sed
604 2886 693 2940 ipsa
713 2887 959 2939 populiscita
980 2887 1143 2927 recitari
1162 2887 1346 2940 jusserit.
