1950 3210
640 156 752 194 PRO
785 155 1035 195 CORONA.
1515 157 1594 196 465

81 258 260 311 accipias
278 268 405 312 atque
427 260 733 313 interpreteris:
761 261 985 313 pronuntia
1009 260 1124 298 istaec
1139 259 1185 297 (le
1206 264 1352 311 serapte
1374 260 1593 299 recitanda.

83 313 276 353 RElsK.
342 315 494 354 Reiskii
519 316 627 356 ratio
648 316 747 355 mihi
771 315 936 368 quidem
964 328 1107 368 parum
1138 315 1364 366 probatur:
1400 328 1493 354 nam
1518 315 1594 355 hoc

80 369 177 420 λέγε
214 370 313 409 1111111
352 371 490 411 differt
525 372 580 411 ab
616 372 749 412 altero
786 371 994 421 ἀνάγνωθι.
1052 372 1096 409 V.
1126 375 1212 409 not.
1246 371 1300 409 ad
1333 384 1369 422 p.
1408 383 1499 421 234,
1530 382 1594 421 27.

82 424 202 474 Quod
234 426 266 464 si
298 427 423 465 ambo
454 427 688 480 imperativi
721 441 793 480 per
824 427 952 465 solam
984 426 1173 479 copulam
1210 426 1267 464 sie
1300 425 1593 476 jungerentur,

81 493 207 519 unum
238 488 283 521 ut
311 483 495 521 facerent
524 483 753 522 membrum
777 481 993 529 orationis.
1018 481 1290 521 intolerabilis
1312 482 1422 520 foret
1444 481 1516 520 tali
1552 482 1590 520 in

80 535 257 576 formula
277 537 552 589 pleonasmus.
603 538 683 577 Sed
707 537 872 591 utrique
889 551 982 576 eum
1004 552 1102 575 suus
1123 537 1295 576 accedat
1318 537 1593 584 aecusativus,

81 591 209 643 priori
238 593 356 637 ταυτὶ,
383 593 603 645 posteriori
625 593 694 632 τὸν
716 593 890 644 ἀριθμὸν,
914 593 996 631 (1110
1026 592 1233 632 exsistunt
1265 592 1451 631 membra
1483 593 1595 645 pleo-

81 647 283 687 nasticam
315 648 564 687 locutionem
598 648 658 688 ita
689 648 970 694 obscurantia,
1001 654 1045 687 ut
1080 662 1198 687 nemo
1225 647 1443 700 quisquam
1474 648 1595 687 facile

79 702 327 742 offendatur.
402 704 559 743 Fateor
598 704 673 742 hos
717 703 977 743 accusativos
1017 704 1190 743 eandem
1233 717 1318 742 rem
1361 703 1593 756 significare

80 759 435 812 posterioremque
456 759 748 799 tantummodo
770 759 985 809 ἐξηγήσεως
1006 759 1121 810 χάριν
1142 758 1330 798 additum
1354 773 1457 797 esse.
1512 760 1593 798 Sed

80 813 158 853 hoc
196 813 295 853 nihil
331 815 475 854 obstat
511 815 609 867 quin
652 815 776 854 ambo
816 814 1083 867 imperativsm
1120 814 1207 853 sine
1245 814 1326 853 ulla
1370 814 1595 854 offensione

80 868 275 922 legamus,
331 870 446 909 ldem
464 870 621 910 dictum
643 874 733 910 esto
750 871 801 909 de
818 870 950 909 altero
972 869 1061 909 1000
1080 885 1118 922 p.
1135 871 1309 923 363,10.
1345 870 1593 909 SeHAEF.

136 926 233 977 328,
255 939 294 979 3.
317 925 469 979 ἁπλῶς]
504 926 613 976 Quid
635 925 690 965 sit
713 926 863 965 docent
894 925 1107 978 superiora
1135 940 1173 978 p.
1195 936 1291 978 325,
1316 937 1391 976 17.,
1415 926 1483 965 ubi
1503 926 1596 979 jun-

79 985 238 1033 guntur
256 983 382 1031 ὑγιῶς,
406 983 558 1023 δικαίως
579 986 622 1021 et
643 983 787 1023 ἁπλῶς.
831 980 1081 1021 SCHAEF.

136 1037 242 1086 ὑμεῖς
263 1038 397 1078 ἁπλῶς
413 1038 547 1089 ἄγετε]
581 1036 843 1089 Sinefmmde
864 1037 997 1089 ayitz's.
1061 1035 1348 1075 Excusaverat
1367 1037 1597 1076 Aeschines

81 1091 429 1144 tranquillitatem
450 1106 568 1132 suam
590 1098 632 1132 et
654 1092 863 1131 silentium
884 1107 922 1145 p.
947 1093 1016 1140 84.
1075 1092 1145 1130 Ad
1169 1106 1275 1144 quae
1298 1106 1405 1130 1111110
1428 1106 1594 1145 respon-

81 1146 153 1186 det
183 1152 342 1187 auctor.
404 1147 514 1187 Nam
545 1153 869 1188 consentaneum
900 1151 964 1187 est
990 1147 1241 1186 Aeschinem
1267 1147 1355 1199 jam
1388 1148 1500 1200 apud
1532 1148 1596 1201 ju-

81 1202 192 1241 dices
228 1203 438 1243 silentium
473 1202 588 1256 prius
623 1218 743 1242 suum
779 1202 1054 1250 excusandsse,
1090 1216 1164 1242 nee
1200 1202 1414 1255 probabile
1450 1208 1597 1256 postea

82 1257 247 1297 demum
280 1258 514 1311 hujusmodi
543 1259 642 1311 quid
674 1260 728 1298 ab
765 1273 813 1298 eo
846 1258 1060 1297 insertum.
1123 1258 1188 1297 Ae
1220 1258 1597 1297 Rauchensteinius

81 1314 277 1354 observat
308 1314 426 1353 simul
457 1314 689 1367 praesentis
721 1314 804 1354 litis
831 1315 885 1353 ab
918 1313 1128 1353 Aeschine
1159 1313 1314 1353 factam
1346 1313 1597 1354 malitiosam

82 1368 324 1409 dilationem
346 1370 410 1408 his
427 1369 561 1409 verbis
582 1370 687 1409 bene
710 1370 859 1416 notari,
878 1369 956 1408 etsi
977 1383 1051 1422 per
1073 1383 1116 1408 se
1138 1369 1189 1408 de
1210 1368 1396 1408 moribus
1418 1369 1596 1409 hominis

82 1424 272 1464 universe
293 1424 458 1464 dicitur.
502 1425 726 1465 DISSEN.

138 1481 234 1533 328,
259 1494 267 1519 1
286 1493 318 1519 1.
343 1482 404 1520 καὶ
425 1482 665 1532 συνειλοχὼς
684 1480 835 1531 ῥήματα
858 1482 918 1520 καὶ
938 1480 1100 1532 λόγους]
1135 1479 1238 1519 Cum
1261 1484 1476 1519 contemtu
1499 1479 1597 1519 dici—

82 1540 164 1576 tur.
214 1535 433 1589 Aristoph.
458 1536 563 1575 Rau.
588 1538 681 1575 866.
705 1535 1158 1586 στωμυλιοσυλλεκτάδη.
1210 1533 1314 1574 Ibid.
1342 1536 1436 1587 874.
1461 1539 1597 1586 Κρητι-

84 1593 151 1633 κὰς
171 1592 375 1642 ξυλλέγων
394 1593 600 1644 μονῳδίας.
648 1591 948 1643 Αο11α1·11.405.
973 1591 1178 1641 ξυλλέγων
1193 1589 1378 1630 ἐπύλλια.
1424 1590 1595 1630 Lucian.

83 1647 134 1685 de
158 1646 294 1686 Luc-tu
315 1661 347 1686 0.
374 1659 438 1686 20.
462 1648 722 1698 συνειλοχότα
743 1649 914 1687 παλαιὰς
935 1646 1153 1697 συμφοράς.
1196 1645 1423 1684 DISSEN.

138 1703 322 1764 328,12.
353 1703 523 1752 συνείρει
553 1703 710 1743 τούτους
741 1705 879 1753 σαφῶς
912 1703 973 1740 καὶ
1009 1701 1216 1753 ἀπνευστὶ]
1254 1700 1459 1753 Exempla
1489 1700 1597 1739 locu-

82 1757 209 1796 tionis
232 1757 325 1796 vide
351 1758 463 1810 apud
484 1757 655 1797 Jacobs.
677 1758 731 1797 ad
753 1757 903 1796 Achill.
929 1757 1025 1796 Tat.
1049 1771 1089 1809 p
1114 1757 1207 1795 868.
1269 1755 1336 1795 Sic
1364 1756 1444 1794 Dio
1468 1755 1595 1808 0111),-

83 1817 183 1852 sost.
199 1812 258 1852 01
259 1816 320 1852 at.
335 1825 403 1866 33.
427 1813 488 1851 καὶ
509 1812 608 1852 πάνυ
629 1814 784 1864 χαίρετε
805 1813 992 1852 ἀπνευστὶ
1013 1813 1251 1861 ξυνείροντες
1267 1827 1456 1850 τοσουτον
1473 1812 1598 1862 ὄχλον

82 1868 274 1918 ῥημάτων.
335 1868 399 1906 Αο
421 1868 533 1906 vides
555 1867 682 1907 etiam
704 1871 840 1918 σαφῶς
869 1867 935 1905 1110
962 1880 1055 1905 011111
1081 1870 1295 1905 contemtu
1323 1866 1403 1905 diei
1433 1866 1483 1904 de
1515 1865 1598 1905 ista

83 1922 353 1975 loquacitate.
420 1922 643 1962 Caetelum
685 1936 879 1976 magnam
915 1936 1014 1961 sane
1046 1921 1291 1961 facilitatem
1327 1921 1490 1960 dicendi
1526 1921 1597 1960 ha-

84 1978 222 2017 buisse
247 1977 433 2017 traditur
455 1978 686 2017 Aeschines
708 1983 750 2017 et
774 1977 897 2017 affert
918 1976 1144 2016 Jacobsius
1166 1980 1400 2029 opportune
1422 1976 1595 2027 Dionys.

86 2032 302 2072 Halicarn.
338 2033 508 2073 Censur.
542 2037 622 2072 vet.
657 2033 799 2085 script.
837 2047 876 2085 p.
910 2046 1004 2085 434.
1045 2037 1084 2071 et
1125 2032 1175 2071 de
1213 2031 1347 2071 admi1
1349 2032 1415 2071 ab.
1447 2031 1485 2071 vi
1517 2031 1597 2071 De-

84 2089 236 2127 mosth.
258 2102 292 2127 0.
315 2101 384 2140 35.
407 2103 446 2141 p.
471 2091 590 2142 1063.
613 2093 657 2128 et
679 2088 925 2127 Philostrat.
946 2087 1034 2127 Vit.
1060 2087 1186 2153 Soph'.
1209 2086 1400 2126 Prooem.
1423 2101 1461 2140 p
1485 2089 1580 2137 487.
1574 2119 1595 2134 .‚

90 2144 207 2190 1,18,
230 2156 269 2196 3.
291 2157 330 2195 p.
353 2156 435 2196 509
459 2157 541 2195 seq.
565 2143 634 2182 11111
657 2144 783 2182 haee:
818 2143 1033 2193 σαφηνείας
1055 2143 1138 2192 φῶς
1168 2141 1212 2181 ἐν
1234 2144 1284 2195 τῷ
1305 2143 1424 2194 λόγῳ.
1482 2142 1596 2182 Vela

84 2174 226 2237 ailtem
246 2204 338 2237 arte
358 2199 479 2251 lonoe
502 2198 732 2238 Aeschines
753 2198 923 2237 111101101
945 2197 1241 2237 Demosthene.
1285 2197 1510 2236 DISSEN.

141 2255 237 2305 328,
264 2265 329 2292 20.
358 2253 544 2303 ἐμπορίου
571 2253 829 2305 κατασκευήι]
866 2253 978 2292 Puta
1009 2252 1059 2291 de
1090 2251 1274 2305 emporio
1305 2266 1410 2291 novo
1440 2266 1596 2292 merea-

86 2312 206 2347 turae
231 2308 398 2347 Atticae
419 2308 532 2348 alia
522 2323 563 2347 111
585 2308 754 2347 01111310
776 2312 1020 2360 comparato
1043 2307 1134 2346 dici.
1179 2307 1406 2346 DISSEN.

143 2364 242 2414 328,
266 2374 331 2402 22.
363 2364 508 2402 τούτων
517 2365 608 2426 γὰρ
639 2362 820 2402 ἁπάντων
847 2369 893 2412 ἠν
920 2362 964 2402 ἐν
989 2367 1069 2404 τοῖς
1099 2364 1178 2402 ἄνω
1209 2364 1363 2413 χρόνοις
1394 2361 1590 2415 ἐξέτασις]

88 2418 250 2456 Horum
282 2417 387 2456 enim
417 2418 593 2456 omnium
622 2423 708 2456 mat
742 2419 786 2457 in
819 2417 1095 2470 superzmombus
1128 2417 1370 2471 tempon'bus
1394 2418 1595 2471 probatio,

86 2472 127 2511 h.
149 2486 183 2511 e.
205 2486 302 2511 nam
328 2472 371 2510 in
402 2472 467 2510 his
498 2473 688 2512 omnibus
718 2478 886 2526 poterat
916 2472 1065 2525 aliquis
1096 2472 1316 2511 ostendere
1347 2476 1390 2511 et
1419 2473 1598 2524 probare

86 2527 384 2566 dexteritatem
405 2541 522 2566 suam
543 2532 585 2566 et
606 2528 788 2566 animum
811 2528 973 2580 patriae
993 2532 1217 2566 amantem.
1261 2526 1486 2566 DISSEN.

144 2583 240 2634 328,
261 2594 325 2634 23.
350 2581 393 2620 ἐν
414 2582 487 2633 οἷς]
527 2582 591 2621 Sc.
611 2582 774 2631 ἀνδράσι
797 2587 928 2622 καλοῖς
951 2583 1144 2631 κάγαθοῖς,
1168 2581 1209 2619 1(1
1232 2582 1342 2632 quod
1365 2595 1386 2619 e
1407 2581 1596 2633 proximo

87 2638 196 2687 ἀνδρὶ
233 2639 336 2688 καλῷ
373 2653 414 2675 τε
457 2637 610 2689 κάγαθῷ
646 2637 777 2676 tacite
815 2635 1118 2688 excipiendum.
1157 2635 1350 2674 REISK.
1413 2636 1464 2674 V.
1489 2651 1596 2688 quae

87 2705 220 2743 nuper
266 2691 405 2729 monui
451 2691 506 2729 ad
552 2691 745 2729 Orestem
788 2690 963 2729 Porsoni
1009 2705 1047 2742 p.
1093 2691 1158 2742 85.
1200 2690 1297 2729 edit.
1340 2696 1438 2729 tert.
1486 2691 1594 2744 Lips.

89 2745 339 2786 SGHAEF.

156 2802 255 2853 328,
292 2812 356 2849 24.
389 2804 548 2850 πρῶτος,
585 2800 628 2838 οὐ
668 2799 862 2852 δεύτερος]
908 2799 1121 2838 Alluditur
1160 2800 1214 2838 ad
1254 2800 1413 2839 celebre
1453 2814 1597 2839 oracu-

87 2856 184 2902 lum,
217 2855 327 2907 quod
366 2854 677 2907 Megarensium
713 2855 908 2906 superbia
941 2855 1150 2908 quondam
1187 2855 1294 2894 tulit.
1363 2854 1517 2894 Exstat
1556 2856 1596 2894 in

89 2910 255 2949 scholiis
283 2910 336 2949 ad
359 2910 567 2949 Theocrit.
591 2923 653 2959 14,
675 2910 757 2960 48..
791 2916 971 2962 suntque
1002 2909 1135 2949 ultimi
1161 2924 1302 2949 versus
1334 2910 1400 2949 hi:
1433 2912 1540 2960 ὑμεῖς
1567 2911 1595 2949 δ’

807 2964 881 3003 nh
