1914 3184
299 120 382 156 242
824 120 901 159 DE
937 119 1296 159 SYMMORIIS.

296 236 443 262 caussa
459 226 598 263 exstat
616 223 914 264 Demosthenis
930 224 1065 264 oratio
1083 239 1117 263 c.
1138 223 1427 277 Phaenippum
1447 238 1487 277 p.
1509 224 1629 277 1038.
1672 224 1810 274 Quum

296 282 438 317 autem
460 278 693 318 Boeckhius
717 292 752 318 2.
776 295 815 333 p.
832 291 871 333 5.
893 280 1149 319 tributorum
1171 280 1297 319 ullam
1318 279 1625 319 immunitatem
1646 293 1809 319 conces-

297 347 385 372 sam
407 348 496 373 esse
517 339 630 374 recte
651 339 786 389 neget,
805 339 896 374 tum
913 336 1051 375 nescio
1068 350 1150 388 qua
1172 336 1222 375 de
1243 349 1390 375 caussa
1409 335 1654 382 Leuconem,
1669 349 1810 389 regem

298 388 485 442 Bospori.
509 390 764 429 tributorum
795 391 1019 430 111111111116111
1039 391 1164 430 fuisse
1190 404 1224 433 2.
1253 406 1292 453 p.
1318 402 1382 443 74.
1406 390 1576 430 scribat.
1638 391 1777 430 Nam
1767 405 1809 430 ln

297 445 486 484 oratione
505 446 665 485 advers.
688 446 854 499 Leptin.
875 461 913 499 p.
929 448 1025 495 462.
1051 448 1110 485 16.
1126 461 1200 499 pei
1202 447 1343 499 spicue
1362 446 1463 486 dicit
1480 446 1806 486 Demosthenes:

228 499 283 539 26
297 504 373 539 τῶν
393 503 468 550 γὰρ
491 503 543 542 εἰς
563 501 630 540 τὸν
652 502 828 551 πόλεμον
860 503 922 541 καὶ
943 502 1013 551 τὴν
1035 503 1227 553 σωτηρίαν
1249 505 1312 551 τῆς
1342 504 1494 543 πόλεως
1513 506 1651 541 πασῶν
1676 504 1810 553 εἰσφο-

295 559 373 605 ρῶν
395 557 455 594 καὶ
476 561 731 608 τριηραρχιῶν
752 559 872 607 ὀρθῶς
906 559 967 597 καὶ
989 559 1141 599 δικαίως
1162 558 1285 599 οὐδεὶς
1307 557 1384 596 ἔστ’
1409 558 1549 606 ἀτελὴς
1571 559 1612 596 ἐκ
1633 561 1710 596 τῶν
1740 574 1811 597 πα-

296 615 418 650 λαιῶν
440 613 580 661 νόμων,
603 613 691 651 οὐδὲ
713 614 778 654 οὓς
799 614 909 654 οὗτος
932 613 976 665 (i.
995 628 1032 652 e.
1056 614 1265 662 Λεπτίνης)
1291 614 1456 664 ἔγραψε,
1474 613 1560 654 τοὺς
1582 612 1647 662 ἀφ’
1670 611 1809 663 ζΑρμο-

297 666 378 705 δίου
401 668 463 706 καὶ
483 666 834 718 Ἀριστογείτονος,
858 669 901 707 id
931 669 1041 721 quod
1063 669 1228 708 brevius
1254 684 1294 721 p.
1315 672 1412 721 465.
1444 682 1474 707 1.
1496 668 1664 721 repetit.
1726 668 1811 707 Eos

297 722 418 769 6111111,
443 722 524 774 qui,
547 723 673 762 veluti
699 724 850 771 Leueo,
874 738 948 763 rex
972 724 1160 777 Bospori,
1180 725 1350 764 civitate
1372 724 1516 763 donati
1537 728 1658 763 erant
1683 725 1812 774 (δημο-

297 779 479 830 ποίητοι),
503 778 537 817 si
559 779 658 831 quid
679 779 720 817 in
738 779 886 819 Attica
908 785 1021 819 terra
1042 780 1324 833 possidebant.
1343 779 1504 819 tributa
1525 793 1575 818 ex
1599 793 1646 818 eo
1668 784 1813 818 contu-

297 832 392 872 lisse
418 848 499 872 non
530 835 665 873 minus
688 849 811 887 quam
834 836 941 875 cives
968 840 1090 875 natos
1109 835 1217 875 idem
1239 840 1351 875 recte
1370 834 1630 874 confirmavit
1651 835 1813 874 duobus

297 889 551 929 testimoniis
572 891 664 930 adv.
689 891 855 944 Leptin.
877 906 916 944 p.
939 894 1033 942 466.
1064 904 1119 931 ιο,
1145 896 1187 931 et
1209 907 1248 944 p.
1266 895 1362 943 469.
1383 904 1423 943 5.
1487 890 1721 930 Leuconem
1741 905 1813 930 au-

299 948 385 983 tem
407 959 506 998 opes
532 946 763 999 possedisse
794 947 836 985 in
859 947 1007 986 Attica
1037 948 1215 986 fortasse
1245 947 1357 1000 apud
1388 960 1574 986 mensam
1604 945 1811 999 publicam

300 1006 526 1053 occupatas
551 1002 654 1041 dicit
676 1002 981 1042 Demosthenes
1007 1003 1098 1042 adv.
1126 1003 1244 1055 Lept.
1277 1018 1316 1056 p.
1340 1006 1435 1054 4⁶9·
1459 1004 1496 1040 6.
1559 1001 1696 1052 Quum
1716 1016 1812 1041 vero

303 1056 484 1096 Leuconi
506 1057 559 1096 ab
582 1057 912 1097 Atheniensibus
942 1058 1191 1111 populiscito
1223 1057 1464 1097 immunitas
1492 1058 1688 1108 (ἀτέλεια)
1712 1058 1814 1097 data

301 1125 390 1151 esse
424 1112 577 1152 dicitur
598 1113 719 1152 Dem.
744 1113 836 1152 adv.
862 1114 982 1166 Lept.
1016 1129 1056 1166 p.
1079 1116 1174 1163 468.
1209 1116 1260 1161 6..
1293 1114 1394 1153 haec
1427 1112 1611 1166 pertinet
1644 1127 1726 1153 non
1759 1114 1814 1153 ad

301 1167 556 1208 tributorum
578 1169 841 1209 collationem
867 1170 1114 1220 (εἰσφοράν),
1133 1170 1205 1208 sed
1227 1170 1279 1209 ad
1302 1183 1474 1208 munera
1494 1173 1661 1208 tantum
1682 1169 1814 1208 solen-

301 1223 371 1262 nia
397 1225 655 1275 (λειτουργίας
678 1227 937 1275 ἐγκυκλίους),
961 1225 1099 1278 qualia
1130 1230 1228 1264 sunt
1249 1224 1458 1278 choragia,
1480 1224 1814 1278 gymnasiarchia

302 1284 345 1318 et
368 1281 556 1325 ἑστίασις,
581 1284 628 1320 1113
658 1280 831 1334 intelligi
852 1281 949 1320 licet
980 1296 1001 1320 e
1024 1281 1145 1320 Dein.
1168 1281 1260 1320 adv
1285 1281 1448 1333 Leptin.
1479 1295 1518 1333 p.
1541 1281 1638 1333 465.
1664 1293 1813 1322 2—12.

302 1334 492 1387 Denique
514 1335 673 1375 etiam
664 1336 691 1374 11
716 1351 788 1389 per
791 1336 935 1390 eguini,
957 1336 1027 1399 qui
1059 1337 1230 1386 μέτοικοι
1253 1337 1511 1383 dicebantur,
1534 1335 1696 1375 tlibuta
1717 1350 1812 1375 con-

302 1390 512 1430 tuler:unt
548 1406 630 1443 qua
660 1391 701 1430 in
729 1406 774 1431 re
795 1392 873 1432 hoc
896 1393 1076 1431 maxime
1106 1392 1373 1432 memorabile
1404 1396 1479 1436 est.
1504 1392 1614 1444 quod
1635 1391 1713 1430 illis
1743 1391 1815 1431 ali-

304 1446 470 1497 quando
492 1447 639 1485 horum
661 1447 969 1487 immunitatem
990 1449 1134 1487 datam
1165 1462 1253 1487 esse
1276 1463 1357 1487 uno
1379 1461 1401 1487 e
1422 1461 1566 1487 marm.
1591 1447 1724 1487 Oxon.
1746 1461 1814 1486 ex-

303 1502 438 1554 emplo
472 1503 757 1555 comprobavit
781 1503 1015 1542 Boeckhius
1040 1516 1075 1544 2.
1099 1519 1137 1556 p.
1163 1514 1182 1555 7
1187 1514 1227 1556 5.
1290 1504 1383 1543 Hoc
1414 1502 1727 1556 peregrinorum
1746 1518 1816 1557 ge-

301 1570 378 1595 nus
406 1571 523 1596 suam
554 1558 751 1598 habuisse
778 1558 1043 1611 synnnoriam
1068 1560 1301 1609 (μετοικικὴν
1324 1561 1575 1609 συμμορίαν),
1599 1573 1705 1611 quae
1725 1573 1815 1598 rur-

302 1626 372 1651 sus
396 1627 514 1652 suum
537 1614 711 1654 haberet
734 1620 1010 1667 quaestorem,
1034 1629 1084 1653 ex
1108 1614 1323 1667 Hyperide
1344 1615 1473 1654 refert
1490 1614 1639 1653 Pollux
1663 1617 1699 1662 8,
1724 1628 1814 1664 144.

303 1668 515 1718 Quantum
538 1669 708 1723 singulis
730 1670 1023 1710 conferendum
1039 1675 1161 1718 esset,
1180 1670 1446 1723 descripsisse
1467 1684 1549 1716 eOS,
1565 1670 1634 1723 qui
1658 1672 1814 1721 ἐπιγρα-

301 1728 389 1773 φεῖς
411 1731 670 1770 vocarentur„
694 1725 817 1766 docet
840 1725 1123 1779 Harpocratio
1146 1741 1179 1764 v.
1204 1728 1444 1777 ἐπιγραφεῖς.
1507 1725 1656 1764 Nescio
1686 1740 1741 1764 an
1772 1725 1814 1765 hi

303 1779 427 1818 iidem
447 1780 614 1827 fuerint,
638 1781 706 1834 qui
739 1786 1021 1835 strategorum
1051 1781 1305 1821 auctoritate
1327 1781 1452 1820 etiam
1474 1780 1631 1820 civibus
1652 1781 1814 1821 tributa

301 1835 595 1875 describerent.
658 1837 794 1887 Quum
816 1851 949 1890 neque
969 1851 1092 1890 agros
1124 1851 1256 1889 neque
1277 1836 1466 1876 aedificia
1487 1836 1697 1889 possidere
1719 1836 1814 1876 huic

300 1891 614 1944 peregrinorum
646 1893 787 1945 generi
821 1893 975 1939 liceret,
1000 1907 1069 1931 eos
1102 1897 1269 1931 tantum
1302 1907 1352 1931 ex
1385 1906 1509 1931 censu
1530 1906 1684 1939 eorum,
1709 1906 1815 1945 quae

300 1947 455 1986 moveri
477 1952 686 1999 poterant
709 1948 859 2001 stipem
891 1948 1114 1987 contulisse
1145 1962 1219 2000 pei
1251 1962 1294 1987 se
1315 1947 1572 2010 intelligitur.
1634 1948 1815 1987 Eosdem

234 2008 289 2048 27
302 2007 443 2041 autem
465 2003 516 2041 (16
538 2008 657 2042 sexta
678 2003 737 2043 rei
759 2003 972 2043 familiaris
993 2018 1069 2056 p‘n
1072 2008 1126 2051 te
1150 2003 1211 2043 uti
1234 2003 1354 2050 cives,
1376 2003 1444 2056 qui
1467 2003 1672 2043 secundae
1694 2003 1815 2043 classi

302 2058 472 2110 ascripti
508 2073 552 2097 61
554 2063 640 2105 ant
664 2059 825 2099 tributa
857 2059 1102 2113 pependisse
1135 2059 1288 2111 probat
1310 2059 1526 2098 Demosth.
1557 2064 1705 2099 contra
1726 2060 1816 2098 An-

304 2113 413 2152 drot.
436 2128 475 2165 p.
500 2116 594 2153 612.
616 2127 655 2163 4.

361 2168 489 2207 Aliud
523 2169 835 2222 peregrinorum
867 2183 1008 2222 genus,
1042 2170 1153 2221 quod
1189 2170 1326 2209 media
1360 2169 1476 2222 quasi
1508 2168 1617 2208 inter
1651 2169 1740 2208 illos
1772 2174 1816 2209 et

303 2223 409 2261 cives
446 2224 682 2264 conditione
718 2230 822 2271 erat,
851 2226 1078 2264 vocabatur
1116 2227 1319 2266 ἰσοτελεῖς.
1383 2224 1462 2264 Vel
1490 2239 1641 2264 nomen
1673 2239 1816 2264 eorum

303 2278 459 2324 eadem,
483 2293 588 2331 quae
620 2280 739 2326 cives,
772 2280 935 2319 tributa
967 2294 1037 2319 eos
1071 2281 1294 2320 contulisse
1324 2280 1543 2333 significat.
1605 2280 1742 2330 Quare
1772 2280 1814 2319 in

306 2333 456 2373 civium
478 2334 642 2374 tabulas
664 2349 810 2374 census
833 2349 975 2375 eorum
996 2335 1151 2375 relatos
1171 2336 1295 2375 fuisse
1318 2335 1512 2375 credibile
1533 2341 1609 2375 est.
