1935 3205
603 162 676 200 ΗΕ
710 161 1111 200 OHERSONESo.
1532 158 1613 200 169

107 268 147 307 in
176 268 263 307 lnd.
288 268 470 307 Graecit.
494 282 524 306 μ.
550 283 584 306 v.
608 271 703 307 δεῖν.
766 268 797 306 Α
809 281 958 319 ugerni-1
979 267 1036 305 sie
1069 264 1355 317 interpunxit:
1391 264 1491 307 οὐδὲ,
1516 271 1614 302 πολ-

107 327 179 363 λοῦ
214 327 282 363 δεῖ.
345 324 455 362 “Ad
489 324 600 363 οὐδὲ”
633 323 780 376 inquit,
815 323 942 361 ‘'sub.
975 323 1177 372 βούλεται,
1208 326 1251 359 et
1287 319 1481 368 intellige,
1514 320 1614 364 οὐδὲ,

106 382 258 418 πολλοῦ
279 383 348 425 δεῖ,
371 393 447 418 ozon
466 394 559 418 sane
580 380 672 427 vult,
698 379 860 418 multam
890 377 1031 417 abest.”
1092 378 1208 426 Quae
1234 375 1514 428 interpunctio
1537 375 1614 413 etsi

107 449 189 473 non
224 439 288 474 est
321 435 548 488 probanda,
581 435 777 474 continuo
814 434 920 472 enim
958 432 1104 486 spiritu
1141 432 1241 471 haec
1279 430 1615 483 pronuntiantur,

108 495 248 530 tamen
276 496 454 543 apparet
479 492 689 544 Augei-um
712 490 931 529 formulam
965 494 1076 528 reete
1110 487 1373 528 intellexisse,
1398 486 1615 525 vehemen-

107 550 173 585 tcr
204 560 365 585 errasse
391 546 589 585 wolfium
627 552 667 586 et
696 546 922 584 Reiskium.
986 544 1150 583 Scilicet
1185 545 1337 581 πολλοῦ
1373 546 1432 581 δεῖ
1466 541 1618 595 ubique

107 601 216 641 valet
239 602 399 641 „mltum
423 601 539 645 abest,
561 602 585 641 i.
609 618 642 641 e.
664 602 824 641 minim>
840 601 1028 654 (stallium.
1086 599 1202 638 llaec
1224 604 1362 637 auteni
1387 597 1563 636 formula
1584 597 1617 635 si

107 657 325 709 subjicitur
354 657 631 697 enuntiationi
665 657 847 709 neganti.
871 661 917 695 ut
940 657 978 694 h.
1004 655 1027 694 l.
1049 657 1206 694 factum
1233 660 1312 697 est,
1336 653 1441 692 solet
1463 652 1497 692 ei
1531 653 1617 692 οὐδὲ

107 713 167 752 sie
188 713 400 766 praeponi,
424 728 504 751 non
539 719 585 752 ut
618 713 792 752 tollatur
813 712 871 750 vis
893 711 1095 751 formulae
1125 710 1348 756 affirmans,
1372 709 1444 747 sed
1476 713 1523 747 ut
1545 723 1617 748 au-

106 774 257 821 geatur
290 783 444 821 negans
477 768 785 808 enuntiationis.
850 767 1008 806 Anecd.
1034 766 1164 805 Bokk.
1202 780 1240 817 p.
1268 766 1358 813 284,
1390 777 1453 815 29.
1516 765 1618 803 Οὐδὲ

107 828 259 863 πολλοῦ
282 828 361 863 δεῖς
397 825 480 863 ἀντὶ
503 828 568 862 τοῦ
590 825 677 863 οὐδὲ
694 825 807 864 ὅλως.
840 822 989 875 quibus
1009 821 1145 861 verbis
1166 820 1464 874 grammaticus
1486 820 1616 858 solnm

107 882 261 918 πολλοῦ
282 883 342 919 δεῖ
372 879 686 932 interpretatur.
750 879 817 917 Sic
842 878 1078 930 Hesychius
1104 889 1139 915 2.
1162 891 1201 929 p.
1226 877 1321 927 982.
1387 879 1551 914 Πολλοῦ
1572 893 1618 926 γε

109 935 171 973 καὶ
203 938 273 980 δεῖ,
309 934 386 974 οὐδ’
424 936 536 976 ὅλως.
600 935 740 974 Simile
770 934 980 987 Euripidis
1006 932 1220 972 Phoeniss.
1251 935 1367 982 1640.
1401 931 1518 970 Pors.
1551 932 1617 970 οὐκ

109 990 157 1029 ἂν
179 991 372 1040 προδοίην,
397 990 484 1029 οὐδέ
515 1007 586 1039 περ
617 989 806 1040 πράσσων
841 994 970 1031 κακῶς.
1004 989 1073 1028 ubi
1107 988 1217 1041 quod
1250 988 1332 1026 duo
1362 987 1480 1026 codd.
1514 987 1618 1026 dant

109 1048 244 1096 καίπερ
266 1044 454 1096 πράσσων
476 1050 607 1092 κακῶς,
631 1046 808 1085 debetur
828 1045 1046 1098 interpreti
1079 1045 1164 1083 οὐδὲ
1189 1043 1359 1096 perinde
1391 1042 1615 1096 negligenti

109 1105 155 1140 ut
175 1102 472 1154 grammaticus
495 1101 535 1140 in
555 1101 712 1141 Anecd.
732 1102 862 1141 Bekk.
881 1101 1064 1154 negligit.
1099 1098 1429 1139 SCHAEFER.
1491 1098 1552 1138 Cf.
1575 1113 1614 1151 p.

114 1158 204 1203 116,
230 1157 295 1195 28.
327 1170 422 1210 350,
455 1171 515 1196 ιι.
546 1170 641 1210 370,
671 1171 701 1196 1.
736 1159 832 1210 463,
858 1170 894 1208 7.
929 1154 1022 1210 795,
1049 1168 1113 1205 24.
1148 1156 1240 1206 796,
1265 1166 1301 1203 7.
1334 1160 1375 1193 et
1399 1160 1540 1193 annot.
1564 1154 1617 1193 ad

109 1226 148 1264 p-
171 1215 268 1265 463,
293 1224 328 1263 7·

172 1281 261 1315 100,
290 1282 350 1307 11.
375 1267 518 1322 ἀργῶς]
549 1270 715 1313 Temere.
739 1283 783 1308 re
806 1283 886 1307 non
910 1272 1109 1307 accurate
1131 1265 1314 1319 cognita.
1367 1264 1516 1304 SCHA
1528 1264 1617 1304 EF.

172 1336 261 1370 100,
301 1336 364 1362 22.
406 1322 944 1376 Δρογγίλον-Μάστειραν]
989 1323 1105 1362 (fit-at
1140 1322 1178 1360 h.
1213 1321 1238 1360 l.
1278 1321 1535 1373 Harpocrat.
1576 1320 1618 1359 in

110 1393 220 1418 voce.
245 1381 482 1430 Δρογγίλον,
505 1381 680 1429 Καβύλη,
702 1378 919 1429 Μάστειρα,
934 1378 1003 1417 ubi
1027 1377 1264 1430 suspicatur
1287 1376 1506 1430 legendum
1528 1390 1618 1415 esse

110 1435 312 1484 Βάστειρα.
348 1434 541 1474 REISK.
604 1435 810 1475 Thraciae
846 1435 1042 1479 locorum,
1080 1448 1187 1486 quae
1219 1432 1523 1471 Demosthenes
1554 1431 1618 1470 his

110 1490 246 1529 verbis
269 1497 579 1537 commemorat,
602 1490 765 1529 nonnisi
789 1490 944 1543 Cahyle
974 1489 1234 1542 aliquantum
1270 1493 1371 1528 nota
1398 1493 1472 1527 est.
1536 1487 1618 1527 Hic

111 1545 218 1585 enim
240 1546 366 1593 locus,
390 1561 510 1598 quem
534 1547 690 1586 Strabo
713 1546 896 1599 Calyben
914 1550 1049 1592 vocat,
1071 1548 1273 1584 Astorum
1296 1544 1396 1583 urbs
1418 1544 1508 1591 fuit,
1527 1558 1618 1583 eam

110 1601 440 1641 mediterraneae
457 1602 664 1642 Thraciae
684 1607 848 1655 partem
866 1600 1146 1648 incolentium,
1164 1615 1270 1653 quae
1291 1614 1312 1639 e
1334 1599 1618 1652 septentrione

112 1656 304 1710 Byzantii
337 1658 391 1697 ad
425 1658 607 1697 Pontum
639 1657 850 1696 Euxinum
886 1656 1197 1710 porrigebatur.
1259 1655 1313 1695 V.
1338 1655 1492 1695 Strabo
1515 1655 1578 1693 VI
1587 1654 1618 1693 I.

111 1726 201 1766 cap.
225 1715 262 1752 6.
286 1719 392 1753 extr.
427 1728 466 1766 p.
491 1726 587 1767 330.
623 1714 841 1764 ὑπέρκειται
873 1715 912 1751 δὲ
948 1709 1020 1751 τοῦἶ
1047 1713 1254 1759 Βυζαντίου
1289 1711 1332 1750 τὸ
1363 1716 1438 1750 τῶν
1466 1709 1620 1750 Ἀστῶν

113 1768 236 1815 ἔθνος,
262 1770 304 1808 ἐν
326 1767 354 1821 ᾧ
374 1770 486 1810 πόλις
509 1770 687 1818 Καλύβη,
711 1770 909 1808 Φιλίππου
930 1771 998 1806 τοῦ
1017 1767 1208 1816 Ἀμύντου
1230 1767 1316 1807 τοὺς
1337 1764 1621 1816 πονηροτάτους

113 1825 280 1863 ἐνταῦθα
306 1826 540 1875 ἱδρύσαντος.
576 1827 702 1877 (quae
732 1824 786 1863 ad
814 1824 922 1863 hanc
946 1822 1129 1876 Philippi
1158 1822 1466 1875 expeditionem
1490 1821 1619 1861 Thra—

112 1878 219 1918 ciam
241 1885 338 1919 sunt
369 1880 619 1929 referenda.)
681 1879 797 1920 Conf.
821 1879 984 1918 Berkel.
1006 1879 1060 1918 ad
1088 1878 1233 1932 Steph.
1258 1878 1355 1930 ΒΝΖ.
1380 1892 1414 1915 v.
1442 1878 1618 1926 Καλύβη.

114 1936 259 1987 Atque
287 1934 328 1973 in
360 1935 668 1975 mediterranea
700 1935 881 1974 Thracia
905 1934 1066 1987 Olymp.
1100 1947 1184 1986 109,
1207 1946 1230 1986 3
1264 1933 1441 1972 bellasse
1462 1931 1620 1984 Philip-

112 2005 223 2043 pum,
246 1991 368 2030 docet
390 1990 517 2030 etiam
539 1995 689 2030 auctor
709 1989 945 2044 argumenti
977 1990 1031 2029 ad
1055 1989 1174 2028 Dem.
1198 2003 1254 2027 or.
1280 1988 1332 2027 <le
1354 1988 1552 2028 Cherson.
1577 2002 1616 2039 p.

114 2047 166 2097 89
186 2061 193 2084 :
228 2049 295 2084 τοῦ
317 2047 515 2085 Φιλίππου
537 2047 623 2097 περὶ
645 2047 715 2094 τὴν
746 2047 960 2095 μεσόγειαν
980 2045 1049 2093 τὴν
1071 2045 1149 2083 ἄνω
1173 2042 1334 2095 Θρᾴκην
1355 2045 1620 2092 πολεμοῦντος

113 2101 208 2151 πρὸς
229 2101 296 2141 τὸν
315 2100 517 2151 Ὀδρυσῶν
537 2101 726 2149 βασιλέα.
763 2099 1110 2139 WINIEWSK.
1172 2099 1402 2138 Comment.
1423 2112 1464 2149 p.
1491 2098 1577 2146 184.

178 2169 263 2198 100.
292 2169 354 2204 27.
392 2161 467 2195 τῶν
502 2157 625 2208 ἔργων
658 2161 733 2196 τῶν
767 2154 997 2208 ἀργυρείων]
1038 2153 1383 2207 Argentifodinas
1419 2152 1620 2191 Lauricas

114 2212 229 2251 dicit.
292 2212 512 2251 FRANK.

177 2280 265 2314 100,
287 2279 350 2320 29.
372 2266 560 2321 μελινῶν]
587 2266 914 2320 Harpocration,
940 2268 1136 2315 Μελίνη,
1161 2264 1417 2314 Δημοσθένης
1438 2267 1621 2302 Φιλιππι-

115 2326 206 2364 κοῖς.
238 2324 401 2373 ὀσπρίου
424 2323 506 2362 ἐστὶ
527 2322 680 2373 σπέρμα
711 2324 771 2362 καὶ
793 2324 1001 2373 ἀρσενικῶς
1027 2321 1201 2372 λέγουσι’
1236 2323 1408 2368 θηλυκῶς
1429 2320 1469 2357 δὲ
1492 2322 1620 2367 Σοφο-

115 2380 207 2426 κλῆς
221 2378 489 2430 Τριπτολέμῳ·
524 2386 548 2398 ‘¹
568 2378 687 2427 κνήμη
706 2377 904 2427 μελίνης.”
936 2379 996 2416 καὶ
1011 2375 1227 2426 (Ηρόδοτος
1250 2377 1307 2427 (3,
1336 2374 1444 2425 117.)
1469 2379 1495 2395 “
1511 2374 1618 2412 σπεί-

113 2449 246 2483 ροντες
272 2433 472 2482 μελίνην.”
533 2437 723 2483 Ξενοφῶν
756 2431 989 2482 ἀναβάσεως
1020 2432 1154 2483 πρώτῳ
1181 2432 1234 2482 (5,
1263 2431 1340 2480 ΙΙ.)
1382 2436 1405 2448 “
1428 2429 1488 2467 καὶ
1509 2430 1618 2467 σίτου

116 2488 178 2526 καὶ
197 2488 395 2537 μελίνης.”
427 2490 469 2527 ἐν
491 2490 531 2528 δὲ
553 2492 603 2542 τῷ
627 2489 726 2541 αὐτῷ
752 2490 805 2539 (2,
832 2490 914 2538 22.)
950 2494 975 2509 “
994 2487 1120 2526 πολὺν
1151 2489 1191 2525 δὲ
1225 2485 1404 2534 σήσαμον
1431 2484 1491 2522 καὶ
1511 2483 1618 2532 μέλι-

117 2543 222 2582 νον.”
255 2544 314 2581 καὶ
338 2544 380 2582 ἐν
412 2544 499 2597 ἕκτῃ
522 2545 579 2594 (4,
607 2546 662 2595 6.)
691 2551 714 2562 “
739 2544 800 2582 καὶ
821 2544 965 2592 ὄσπρια
992 2541 1119 2581 πάντα
1141 2542 1202 2579 καὶ
1222 2539 1401 2589 μελίνη.”
1433 2538 1528 2576 ἔνιοι
1548 2539 1620 2584 μὲν

116 2598 185 2636 οὖν
207 2598 307 2638 εἶδος
329 2598 494 2649 κέγχρου
528 2600 725 2647 νομίζουσι
752 2598 822 2646 τὴν
841 2598 1016 2646 μελίνην,
1040 2597 1134 2645 ὅπερ
1165 2597 1272 2635 τινὰς
1294 2597 1429 2632 καλεῖν
1463 2593 1619 2640 ἔλυμον.

118 2654 378 2702 Θεόφραστος
410 2655 450 2691 δὲ
473 2655 514 2691 ἐν
536 2654 688 2705 ἑβδόμῳ
710 2654 797 2701 περὶ
818 2656 949 2702 φυτῶν
981 2652 1030 2691 ὡς
1058 2648 1293 2699 διαφέροντα
1314 2650 1433 2686 ταῦτα
1454 2645 1621 2697 ἀναγρά-

117 2714 184 2758 φει
219 2715 242 2727 “
260 2707 427 2758 κέγχρον
456 2706 478 2756 ἦ
509 2709 673 2756 μελίνην
697 2707 719 2755 ἢ
747 2706 928 2755 ἔλυμον.”
979 2706 1032 2742 V.
1059 2703 1298 2743 Schneider.
1332 2702 1386 2741 ad
1409 2701 1619 2754 Theophr.

117 2763 195 2801 vol.
217 2776 256 2815 5.
279 2777 321 2814 p.
343 2775 424 2814 445
449 2776 509 2814 sq.
617 2815 623 2822 .
915 2815 921 2821 .
1343 2813 1350 2819 .

179 2831 270 2865 101,
302 2831 329 2855 1.
363 2818 504 2869 σιροῖς]
544 2815 717 2865 Quadam
745 2829 947 2867 qranczrza
980 2813 1118 2853 habent
1151 2812 1220 2852 sub
1251 2819 1379 2858 terreis,
1406 2811 1620 2864 speluncas,

117 2886 215 2925 quas
237 2879 372 2911 vocant
393 2873 555 2922 σειρούς,
578 2878 620 2910 ut
644 2871 684 2909 in
703 2871 962 2923 Cappadocia
983 2876 1017 2909 et
1045 2869 1230 2908 Thracia.
1283 2867 1422 2906 Varro
1445 2866 1495 2905 R.
1514 2866 1562 2905 R.
1589 2880 1619 2913 1,

118 2940 184 2979 57,
208 2927 298 2966 coll.
326 2941 357 2969 ι,
381 2929 446 2978 63.
510 2926 729 2965 FRANK.
