1935 3205
218 136 257 178 ἰν
803 131 1166 173 PRAEFATIO.

217 255 499 301 scholiorum
536 253 859 297 collectionem
899 257 1062 309 quarto
1099 250 1295 301 circiter,
1326 254 1378 291 ut
1415 247 1631 297 creditur,
1665 259 1742 289 ae-

218 346 296 376 rae
320 337 505 375 nostrae
529 328 686 373 seculo
717 328 990 386 composuit,
1017 340 1138 369 nunc
1165 324 1355 383 Ulpiani
1387 338 1557 367 nomen
1580 336 1743 381 geren-

220 415 335 460 tem,
371 408 429 451 ab
464 405 778 466 grammaticis
814 409 972 447 autem
1012 402 1283 446 inferiorum
1320 407 1584 458 temporum
1620 397 1744 442 haud

220 485 361 529 dubie
392 483 552 527 multis
589 482 738 525 modis
774 478 1101 537 interpolatam
1138 483 1186 520 et
1222 482 1420 528 auctam,
1446 477 1493 519 in
1525 490 1616 534 qua
1647 475 1746 533 ipsa

221 576 407 620 quoque
444 559 673 603 rhetorica
706 557 937 616 expositio
974 557 1039 599 ita
1075 553 1310 614 praevalet
1343 561 1395 597 ut
1431 553 1569 611 hujus
1604 552 1746 610 potis-

222 640 390 682 simum
428 650 587 680 caussa
623 634 772 678 omnis
807 633 921 677 haec
965 646 1103 690 opera
1139 636 1352 688 suscepta
1387 644 1485 673 esse
1523 629 1746 678 videatur,

223 732 340 776 quae
375 721 532 759 autem
569 713 623 757 ad
664 711 880 755 historiae
918 715 965 753 et
1002 709 1337 766 antiquitatum
1383 705 1747 764 explicationem

224 794 472 853 pertinent,
498 806 552 835 ea
584 789 788 833 maxima
813 803 873 832 ex
907 795 1037 845 parte
1071 799 1160 827 non
1188 782 1375 826 aliunde
1410 786 1517 825 sunt
1542 784 1746 838 accepta,

225 871 303 915 sed
346 885 404 913 ex
446 868 555 926 ipsis
597 866 790 909 oratoris
832 863 983 907 verbis
1025 859 1331 919 conjectando
1374 857 1658 916 composita:
1701 856 1749 899 in

225 961 316 1005 quo
353 943 633 989 scholiorum
669 940 854 984 illorum
892 943 1056 982 auctor
1094 952 1149 980 ea
1186 950 1322 994 saepe
1359 935 1506 979 edidit
1546 932 1750 977 levitatis

226 1019 577 1078 imperitiaeque
607 1016 888 1060 documenta
912 1020 964 1057 ut
989 1029 1080 1072 quo
1107 1012 1303 1070 majores
1336 1010 1628 1069 antiquitatis
1655 1015 1750 1053 stu-

227 1096 303 1139 dia
337 1107 601 1153 progressus
641 1090 851 1141 fecerint,
890 1095 1022 1133 tanto
1064 1089 1286 1146 majorem
1325 1088 1371 1130 in
1410 1085 1600 1130 modum
1636 1085 1750 1130 fides

227 1173 337 1229 ejus,
375 1185 493 1228 quae
532 1168 641 1212 olim
683 1168 787 1210 viris
824 1166 973 1210 doctis
1012 1164 1267 1208 multorum
1309 1164 1556 1207 exstiterat
1591 1176 1751 1206 caussa

229 1262 446 1297 errorum,
473 1245 752 1289 labefactata
785 1243 855 1286 sit.
930 1240 1151 1299 Ejusdem
1190 1239 1284 1282 fere
1321 1239 1516 1298 generis,
1543 1238 1628 1281 etsi
1663 1238 1750 1280 mi-

230 1338 316 1367 nus
357 1323 582 1381 copiosae,
619 1326 727 1363 sunt
764 1333 882 1376 quae
925 1318 969 1360 in
1014 1316 1300 1375 marginibus
1336 1314 1590 1358 multorum
1629 1313 1753 1357 codi-

231 1413 337 1441 cum
385 1396 603 1455 leguntur
651 1392 1002 1438 scholiastarum
1051 1392 1374 1436 annotationes
1426 1391 1593 1449 partim
1644 1404 1751 1434 cum

235 1472 477 1532 Ulpianeis
515 1471 889 1514 consentientes:
935 1469 1092 1527 quales
1131 1474 1238 1512 sunt·
1271 1483 1383 1526 quas
1419 1483 1477 1511 ex
1514 1466 1750 1510 codicibus

237 1547 598 1592 Monacensibus
618 1545 797 1590 duobus
821 1546 994 1604 primus
1019 1546 1064 1588 in
1092 1544 1243 1588 lucem
1271 1544 1498 1602 protraxit
1519 1542 1752 1594 Reiskius,

237 1641 319 1669 nos
366 1623 514 1668 multo
556 1630 602 1666 et
644 1622 981 1665 emendatiores
1024 1629 1070 1665 et
1118 1620 1443 1679 locupletiores
1485 1636 1544 1666 ex
1588 1619 1755 1664 nostris

238 1702 447 1745 dabimus
472 1699 720 1743 codicibus.
781 1698 1000 1742 Ceterum
1030 1705 1081 1741 ut
1102 1696 1291 1756 Ulpiani
1318 1696 1491 1741 scholia
1516 1711 1608 1740 non
1633 1695 1756 1740 ultra

238 1778 493 1822 orationem
518 1775 855 1818 Timocrateam
884 1773 1153 1832 procedunt,
1180 1774 1244 1817 ita
1269 1773 1381 1817 haec
1408 1788 1592 1831 quoque
1625 1771 1757 1816 scho-

238 1853 405 1897 liorum
441 1856 661 1909 excerpta
693 1851 749 1894 ad
780 1850 879 1894 illas
913 1856 1094 1893 tantum
1130 1850 1359 1893 orationes
1389 1849 1600 1892 uberiora
1634 1854 1755 1900 sunt,

240 1934 477 1973 rarescunt
505 1942 611 1970 vero
638 1928 681 1970 in
709 1927 888 1970 ceteris.

293 2004 484 2048 Praeter
508 2003 589 2047 hos
614 2004 891 2060 interpretes
917 2003 1165 2061 plurimum
1193 2003 1238 2045 in
1266 2001 1585 2046 Demosthene
1611 2000 1758 2045 studii

242 2086 496 2138 posuerunt
520 2080 597 2136 qui
628 2079 737 2122 artis
770 2079 1027 2122 rhetoricae
1051 2085 1298 2137 praecepta
1330 2083 1565 2121 oratorum
1598 2092 1756 2121 exem-

243 2155 329 2212 plis
362 2155 589 2198 illustrata
621 2154 926 2205 tradiderunt,
954 2153 1275 2213 Hermogenes
1299 2153 1532 2198 Tarsensis
1565 2154 1759 2212 ejusque

245 2230 524 2286 antiquiores
571 2229 858 2281 scholiastae,
900 2244 926 2271 a
968 2230 1134 2286 quibus
1181 2230 1448 2273 inferiorum
1491 2236 1753 2288 temporum

247 2304 451 2362 magistri
488 2304 703 2361 pendent.
775 2302 967 2346 Illorum
1005 2304 1127 2348 locos
1165 2305 1433 2363 praecipuos
1468 2305 1526 2348 ab
1563 2303 1756 2349 Reiskio

249 2380 295 2421 in
330 2379 702 2422 annotationibus
734 2385 1012 2423 memoratos
1044 2380 1169 2423 nolui
1202 2379 1302 2424 aliis
1331 2386 1411 2424 aut
1442 2381 1645 2439 ipsorum
1675 2388 1757 2425 aut

251 2455 555 2501 recentiorum
589 2456 876 2513 scriptorum,
903 2471 1015 2513 quos
1042 2455 1213 2500 Walzii
1247 2472 1385 2515 opera
1414 2457 1459 2500 in
1485 2472 1629 2501 unum
1660 2473 1759 2502 cor-

250 2545 333 2588 pus
364 2531 632 2588 conjunctos
663 2531 897 2579 habemus,
924 2532 1153 2590 excerptis
1185 2547 1365 2591 augere,
1392 2534 1609 2591 quoniam
1643 2533 1757 2579 haec

251 2607 404 2649 onmia
439 2605 591 2664 paullo
627 2608 797 2665 majore
840 2622 944 2651 cum
986 2607 1138 2651 fructu
1178 2623 1232 2652 eo
1270 2624 1360 2666 quo
1400 2609 1456 2653 ab
1495 2610 1758 2655 rhetoribus

251 2683 416 2726 tradita
453 2688 559 2726 sunt
597 2683 754 2726 ordine
793 2690 840 2727 et
877 2700 998 2728 nexu
1035 2700 1171 2742 quam
1216 2700 1296 2743 per
1331 2687 1653 2731 annotationes
1689 2688 1758 2731 di-

252 2772 399 2814 spersa
423 2758 511 2817 legi
537 2760 741 2807 arbitror,
768 2766 997 2818 quatenus
1023 2761 1111 2820 legi
1139 2767 1390 2805 merentur.
1435 2761 1606 2821 Neque
1631 2764 1755 2807 enim

252 2835 403 2891 negari
431 2840 580 2891 potest
614 2835 808 2893 plurima
833 2837 876 2879 in
905 2838 957 2881 iis
982 2852 1079 2881 esse
1105 2852 1221 2895 quae
1247 2839 1323 2896 qui
1358 2854 1449 2882 non
1476 2838 1639 2898 legerit
1664 2854 1755 2882 non

254 2909 402 2952 minus
434 2909 549 2953 bene
576 2910 938 2957 Demosthenem
971 2913 1290 2958 intellecturus
1324 2915 1380 2959 sit
1414 2929 1552 2972 quam
1584 2915 1661 2973 qui
1692 2914 1758 2960 le-
