1914 3184
310 139 366 176 84
735 134 1133 175 OLYNTHIAGA
1167 132 1402 172 TERTIA.

379 251 447 292 35,
486 253 544 278 10.
587 238 714 292 αὐτοὶ]
766 241 945 292 πολιτικῇ
986 237 1155 286 δυνάμει,
1199 251 1294 284 11011,
1337 241 1383 275 ut
1431 250 1539 275 nunc
1586 236 1646 282 fit,
1690 235 1825 285 ξένοις.

313 295 646 336 SOHAEFER.

367 365 435 405 35,
462 365 520 391 11.
551 352 841 402 κρείττω-τῶν
863 347 1136 402 φθονούντων]
1172 348 1383 400 qu'orem,
1414 347 1685 394 illustriorem,
1709 361 1828 400 quam

312 423 412 462 quae
438 407 666 447 invidorum
693 405 960 445 obtrectationi
990 403 1154 444 obnoxia
1184 404 1246 444 sit.
1315 404 1398 443 Hic
1427 403 1593 456 quidem
1625 403 1726 442 nihil
1756 403 1827 456 hy-

313 463 512 518 perbolic-i
532 462 665 502 video.
700 460 1030 501 SGHAEFER.

369 532 436 573 35,
462 533 522 571 15.
555 519 720 570 δημοσίᾳ
749 519 820 566 μὲν
848 514 1268 569 τοίνυνψλελεῖφθαι]
1308 515 1576 555 Minucianus
1607 530 1646 568 p.
1674 515 1762 564 148.
1785 514 1827 553 in

312 576 413 615 locis
445 573 768 627 enthymematis
800 572 875 612 ἀπὸ
907 573 1176 622 πηλικότητος·
1215 574 1334 613 οὕτως
1367 573 1592 621 ἐκόσμησαν
1623 573 1659 610 οἱ
1687 571 1828 621 πρόγο-

315 649 373 671 νοι
394 632 464 680 τὴν
483 632 614 674 πόλιν,
638 631 688 671 ὡς
716 630 850 679 μηδενὶ
871 632 947 667 τῶν
970 628 1278 679 ἐπιγιγνομένων
1300 628 1489 677 μηδεμίαν
1513 627 1739 677 ὑπερβολὴν
1764 631 1828 665 λε-

312 691 486 737 λεῖφθαι.
532 685 725 724 REISK.
808 684 951 738 Neque
1001 683 1067 723 hic
1114 683 1343 737 quidquam
1393 683 1648 737 hyperbolici
1695 682 1826 722 video.

314 742 553 783 SGHAEF
560 742 649 781 ER.

371 798 657 849 οἰκοδομήματα
683 815 714 837 κ.
737 814 769 836 τ.
790 796 849 850 λ.]
890 796 1105 847 Quaenam
1131 810 1260 849 opera
1286 794 1549 849 potissimum
1577 794 1829 847 intelligeret

314 855 619 895 Demosthenes
651 853 739 906 ipse
770 852 970 892 indicavit
995 868 1035 905 p.
1059 855 1158 904 689:
1192 853 1415 902 προπύλαια
1445 854 1578 897 ταῦτα,
1611 851 1827 895 νεώσοικοι,

314 911 442 958 στοαὶ,
477 912 694 961 Πειραιεύς.
742 914 785 949 et
806 924 844 962 p.
869 912 968 959 617:
994 910 1217 958 προπύλαια
1248 911 1379 953 ταῦτα,
1403 909 1423 946 ὁ
1454 908 1670 957 παρθενὼν,
1702 907 1829 953 στοαὶ,

315 968 529 1007 νεώσοικοι.
593 966 728 1016 Quum
756 979 853 1005 vero
883 964 1166 1014 οἰκοδομήματα
1192 969 1234 1003 et
1266 963 1392 1012 κάλλη
1415 965 1526 1014 ἱερῶν
1548 963 1609 1001 καὶ
1635 961 1830 1011 ἀναθημά-

313 1040 389 1063 των
411 1022 657 1076 distinguat,
682 1021 780 1060 illud
812 1021 866 1061 ad
897 1020 1085 1074 porticus
1116 1019 1374 1073 magnificas.
1405 1018 1645 1074 propylaea,
1668 1017 1827 1065 navale,

313 1093 454 1118 muros
484 1079 642 1132 longos,
675 1078 784 1117 arcis
816 1081 859 1116 et
888 1076 1053 1116 Piraeei
1086 1076 1345 1115 munimenta
1376 1075 1613 1122 referenms,
1641 1074 1743 1113 haec
1774 1074 1829 1113 ad

315 1135 533 1181 Theseum,
558 1134 732 1181 Odeum,
762 1134 1087 1181 Parthenonem,
1118 1131 1413 1175 Erechtheum,
1446 1136 1697 1178 statuarum,
1729 1144 1830 1169 ana-

312 1191 566 1245 glyptorum,
599 1189 840 1230 tabularum
871 1189 1093 1242 pictarum,
1119 1188 1269 1241 quibus
1300 1187 1425 1227 aedes
1456 1201 1599 1226 sacras
1629 1190 1670 1226 et
1698 1185 1830 1239 publi-

313 1244 384 1287 cas
416 1246 647 1291 exornavit.
671 1245 982 1286 multitudinem
1014 1244 1226 1295 ingentem
1252 1243 1461 1296 pertinere
1483 1241 1828 1282 existimabimus.

315 1303 431 1343 Conf.
457 1303 569 1343 Plut.
595 1302 744 1342 Pericl.
768 1317 800 1341 c.
826 1314 887 1341 12.
910 1314 970 1354 13.
1031 1300 1076 1340 C.
1100 1300 1149 1340 O.
1181 1299 1351 1339 Mulieri
1382 1299 1646 1352 archaeolog.
1678 1300 1715 1350 {³-
1739 1311 1827 1337 101.

322 1372 409 1412 109.
438 1360 523 1399 118.
558 1358 771 1398 SAUPP.

371 1428 438 1468 35,
467 1417 522 1453 16.
546 1417 703 1454 τοιαῦτα
726 1415 787 1453 καὶ
809 1412 1000 1466 τοσαῦτα]
1035 1416 1206 1451 τοσαῦτα
1229 1413 1289 1451 καὶ
1312 1414 1467 1451 τοιαῦτα
1488 1410 1726 1463 Dionysius.

370 1484 438 1525 35,
463 1484 523 1519 17.
546 1469 778 1523 λελεῖφθαι]
811 1472 1023 1520 λειφθῆναι
1047 1468 1285 1521 Dionysius.

370 1542 438 1580 35,
460 1539 523 1567 20.
547 1527 616 1575 τὴν
640 1524 878 1578 Μιλτιάδου]
902 1525 971 1573 τὴν
993 1539 1073 1563 em.
1098 1524 1337 1576 Dionysius.

371 1587 448 1622 τῶν
474 1585 559 1622 τότε
591 1580 800 1634 λαμπρῶν]
842 1579 1146 1626 Themistoclis,
1181 1579 1367 1625 Periclis,
1403 1578 1651 1632 Myronidis,
1680 1577 1831 1618 Tolmi-

315 1640 406 1678 dae.
468 1639 627 1677 Domus
656 1637 846 1690 privatae
869 1636 1050 1676 Athenis
1079 1650 1242 1688 semper
1268 1650 1415 1689 parum
1442 1634 1684 1687 splendidae
1704 1634 1831 1673 fuisse

315 1695 520 1737 videntur.
545 1693 606 1733 ita
628 1699 675 1733 ut
696 1693 823 1732 etiam
848 1692 1134 1731 Dicaearchus
1155 1692 1314 1731 diceret
1338 1695 1397 1744 (p.
1420 1703 1510 1740 140.
1536 1690 1710 1741 Fuhr.):
1744 1692 1766 1740 ἡ
1789 1692 1830 1730 δὲ

313 1752 609 1791 πόλις-κακῶς
631 1748 967 1800 ἐρρυμοτομημένη
990 1750 1051 1787 διὰ
1073 1748 1142 1796 τὴν
1159 1749 1406 1799 ἀρχαιότητα·
1438 1749 1477 1786 αἱ
1497 1749 1569 1796 μὲν
1587 1748 1735 1786 πολλαὶ
1753 1749 1831 1785 τῶν

314 1807 448 1845 οἰκιῶν
470 1806 653 1851 εὐτελεῖς,
681 1805 813 1855 ὀλίγαι
845 1806 885 1843 δὲ
916 1803 1114 1856 χρήσιμαι.
1154 1803 1336 1843 Boeckh.
1358 1817 1500 1842 oecon.
1524 1802 1635 1855 publ.
1658 1816 1690 1841 1.
1713 1817 1752 1855 p.
1777 1803 1830 1854 69

314 1877 405 1915 sqq.
440 1861 652 1901 SAUPP.

371 1930 438 1971 35,
466 1930 528 1969 2?-
553 1919 605 1958 εἰς
629 1917 874 1968 περιουσίαν]
908 1916 982 1954 Ad
999 1915 1245 1968 opulentiam
1267 1915 1359 1954 iude
1379 1914 1649 1967 collse'yemlam.
1672 1914 1766 1964 πρὸς
1787 1913 1830 1952 τὸ

315 1975 618 2025 χρηματίζεσθαι
640 1975 680 2021 ἐξ
703 1973 816 2021 αὐτῆς
841 1972 902 2011 καὶ
924 1972 1137 2013 πλουσίους
1159 1973 1379 2022 γίγνεσθαι.
1443 1970 1639 2009 REISK.

371 2042 438 2081 35,
465 2031 530 2067 26.
568 2028 676 2081 ἴσως]
712 2030 848 2081 Aequo
870 2028 979 2080 jure.
1042 2027 1109 2066 Sic
1134 2027 1333 2080 Polybius
1358 2040 1422 2075 24.
1448 2039 1485 2066 2.
1511 2026 1588 2065 vol.
1609 2040 1649 2075 4.
1672 2040 1711 2078 p.
1737 2025 1830 2066 288.

317 2086 447 2124 Sehw.
472 2085 539 2123 οὐκ
561 2085 664 2129 ἴσως,
680 2088 723 2123 et
744 2098 840 2122 mox
863 2082 984 2121 simili
1013 2097 1135 2122 sensu
1158 2084 1202 2122 οὐ
1224 2084 1386 2124 δικαίως.
1432 2082 1486 2121 V.
1510 2090 1596 2121 not.
1618 2081 1672 2121 ad
1696 2080 1831 2134 Longi

322 2141 485 2180 Pastor.
510 2155 550 2192 p.
572 2152 669 2192 357.
732 2138 1063 2179 SOHAEFER.

374 2209 441 2248 35,
468 2207 531 2245 27.
556 2195 790 2249 ἐκτήσαντο]
817 2196 1019 2243 ἐκέκτηντο
1043 2193 1280 2247 Dionysius.
1345 2193 1539 2232 REISK.

371 2265 439 2304 35,
478 2264 540 2301 29.
577 2251 659 2289 νυνὶ
692 2250 924 2301 δὲ-ἕχει;]
961 2249 1249 2302 Hermogenes
1284 2265 1322 2302 p.
1352 2253 1443 2301 265.
1479 2250 1538 2288 ὅτι
1571 2251 1611 2288 δὲ
1646 2249 1707 2288 καὶ
1739 2248 1832 2298 ἦθος

315 2311 442 2346 ποιεῖν
474 2307 722 2356 σφοδρότητα
753 2306 866 2344 οὐδὲν
898 2306 1047 2350 κωλύει,
1073 2307 1111 2344 αἱ
1145 2307 1336 2354 εἰρωνεῖαι
1370 2308 1534 2353 δηλοῦσι
1568 2308 1701 2344 πᾶσαι.
1734 2306 1830 2344 οἷον·

315 2366 394 2402 πῶς
428 2363 519 2410 ὑμῖν
550 2361 624 2399 ὑπὸ
659 2364 735 2399 τῶν
770 2364 950 2412 χρηστῶν
990 2361 1131 2399 τούτων
1168 2363 1212 2399 τὰ
1247 2360 1454 2410 πράγματα
1490 2361 1601 2412 ἔχεις
1637 2359 1830 2400 REISK.

318 2417 433 2457 Uitat
455 2415 647 2455 Tiberius
669 2431 706 2468 p.
740 2429 797 2466 ¹9·
822 2430 853 2454 s.
916 2415 1246 2455 SOHAEFER.

372 2475 440 2525 36,
473 2485 504 2509 1.
539 2472 610 2511 Οἷς
638 2471 671 2509 si
704 2470 871 2523 scripsit
894 2471 1211 2517 Demosthenes,
1240 2485 1321 2510 non
1352 2471 1522 2510 dubium
1554 2478 1618 2511 est
1647 2471 1745 2524 quin
1776 2472 1831 2511 ad

316 2527 572 2581 praecedens
594 2527 684 2576 ἡμῖν
701 2526 844 2565 referri
863 2525 1040 2565 voluerit
1061 2531 1104 2566 et
1124 2526 1366 2566 inchoatam
1389 2531 1647 2567 structuram
1669 2526 1829 2580 periodi

318 2585 374 2625 οἷς
396 2584 485 2632 ἐξὸν
506 2585 553 2621 τὰ
573 2581 722 2632 ἡμέτερ’
747 2582 871 2621 αὐτῶν
897 2583 1089 2631 ἀσφαλῶς
1112 2583 1221 2634 ἔχειν
1242 2587 1320 2622 etc.
1344 2582 1605 2636 interpositis
1627 2582 1763 2622 verbis
1784 2585 1831 2621 τὰ

316 2641 388 2689 μὲν
414 2640 522 2678 ἄλλα
547 2641 679 2677 σιωπῶ
712 2642 754 2676 et
776 2652 882 2691 quae
915 2642 1148 2691 sequuntur
1177 2638 1407 2691 abruperit.
1470 2639 1590 2689 Quod
1622 2640 1679 2680 οἷς
1708 2638 1831 2677 abest

316 2696 370 2734 ab
394 2692 584 2746 Dionysii
606 2693 916 2746 exemplaribus
944 2693 1096 2732 nullius
1118 2707 1208 2733 esse
1238 2694 1437 2733 momenti
1459 2699 1574 2747 puto,
1599 2708 1725 2747 quum
1747 2707 1830 2732 non

317 2750 373 2789 sit
394 2748 613 2788 verisimile
642 2753 739 2801 post
771 2748 842 2788 illa
868 2749 1033 2788 demum
1064 2753 1256 2802 tempora
1287 2763 1376 2788 esse
1407 2749 1584 2789 illatum.
1646 2748 1830 2788 Facilius

317 2805 530 2844 crederem
551 2805 607 2845 οἶς
628 2818 679 2843 ex
700 2804 737 2843 οἳ
757 2817 847 2843 esse
873 2808 1129 2857 corruptum,
1153 2819 1246 2843 cum
1267 2806 1394 2844 verbo
1417 2804 1713 2855 ἀπεστερήμεθα
1734 2818 1829 2843 0011-

317 2860 530 2899 struendo.
584 2860 641 2900 οἷς
662 2873 754 2898 011111
775 2861 898 2899 εἰπεῖν
916 2859 1101 2899 construi
1117 2859 1248 2898 voluit
1270 2860 1569 2912 Bernhardyus
1591 2859 1632 2898 in
1651 2859 1828 2912 Syntaxi

318 2929 355 2967 Ρ·
383 2928 446 2966 79-
