1934 3179
295 134 380 172 322
848 136 962 175 PRO
994 137 1242 177 CORONA.

351 242 374 259 ‘⁴
403 251 434 276 1.
466 240 583 285 Aeta,
607 254 704 292 qaae
733 236 777 279 ia
799 241 1067 281 Demosthenis
1097 243 1144 282 de
1174 256 1316 282 corona
1347 243 1522 282 oratione
1551 250 1714 291 exstant,
1745 244 1801 284 vi-

292 293 399 345 gyt‘nti
433 300 466 332 et
497 295 667 347 quinque
705 310 876 342 numero,
912 311 987 335 ozon
1022 296 1070 336 ab
1109 299 1193 351 ipso
1227 297 1475 338 Demosthene
1504 300 1704 352 profecta,
1735 300 1806 339 sed

293 354 420 388 aetate
450 363 527 388 aon
558 350 770 390 admodum
801 352 947 391 seriore
977 367 1021 391 em
1050 354 1148 406 ipsis
1174 352 1369 393 tabularii
1390 355 1522 394 Attici
1547 355 1804 409 azctoyraphis

286 405 416 456 petita
438 411 471 444 et
491 405 664 444 orationi
683 406 827 445 addita
846 414 936 447 sunt
955 423 982 447 a
1003 409 1087 448 viro
1108 409 1276 462 quodam
1297 408 1414 448 docto.
1621 423 1625 426 ·

354 459 462 499 Sunt
497 466 639 500 autem
675 461 798 501 haec:
843 463 984 502 decem
1017 469 1187 504 senatus
1228 464 1449 517 populique
1482 464 1802 505 Atheniensium

294 516 606 568 psephismata:
639 517 746 557 duae
774 518 1010 565 relationes,
1033 534 1116 559 una
1144 520 1194 559 de
1225 520 1458 573 legatorum
1486 520 1540 559 ad
1564 520 1802 574 Philippum

295 571 471 617 delectu,
494 572 627 611 altera
657 573 708 612 de
730 573 1026 614 Demosthenis
1056 575 1158 629 legis
1189 575 1488 615 trierarchicae
1519 576 1798 623 accusatione,

294 626 359 665 cui
380 626 514 666 additi
537 637 635 667 sunt
656 628 838 683 catalogi
866 634 909 669 et
941 629 1091 682 prioris
1112 635 1155 670 et
1176 644 1308 670 novae
1337 630 1464 684 legis;
1499 631 1580 669 duo
1602 631 1801 684 dogmata

298 682 679 736 Amphictyomun;
714 699 839 723 unum
862 685 1170 738 Byzantiorum,
1194 701 1321 725 unum
1343 686 1687 726 Chersonensium
1713 702 1801 740 pse—

294 738 480 791 phisma;
517 739 697 792 Philippi
722 740 922 793 epistolae
951 742 1144 794 quinque,
1167 746 1254 781 tres
1284 742 1339 781 ad
1367 746 1557 781 senatum
1589 742 1801 795 populum-

295 807 374 846 que
406 794 738 841 Atheniensium,
762 810 844 836 una
874 797 928 836 ad
961 797 1194 843 Thebanos,
1227 797 1362 836 altera
1393 798 1446 836 ad
1479 797 1801 850 Peloponnesios

295 849 452 895 socios3
492 851 711 889 Aeschinis
739 852 899 891 libellus
921 853 971 891 de
992 852 1156 892 actione
1178 857 1325 892 contra
1346 852 1685 905 Ctesiphontem;
1719 853 1801 892 duo

295 905 536 945 testimonia
553 905 794 958 judicialia;
830 908 1006 960 denique
1028 908 1129 961 legis
1152 908 1430 960 Dionysiacae
1450 908 1742 961 fragmentum.

355 972 389 1000 2.
425 961 537 1010 Quod
558 963 891 1016 praescriptiones
918 963 1070 1011 attinet,
1087 964 1354 1016 psephismata
1383 964 1610 1014 αὐτόγραφα
1640 978 1715 1003 non
1739 978 1801 1003 ea—

294 1016 380 1055 dem
405 1018 547 1069 forma
579 1017 673 1056 olim
703 1017 918 1066 exstabant,
945 1033 1024 1071 qua
1056 1018 1164 1058 uobis
1193 1019 1236 1057 in
1267 1018 1440 1058 oratione
1469 1019 1517 1058 de
1547 1034 1688 1058 corona
1718 1020 1804 1071 ‹ffi-

295 1078 453 1111 rantum.

350 1140 388 1180 3.
422 1129 737 1181 Pseecdeponymt
757 1129 959 1169 archontes
979 1131 1136 1170 nonnisi
1155 1131 1199 1169 in
1222 1131 1451 1182 IIyperidss
1474 1130 1647 1170 oratione
1667 1130 1802 1184 deper-

293 1183 380 1222 dita
413 1190 448 1222 et
480 1184 756 1224 Demosthehea
791 1185 838 1223 de
869 1200 1009 1225 corona
1041 1192 1206 1232 exstant,
1242 1193 1275 1224 et
1306 1186 1464 1239 quidem
1496 1186 1540 1223 in
1571 1186 1644 1225 hac
1677 1200 1803 1225 omnes

294 1240 450 1278 omnino
478 1240 676 1279 archontes
694 1254 772 1293 pro
790 1241 1120 1294 pseadeponfflm's
1138 1240 1305 1280 habendi
1329 1248 1429 1286 sant,
1452 1241 1584 1280 nullus
1611 1241 1804 1294 eoecipien-

293 1293 367 1333 dus
397 1301 462 1334 est.
495 1299 592 1334 sunt
617 1303 757 1335 autem
788 1297 899 1348 apud
926 1297 1251 1335 Demosthenem
1280 1296 1347 1335 hi:
1384 1295 1646 1340 Demonicus,
1671 1297 1801 1336 Chae-

295 1350 459 1396 rondas,
484 1350 713 1390 Aristonici
737 1351 905 1390 decreto
928 1352 977 1391 de
1000 1352 1237 1391 coronando
1260 1352 1544 1391 Demosthene
1572 1352 1801 1405 praescrip—

293 1409 373 1449 tus,
398 1405 600 1458 Polycles,
624 1406 796 1445 Neocles
823 1421 854 1445 s
879 1407 1080 1453 Nicocles,
1104 1407 1172 1459 qui
1203 1407 1266 1446 bis
1297 1412 1484 1459 apparet,
1511 1407 1800 1455 Mnesithides,

296 1460 580 1513 Heropythus,
607 1462 675 1514 qui
708 1462 771 1500 bis
802 1462 1054 1506 nominatur,
1084 1462 1308 1509 Nausicles,
1333 1462 1570 1514 Euthycles,
1595 1463 1801 1502 Chaeron-

295 1516 381 1563 das,
402 1516 619 1555 Aeschinis
641 1517 777 1555 libello
799 1518 1019 1569 praefixus,
1042 1517 1327 1570 Mnesiphilus,
1347 1517 1415 1569 qui
1439 1518 1600 1556 duobus
1622 1518 1801 1557 decretis

296 1570 523 1624 inscriptus
545 1577 620 1617 est,
644 1577 686 1612 et
709 1572 863 1612 Nicias.

352 1626 483 1679 Apud
501 1626 766 1666 Plutarchum
790 1628 902 1679 (Vit.
920 1628 1005 1667 dec.
1028 1632 1133 1667 orat.
1156 1643 1194 1681 p.
1215 1629 1236 1665 8
1239 1639 1294 1680 50
1319 1628 1365 1666 B.
1387 1632 1431 1667 et
1454 1628 1507 1666 V.
1532 1628 1749 1668 Demosth.
1766 1643 1800 1668 c.

296 1684 380 1731 24.)
416 1682 492 1720 dao
524 1683 779 1734 reperivmtm‘
809 1683 1132 1736 pse-adeponfflni,
1167 1698 1216 1722 ex
1250 1683 1349 1735 ipsis
1385 1683 1621 1722 oratoribus
1666 1684 1799 1736 petiti,

295 1736 458 1776 Xenias
478 1742 521 1777 et
542 1738 824 1777 Chaerondas.
886 1739 1071 1777 Xeniam
1101 1738 1353 1778 Plutarchus
1380 1753 1401 1777 e
1429 1738 1712 1791 psephismate
1733 1740 1800 1778 de-

295 1792 482 1845 promsit,
516 1794 626 1845 quod
669 1793 894 1846 Hyperidis
929 1793 1106 1833 orationi
1145 1795 1320 1833 fortasse
1359 1794 1412 1832 ab
1454 1794 1595 1833 eodem
1638 1794 1802 1833 homine

295 1847 496 1887 insertum
541 1853 644 1895 erat,
687 1849 751 1887 cui
792 1854 889 1888 acta
930 1848 971 1887 in
1017 1848 1308 1888 Demosthenis
1349 1849 1537 1888 oratione
1583 1850 1799 1888 debentur.

297 1903 585 1942 Chaerondam
615 1908 756 1943 autem
784 1919 829 1943 eae
850 1905 932 1957 epse
954 1904 1162 1943 Aeschinis
1182 1903 1322 1949 libello,
1346 1904 1413 1956 qui
1444 1904 1485 1942 in
1508 1904 1802 1944 Demosthenis

295 1958 485 1997 oratione
510 1964 567 2011 (p.
589 1971 680 2011 243,
707 1962 786 2010 10.)
812 1964 963 2007 exstat,
986 1959 1123 2012 petiit,
1145 1960 1352 1998 diversum
1375 1960 1428 1998 ab
1451 1960 1708 2007 Ghaeronda,
1732 1959 1800 2013 qui

296 2027 388 2052 vere
422 2014 501 2053 fuit
531 2028 758 2067 eponymus
790 2015 951 2068 Olymp.
980 2028 1070 2062 110,
1093 2027 1132 2067 3.
1165 2020 1418 2054 memoratus
1447 2016 1500 2054 ab
1523 2015 1730 2054 Aeschine
1760 2030 1799 2068 p.

296 2080 364 2121 57,
387 2080 454 2121 35.
476 2069 662 2122 aliisque.

351 2138 390 2174 4.
413 2125 640 2171 Archontes,
659 2126 728 2178 qai
748 2126 848 2164 actis
864 2126 1161 2165 Demostheneae
1176 2126 1223 2165 de
1242 2140 1383 2166 corona
1400 2126 1589 2164 orationis
1608 2125 1805 2179 adscripti

295 2186 396 2227 sunt,
420 2194 550 2219 errore
569 2181 767 2227 niteatur,
788 2195 907 2233 qaam,
928 2182 962 2220 is
982 2182 1052 2233 qai
1079 2196 1124 2219 ea
1152 2181 1315 2221 ‹inserm‘t
1343 2181 1470 2221 aliam
1498 2181 1692 2233 quendam
1713 2195 1799 2220 ma-

291 2235 516 2287 gri-stratam,
539 2249 649 2288 quem
677 2236 721 2274 in
745 2235 898 2283 tabella,
921 2251 997 2289 qaa
1029 2243 1207 2289 tempora
1238 2243 1370 2276 notata
1391 2243 1517 2282 erant,
1535 2236 1802 2289 perscriptum

296 2290 486 2343 repperit,
500 2304 577 2342 pro
598 2291 780 2329 archonte
800 2305 982 2343 epomsmo
1002 2290 1219 2330 habueras*

355 2344 434 2394 Qui
457 2350 596 2384 autem
617 2345 893 2398 magistratus
909 2346 1065 2385 fuerint
1085 2347 1409 2399 pseudeponymi
1433 2346 1502 2385 isti
1524 2346 1578 2386 ad
1599 2345 1800 2398 liquidum

297 2400 464 2453 perduci
506 2414 627 2452 posse
668 2406 796 2453 negat
832 2401 1120 2440 Boehneckius
1159 2406 1217 2453 (p.
1244 2404 1338 2455 361.
1373 2416 1434 2454 sq.
1467 2406 1509 2441 et
1551 2401 1729 2453 praefat.
1760 2416 1798 2454 p.

298 2456 466 2504 XIX),
490 2470 615 2508 quum
637 2470 769 2508 neque
791 2470 886 2495 vere
907 2456 1096 2509 eponymi
1127 2456 1224 2496 iisve
1246 2457 1421 2505 suffecti,
1444 2470 1574 2508 neque
1595 2470 1617 2495 e
1639 2470 1800 2495 novem-

295 2511 476 2550 virorum
498 2511 682 2562 collegio,
706 2526 837 2564 neque
859 2516 1081 2564 prytanum
1104 2511 1322 2565 epistatae,
1344 2526 1417 2551 nec
1439 2511 1616 2564 denique
1637 2511 1799 2551 scribae

295 2567 519 2606 secundum
555 2563 792 2619 prytauiam
825 2567 950 2606 fuisse
982 2567 1156 2619 possint,
1184 2568 1294 2620 quod
1325 2567 1546 2607 videbatur
1576 2566 1797 2613 Boeckhio,

293 2627 442 2661 contra
464 2636 583 2674 quem
605 2622 836 2674 disputavit
858 2622 1144 2661 Boehneckius
1165 2637 1202 2675 p.
1224 2636 1306 2674 344
1328 2637 1415 2676 sqq.
1479 2622 1556 2672 Qui
1580 2622 1691 2674 quod
1712 2621 1799 2674 ipse

295 2677 471 2729 conjecit
502 2681 713 2729 strategos
744 2691 833 2716 esse
863 2678 1219 2730 pseudeponymos
1253 2678 1353 2723 illos,
1380 2678 1508 2716 nihilo
1541 2676 1799 2730 probabilius

298 2733 416 2771 nobis
438 2733 611 2771 videtur.
646 2728 657 2730 i
676 2732 837 2772 Nititur
857 2733 965 2772 enim
987 2733 1064 2772 hoe
1086 2747 1167 2772 uno
1188 2738 1447 2786 argumento,
1468 2733 1576 2785 quod
1600 2732 1799 2771 Romanis

296 2787 554 2840 temporibus
589 2792 800 2840 strategos
840 2802 1001 2828 summa
1042 2788 1151 2827 inter
1185 2802 1326 2827 omnes
1362 2787 1681 2827 Atheniensium
1715 2801 1799 2826 ma-

296 2843 500 2895 gistratus
527 2843 782 2882 auctoritate
806 2843 1020 2896 praeditos
1041 2844 1165 2882 fuisse
1187 2849 1228 2883 et
1250 2844 1289 2882 in
1311 2843 1452 2882 multis
1473 2843 1608 2883 titulis
1632 2847 1800 2894 praeter

298 2898 541 2937 archontem
578 2898 755 2950 strategi
788 2912 952 2951 quoque
993 2913 1139 2937 nomeu
1173 2899 1294 2951 vulgo
1335 2902 1430 2950 post
1465 2898 1721 2945 archontem,
1758 2897 1799 2936 in
