1934 3179
303 106 386 147 446
862 109 976 149 PRO
1009 108 1259 150 CORONA.

299 225 394 250 nem
426 213 649 263 τειχοποιὸν
680 213 874 267 elegerat,
897 213 947 252 cf,
975 213 1171 252 Aeschin.
1195 217 1329 252 contr.
1354 213 1538 266 Ctesiph.
1572 229 1611 267 p.
1636 215 1718 267 58„
1748 215 1813 254 hic

300 266 475 306 sortitus
496 272 588 307 erat
604 267 823 307 Piraeeum
839 268 1121 315 muniendum,
1137 272 1185 307 ut
1201 268 1327 308 ceteri
1350 268 1531 322 collegae
1552 269 1653 310 alias
1670 274 1813 322 partes

300 322 521 369 moenium,
544 327 671 375 atque
693 323 753 363 ita
775 323 890 363 dedit
912 324 1012 362 haec
1034 323 1117 363 tria
1141 323 1315 363 talenta.
1378 324 1600 363 Caeterum
1622 325 1815 377 exposuit

302 377 353 417 de
375 377 438 416 his
459 378 716 430 temporibus
742 379 870 418 etiam
895 379 1122 418 Muellerus
1148 379 1190 417 in
1212 379 1620 419 Commentationum
1647 380 1698 419 de
1722 381 1815 419 Mu-

302 432 497 472 nimentis
523 433 788 473 Athenarum
818 434 955 487 priore
989 449 1028 486 p.
1059 447 1109 487 25
1136 449 1219 488 seq.
1282 434 1494 484 Quantum
1521 449 1617 474 vero
1648 435 1816 475 omnino

302 492 393 527 tum
415 489 540 528 fuerit
562 489 746 528 studium
768 489 950 528 omnium
973 489 1122 528 civium
1154 490 1276 530 docet
1307 490 1480 544 insignis
1504 490 1682 544 Lycurgi
1704 491 1816 530 locus

303 543 421 583 Orat.
458 543 499 582 in
535 544 725 584 Leocrat.
758 560 797 598 p.
827 558 916 597 153·
949 545 1018 584 ubi
1051 550 1186 585 status
1223 546 1404 585 civitatis
1441 551 1536 600 post
1569 546 1727 586 cladem
1761 547 1815 586 ad

303 599 589 639 Chaeroneam
615 600 671 639 sic
694 600 965 640 describitur:
1001 603 1123 640 καίτοι
1154 600 1232 640 κατ’
1257 603 1426 643 ἐκείνους
1457 603 1544 643 τοὺς
1563 604 1728 654 χρόνους
1749 603 1816 641 οὐκ

303 655 413 693 ἔστιν
434 655 513 703 ἥτις
534 656 665 704 ἡλικία
687 657 731 695 οὐ
761 656 984 708 παρέσχετο
1014 657 1132 706 αὑτὴν
1160 659 1213 698 εἰς
1243 658 1313 706 τὴν
1342 660 1406 706 τῆς
1436 659 1587 699 πόλεως
1609 658 1815 707 σωτηρίαν,

302 710 367 749 ὅτε
405 711 427 759 ἡ
457 712 530 759 μὲν
560 712 668 762 χώρα
698 714 745 750 τὰ
776 712 915 763 δένδρα
947 713 1234 761 συνεβάλλετο,
1258 715 1294 752 οἱ
1325 715 1366 752 δὲ
1401 714 1715 762 τετελευτηκότες
1750 715 1817 754 τὰς

304 764 433 813 θήκας,
458 767 493 804 οἱ
526 768 566 804 δὲ
600 765 672 819 νεῴ
704 769 751 806 τὰ
782 768 898 807 ὅπλα.
933 769 1194 817 ἐπεμελοῦντο
1218 770 1291 818 γὰρ
1325 770 1453 818 οἱμὲν
1484 772 1549 817 τῆς
1579 772 1654 808 τῶν
1675 773 1816 820 τειχῶν

303 824 551 870 κατασκευῆς,
570 823 606 860 οἱ
627 824 668 861 δὲ
692 825 754 871 τῆς
775 826 850 862 τῶν
873 823 1043 873 τάφρων,
1063 825 1099 862 οἱ
1120 826 1160 863 δὲ
1182 827 1246 873 τῆς
1262 825 1533 876 χαρακώσεως·
1567 825 1691 865 οὐδεὶς
1712 824 1744 863 δ’
1768 825 1816 874 ἢν

303 876 419 927 ἀργὸς
442 877 517 916 τῶν
540 879 582 916 ἐν
604 878 649 931 τῇ
672 879 798 918 πόλει.
860 879 1088 918 DISSEN.

360 945 456 983 310,
486 946 516 971 1.
541 934 723 987 σιτώνην]
757 933 822 973 Sic
845 934 1091 974 dicebantur
1112 949 1238 987 penes
1260 949 1362 987 quos
1384 940 1476 975 erat
1498 950 1596 975 cura
1617 935 1815 976 frumenti

301 987 464 1039 publice
486 988 698 1027 coemendi
721 994 763 1029 et
794 989 834 1028 in
866 990 1016 1030 horrea
1042 991 1207 1043 publica
1236 991 1450 1030 inferendi.
1513 991 1624 1030 Vide
1656 992 1707 1031 de
1738 991 1816 1031 hoc

302 1056 472 1082 munere
509 1043 766 1084 Boeckhium
807 1045 959 1085 Oecon.
1002 1047 1160 1085 Athen.
1203 1059 1232 1085 1.
1272 1049 1338 1095 96.
1409 1046 1685 1100 Eligebantur
1720 1062 1816 1087 vero

303 1098 419 1145 tales,
448 1113 550 1152 quos
583 1100 762 1139 maxime
796 1102 949 1154 probos
982 1102 1156 1155 populus
1190 1103 1381 1155 putabat,
1412 1103 1561 1155 quibus
1593 1103 1815 1156 plurimum

302 1154 549 1194 confidebat.
614 1156 848 1197 DISSEN.

357 1222 454 1262 310,
477 1223 516 1263 3.
552 1212 612 1250 καὶ
632 1214 730 1260 μετὰ
751 1215 1053 1255 ταῦτα-κακῶς
1077 1215 1143 1262 ἐμὲ
1165 1213 1307 1266 ποιεῖν]
1331 1213 1475 1254 Citant
1498 1214 1658 1254 Anecd.
1684 1214 1812 1254 Bekk.

302 1279 342 1317 p.
371 1267 460 1313 162,
487 1279 551 1319 23.
613 1268 873 1308 SCHAEF.

357 1334 454 1373 310,
478 1335 515 1374 5.
542 1326 664 1364 κακῶς
686 1323 773 1377 ἐμὲ]
798 1327 864 1374 ἐμὲ
887 1328 1011 1366 κακῶς
1034 1325 1191 1364 Anecd.
1218 1325 1349 1365 Bekk.
1415 1326 1672 1365 SCHAEF.

359 1390 458 1429 310,
488 1391 548 1417 10.
582 1379 777 1433 Διώνδου]
805 1381 1013 1420 Diondam
1035 1380 1211 1419 vidimus
1235 1396 1273 1433 p.
1295 1393 1391 1434 30²³
1420 1395 1480 1434 15.
1545 1381 1683 1435 Ignoti
1708 1381 1816 1421 Sosi-

303 1432 384 1471 cles
407 1437 449 1472 et
473 1433 698 1474 Melantus.
762 1436 1020 1476 Philocrates
1042 1440 1182 1476 autem
1206 1436 1442 1476 Eleusinius
1463 1442 1539 1483 est,
1557 1442 1815 1477 memoratus

303 1487 345 1526 in
369 1488 488 1528 Orat.
510 1489 602 1528 adv.
627 1490 812 1545 Aristog.
844 1505 875 1530 1.
907 1507 946 1544 p.
971 1493 1078 1545 783„
1112 1492 1297 1531 diversus
1328 1493 1381 1532 ab
1405 1492 1593 1546 Agnusio
1623 1493 1678 1532 ad
1708 1508 1816 1533 mor-

301 1547 387 1582 tem
411 1544 623 1589 damuato.
647 1546 697 1585 de
729 1561 810 1600 quo
830 1547 922 1586 vide
943 1548 995 1587 ad
1020 1562 1059 1600 p.
1086 1560 1178 1600 230.
1241 1548 1467 1587 Praeterea
1499 1549 1549 1588 de
1579 1549 1816 1588 actionibus

302 1598 384 1638 isto
406 1603 594 1652 tempore
618 1601 890 1642 Demostheni
922 1603 1095 1642 intentis
1126 1618 1208 1642 non
1239 1604 1415 1643 multum
1438 1608 1618 1644 constat.
1681 1604 1816 1644 Perti-

304 1668 401 1693 nere
435 1662 574 1694 tamen
612 1657 691 1696 huc
725 1658 889 1698 videtur
920 1659 1030 1711 quod
1062 1663 1123 1698 est
1156 1658 1196 1697 in
1226 1659 1315 1698 Vit„
1343 1673 1404 1698 10.
1429 1659 1547 1699 Orat.
1581 1674 1620 1712 p.
1649 1660 1742 1713 845,
1768 1661 1814 1699 F.

304 1711 468 1760 σιτώνης
490 1713 531 1750 δὲ
553 1714 764 1763 γενόμενος
785 1715 846 1753 καὶ
873 1715 1146 1765 κατηγορηθεὶς
1175 1716 1330 1765 ἀφείθη.
1391 1714 1511 1753 Alius
1532 1715 1647 1755 locus
1678 1720 1742 1755 est
1773 1715 1814 1755 in

305 1764 423 1804 Orat.
446 1766 538 1805 adv.
562 1767 749 1822 Aristog.
779 1783 811 1808 1.
833 1784 871 1822 p.
898 1771 990 1820 781.
1023 1769 1110 1808 ἀλλ’
1133 1769 1438 1820 Ἀριστογεῖτον,
1463 1772 1559 1810 ἑπτὰ
1580 1773 1734 1822 γραφὰς
1756 1771 1815 1810 κε’-

305 1823 432 1869 κρικάς
452 1838 514 1870 με,
536 1827 616 1864 τοῖς
642 1825 737 1874 ὑπὲρ
758 1826 956 1864 Φιλίππου
987 1827 1074 1864 τότε
1106 1826 1317 1874 πράττουσι
1339 1827 1485 1865 σαυτὸν
1515 1827 1729 1875 μισθώσας,
1753 1828 1814 1866 καὶ

304 1876 464 1917 εὐθύνας
486 1879 657 1920 διδόντος
689 1881 744 1921 δὶς
766 1882 1043 1931 κατηγόρησας·
1078 1882 1138 1919 καὶ
1158 1880 1415 1931 Ἀδράστειαν
1435 1883 1508 1930 μὲν
1533 1883 1735 1932 ἄνθρωπος
1761 1882 1815 1921 ὣν

304 1931 429 1981 ἔγωγε
452 1938 654 1982 προσκυνῶ
679 1936 740 1974 καὶ
761 1936 838 1987 ἔχω
860 1941 940 1977 τοῖς
962 1939 1065 1977 θεοῖς
1089 1936 1149 1975 καὶ
1169 1939 1290 1975 πᾶσιν
1306 1938 1394 1986 ὑμῖν
1411 1935 1440 1975 ὦ
1457 1937 1593 1987 ἄνδρες
1613 1936 1814 1986 Ἀθηναῖοι

303 1990 381 2027 τοῖς
403 1988 564 2027 σώσασί
579 2006 627 2038 με
649 1991 804 2039 πολλὴν
821 1991 948 2042 χάριν·
982 1992 1031 2030 σὺ
1052 1990 1082 2030 δ’
1107 1992 1194 2030 οὐδὲ
1216 1993 1370 2031 πώποτε
1392 1992 1505 2031 οὐδὲν
1522 1994 1664 2041 ἀληθὲς
1684 1992 1814 2043 λέγων

304 2042 461 2091 ἐφάνης,
497 2043 586 2082 ἀλλ’
624 2047 684 2085 ἀεὶ
720 2051 978 2096 συκοφαντῶν
1011 2047 1198 2098 ἠλέγχου.
1263 2047 1383 2087 Vidit
1418 2047 1469 2086 de
1509 2047 1573 2086 his
1609 2052 1709 2087 ante
1739 2062 1814 2087 nos

309 2096 654 2139 &Vestermannus
676 2102 727 2141 de
748 2101 853 2141 litib.
877 2116 915 2154 p.
939 2115 1004 2154 95.
1067 2102 1290 2141 DISSEN.

358 2165 454 2204 310,
483 2166 543 2207 15.
567 2157 662 2207 ὑπὲρ
684 2157 1031 2210 τῶν-δικαστῶν]
1065 2158 1169 2197 Utile
1190 2157 1421 2210 jecdc'c'l'bus:
1456 2158 1523 2210 qui
1547 2158 1579 2197 si
1602 2158 1724 2198 aliter
1749 2159 1812 2212 ju-

301 2206 505 2254 dicarent,
538 2210 617 2249 sibi
651 2212 728 2265 ip.-i
760 2217 970 2260 nocerent,
994 2213 1145 2266 quippe
1171 2214 1420 2266 pejerantes.
1453 2214 1472 2252 ὃ
1502 2216 1542 2253 δὲ
1568 2214 1724 2253 πάντων
1752 2215 1813 2254 καὶ

302 2265 583 2313 φοβερώτατον
605 2268 665 2306 καὶ
685 2267 841 2316 μάλισθ’
865 2270 959 2317 ὑπὲρ
981 2271 1059 2307 τῶν
1081 2270 1233 2320 ἐχθρῶν
1254 2284 1292 2321 p.
1310 2283 1405 2322 305,
1432 2282 1496 2309 20.
1559 2269 1811 2309 SCHAEF.

359 2331 453 2370 310,
488 2322 549 2358 16.
581 2323 1010 2375 οὐκοῦν-μετεδίδοτε]
1051 2323 1196 2363 Oitant
1232 2324 1391 2363 Anecd.
1427 2325 1559 2363 Bekk.
1596 2339 1635 2377 p.
1663 2337 1756 2377 179.
1779 2339 1810 2365 s.

303 2372 554 2413 SCHAEF.

360 2430 403 2467 ἐν
436 2432 508 2478 μὲν
538 2432 696 2472 οῖς-ἐν
728 2433 783 2474 οἷς
818 2435 962 2472 δὲ-ἐν
997 2435 1052 2474 οἶς
1085 2435 1142 2485 δὲ]
1175 2434 1305 2473 Vides
1338 2434 1472 2473 minus
1507 2435 1705 2475 concinne
1741 2450 1812 2489 po·

301 2483 404 2523 sitas
425 2486 653 2538 particulas
674 2490 745 2536 μὲν
767 2494 810 2528 et
836 2489 889 2527 δέ.
953 2489 1019 2528 Sic
1041 2494 1182 2528 autem
1210 2489 1344 2529 solent
1366 2490 1494 2529 etiam
1515 2491 1662 2543 optimi
1684 2491 1811 2544 scrip-

301 2544 427 2579 tores.
491 2542 739 2583 SOHAEF.

357 2607 453 2648 310,
484 2609 543 2648 ¹7·
567 2599 609 2637 τὸ
631 2599 761 2652 μέρος]
790 2599 842 2639 V.
866 2600 919 2639 acl
942 2615 980 2653 p.
1005 2603 1099 2649 260,
1126 2613 1187 2640 20.

358 2663 453 2703 3¹0,
484 2654 542 2692 18.
577 2656 624 2693 τὰ
660 2656 798 2705 ἄριστά
829 2672 875 2705 με
908 2656 1109 2709 πράττειν]
1147 2655 1350 2696 Instituta
1381 2671 1473 2697 mea
1506 2671 1594 2696 esse
1627 2657 1811 2697 omnium

301 2706 460 2758 optima
481 2713 524 2748 et
544 2709 826 2757 saluberrima,
845 2716 887 2750 et
909 2726 1015 2763 quae
1036 2726 1214 2765 agerem,
1231 2726 1279 2751 ea
1300 2726 1364 2751 me
1385 2727 1508 2766 agere
1529 2713 1610 2752 fide
1632 2713 1810 2767 integer-

302 2761 408 2801 rima
429 2765 775 2818 sanctissimaque
790 2780 890 2819 erga
913 2781 1039 2820 remp.
1063 2767 1234 2819 pietate.
1296 2768 1490 2807 REISK.

357 2830 452 2869 310,
480 2832 542 2859 21.
579 2823 905 2870 ἐπεσημαίνεσθε]
944 2822 1118 2875 Proprie
1140 2823 1292 2862 (licitur
1313 2825 1637 2872 ἐπισημαίνεσθαι
1660 2825 1725 2864 τὰς
1747 2823 1806 2862 εὐ-

302 2874 428 2917 θύνας,
451 2874 688 2916 subscribere
711 2878 880 2916 rationes
909 2884 944 2917 et
963 2877 1192 2931 subsfz'fmare
1212 2885 1327 2930 atque
1346 2879 1403 2917 ita
1431 2880 1673 2930 emfirmare,
1697 2877 1807 2930 quod
