1934 3179
280 107 363 143 328
532 163 536 168 ρ
836 112 950 152 PRO
983 112 1233 155 cORONA.

280 216 465 256 ostendit
496 218 623 258 etiam
655 221 892 274 oppositum
923 223 1050 274 χάριν.
1111 224 1263 263 Civitas
1291 230 1422 263 nostra
1448 224 1580 264 odium
1601 224 1788 274 incurrit,

281 271 502 325 Philippus
521 275 699 327 qratiam
720 277 820 316 tulit.
884 277 950 316 Sic
973 279 1085 330 χάρις
1106 284 1148 318 et
1170 280 1359 330 ἀπέχθεια
1382 280 1491 320 inter
1511 295 1554 320 se
1576 296 1788 335 opponun-

281 332 351 365 tur
372 342 411 380 p.
439 341 553 380 1447,
579 342 614 380 7.
658 332 774 371 Uonf.
796 347 835 385 p.
859 336 953 385 368,
977 347 1013 386 3.
1037 348 1066 373 s.
1110 334 1359 374 SCHAEF.

338 395 430 435 237,
457 397 520 436 25.
543 387 601 425 ὅτι
622 386 652 426 δ’
671 389 768 426 οὕτω
790 387 891 427 ταῦτ’
912 389 1011 441 ἔχει]
1050 390 1369 443 Compendiaria
1389 391 1544 431 locutio
1566 407 1664 432 usus
1685 393 1787 432 satis

277 439 518 491 frequentis.
579 440 753 482 Sensum
775 443 832 482 sic
858 444 1063 497 integres:
1098 447 1159 484 ἵνα
1183 446 1211 485 δ’
1229 448 1351 495 εἰδῆτε
1373 448 1431 486 ὅτι
1452 449 1548 486 οὕτω
1570 449 1672 487 ταῦτ’
1692 449 1786 500 ἔχει.

279 493 347 533 Sic
370 509 407 547 p.
435 498 524 548 265,
550 510 582 536 1.
605 499 663 536 ὅτι
685 500 815 537 τοίνυν
840 499 941 538 ταῦτ’
965 502 1089 550 ἀληθῆ
1115 501 1230 553 λέγω,
1254 502 1349 553 λέγε
1380 505 1427 541 τὰ
1454 504 1694 554 ψηφίσματά
1723 520 1788 553 μοι

278 568 309 588 κ.
324 566 354 587 τ.
371 556 409 589 λ.
433 566 471 604 p.
493 566 588 602 492,
613 554 650 592 6.
674 555 731 593 ὅτι
752 556 883 594 τοίνυν
903 556 1007 594 ταῦτ’
1025 558 1150 606 ἀληθῆ
1177 558 1294 608 λέγω,
1317 558 1423 606 λαβέ
1448 575 1512 606 μοι
1534 558 1576 597 τὸ
1598 558 1787 609 ψήφισμα

276 607 392 644 τουτί.
458 607 586 647 Plena
607 608 761 649 locutio
783 611 962 650 occurrit
985 626 1024 664 p.
1053 615 1144 658 266,
1172 625 1231 650 10.
1275 613 1528 653 SCHAEF.

334 672 426 713 237,
454 675 516 713 27.
552 663 665 716 λέγε]
704 665 808 705 Post
836 666 931 717 λέγε
958 681 1099 707 rursus
1121 673 1211 708 erat
1243 668 1283 706 in
1308 668 1508 708 Bavarico
1529 669 1693 709 rubrica
1714 671 1784 710 ad-

1045 722 1061 730 rx

275 716 433 769 scripta
455 718 556 758 haec
578 720 682 772 sigla
707 721 805 760 mihi
840 722 1007 775 ignota:
1042 728 1073 774 ῥ.
1112 723 1302 763 REISK.
1369 724 1456 764 11110
1491 733 1511 764 6
1548 731 1570 746 “
1595 725 1648 764 V.
1669 726 1722 764 ad
1745 741 1784 779 p.

278 785 369 825 234,
396 774 486 812 28.”
537 775 786 816 SOHAEF.

333 830 425 880 238,
456 843 486 868 1.
519 834 792 884 ΨΗΦΙΣΜΑ]
832 833 1094 873 Callisthenis
1127 835 1340 874 decretum
1368 835 1418 874 ‹le
1452 838 1696 889 σκευαγωγίᾳ
1727 837 1783 876 la-

274 888 363 922 tum
400 885 466 924 ‹lie
505 898 569 935 27.
603 887 839 940 Scirophor.
863 889 1025 943 Olymp.
1053 893 1141 938 108,
1171 903 1218 932 2..
1248 891 1394 930 nuntio
1426 892 1476 930 de
1510 892 1783 931 Phocensium

273 939 482 979 deditione
504 942 697 982 Athenas
718 944 858 991 allato.
882 952 1137 986 memoratur
1157 946 1197 984 in
1220 951 1326 985 orat.
1349 947 1399 986 (10
1421 947 1447 985 f.
1469 947 1546 1000 leg.
1570 962 1608 1000 p.
1626 949 1725 999 366,
1741 961 1781 1000 5.

274 996 354 1045 (Of.
379 995 613 1037 Boehneck.
638 999 807 1049 Quaest.
823 1001 898 1039 vol.
924 1014 954 1040 1.
978 1016 1016 1053 p.
1034 1015 1128 1052 4¹4-
1152 1003 1234 1054 sq.)
1298 1002 1346 1040 Id
1375 1002 1439 1041 hic
1461 1002 1629 1042 recitari
1651 1004 1782 1056 jusse-

272 1056 340 1090 rat
363 1051 679 1093 Demosthenes.
743 1055 900 1095 Verum
932 1058 1020 1109 ejus
1051 1058 1140 1096 1000
1172 1058 1283 1096 aliud
1317 1072 1424 1096 nuuc
1455 1057 1607 1111 legitur
1638 1059 1781 1098 similis

268 1109 503 1160 argumenti
538 1110 775 1163 psephisma
807 1112 860 1151 ab
895 1112 970 1151 hoc
1003 1112 1092 1152 loco
1123 1113 1243 1165 plane
1276 1113 1468 1159 alienum,
1499 1118 1546 1153 ut
1579 1114 1687 1153 idem
1716 1115 1782 1154 hic

269 1162 469 1203 accidisse
502 1170 705 1217 appareat
738 1166 1026 1220 interpolatori
1063 1169 1171 1221 quod
1208 1168 1248 1206 in
1286 1169 1561 1221 praecedente
1598 1170 1781 1223 psephis-

269 1223 381 1257 mate
414 1220 647 1260 notavimus
678 1222 731 1260 ad
765 1237 803 1275 p.
829 1235 920 1274 235.
955 1238 982 1263 1.
1046 1224 1164 1264 Dixit
1193 1224 1242 1262 de
1270 1225 1346 1263 hoc
1378 1224 1547 1264 decreto
1578 1226 1778 1278 ])roysen.

269 1288 308 1326 p.
332 1277 412 1324 916
436 1290 549 1329 seqq.
612 1278 690 1327 Qui
721 1292 795 1330 pro
827 1279 1006 1329 genuino
1041 1280 1277 1319 habuerunt
1310 1280 1543 1319 Boeckhius
1568 1281 1637 1332 (de
1665 1282 1779 1321 arch.

268 1330 465 1383 pseudep.
482 1347 518 1385 p.
539 1336 612 1382 0.),
636 1330 874 1373 Voemelius
895 1339 950 1387 (3.
967 1350 1005 1388 p.
1022 1337 1080 1385 1).)
1105 1341 1145 1375 et
1170 1335 1458 1374 Boehneckius
1480 1336 1556 1375 vol.
1583 1350 1611 1376 1.
1630 1351 1668 1389 p.
1683 1349 1778 1389 352.

269 1399 382 1438 seqq.
426 1387 486 1426 ita
522 1387 632 1427 inter
666 1404 709 1428 se
745 1389 942 1430 differunt
978 1396 1024 1430 ut
1064 1391 1295 1431 Boeckhius
1330 1391 1382 1430 ad
1421 1391 1582 1444 Olymp.
1612 1394 1702 1437 108,
1725 1406 1778 1445 3.,

271 1440 509 1481 Voemelins
541 1444 593 1482 ad
629 1444 789 1497 Olymp.
822 1459 907 1495 100.
940 1459 987 1492 2.,
1029 1447 1314 1486 Boehneckius
1349 1447 1403 1485 ad
1438 1447 1597 1500 Olymp.
1629 1461 1716 1495 111,
1748 1462 1778 1487 1.

269 1497 499 1538 retulerint.
573 1500 685 1549 Quas
726 1501 986 1553 conjecturas
1028 1503 1233 1554 quomodo
1271 1502 1563 1542 exornaverint
1596 1518 1631 1542 v.
1669 1504 1778 1556 apud

267 1551 391 1604 ipsos.

329 1612 420 1661 238,
450 1622 482 1649 2.
506 1610 594 1650 Ἐπὶ
619 1614 876 1663 Μνησιφίλου
898 1615 1104 1666 ἄρχοντος]
1134 1614 1304 1653 Α1·011011
1327 1615 1697 1667 pseudeponymus.
1724 1615 1777 1653 V.

269 1664 323 1703 ad
345 1679 384 1718 p.
410 1678 504 1718 235,
529 1680 558 1705 1.

328 1722 420 1772 238.
443 1734 481 1774 3.
515 1723 734 1772 συγκλήτου
769 1725 978 1773 ἐκκλησίας
1010 1725 1083 1763 ὑπὸ
1114 1729 1338 1775 στρατηγῶν
1371 1726 1430 1764 καὶ
1465 1724 1688 1774 πρυτάνεων
1717 1726 1778 1764 καὶ

266 1779 415 1825 βουλῆς
440 1777 588 1831 γνώμῃ]
623 1778 994 1818 Extraordinariae
1027 1780 1243 1819 conciones
1272 1780 1411 1833 populi
1440 1781 1778 1820 convocabantur

265 1846 290 1869 a
311 1833 588 1884 praetoribus,
610 1835 720 1886 quod
749 1849 871 1887 saepe
897 1835 1059 1887 legitur.
1082 1841 1156 1875 aut
1183 1851 1207 1874 a
1235 1836 1480 1888 prytanibus
1502 1841 1545 1874 et
1573 1836 1775 1888 praetori-

266 1887 353 1934 bus,
378 1893 424 1926 ut
456 1888 607 1927 dicitur
640 1889 823 1942 Thucyd.
846 1904 884 1939 4.
913 1892 998 1929 118.
1062 1891 1179 1929 Nunc
1210 1891 1520 1930 Schoemannus
1549 1891 1598 1930 de
1622 1891 1772 1931 Comit.

267 1942 511 1982 Atheniens.
536 1959 573 1997 p.
598 1947 663 1983 61.
697 1950 810 1985 recte
832 1946 995 1985 videtur
1018 1948 1077 1985 καὶ
1097 1952 1195 1985 ante
1217 1948 1440 1997 πρυτάνεων
1462 1947 1609 1985 delere.
1671 1947 1775 1986 Con-

266 2004 415 2038 vocata
435 2014 460 2037 a
482 2000 746 2051 praetoribus
768 2001 919 2040 dicitur
941 2002 1097 2048 concio,
1122 2016 1321 2041 consensu
1351 2007 1574 2055 prytanum
1596 2006 1639 2041 et
1661 2016 1776 2042 sena—

266 2059 346 2092 tus.
392 2054 615 2094 DISSEN.
679 2056 940 2095 probabilius
978 2057 1140 2096 videtur
1175 2058 1352 2097 alterum
1391 2059 1453 2096 καὶ
1488 2062 1586 2096 ante
1626 2061 1775 2107 βουλῆς

265 2109 483 2148 delendum
506 2125 593 2149 esse
614 2125 705 2149 cum
730 2112 960 2164 Droysenio
982 2127 1020 2164 p.
1040 2126 1135 2163 019.
1476 2138 1480 2144 -

326 2167 418 2215 138,
439 2179 479 2214 4.
514 2169 858 2216 Μαιμακτηριῶνος
879 2169 1016 2221 δεκάτῃ
1039 2169 1238 2220 ἀπιόντος]
1280 2168 1442 2207 Habuit
1474 2168 1773 2207 Maemacterio

263 2220 360 2258 anni
396 2220 458 2259 Ol.
489 2223 576 2267 108,
600 2235 638 2273 3.
677 2223 901 2261 secundum
937 2223 1094 2275 cyclum
1132 2223 1316 2263 Metonis
1349 2223 1636 2277 undetriginta
1673 2223 1771 2270 dies,
1806 2263 1810 2266 ,

264 2288 344 2313 11011
382 2275 568 2328 triginta,
607 2282 654 2316 ut
686 2291 803 2316 error
838 2279 1006 2317 subesse
1042 2278 1243 2318 videatur.
1288 2279 1512 2318 DISSEN.
1577 2278 1774 2331 Sequitur

266 2329 466 2369 Dissenus
494 2331 691 2370 Boeckhii
723 2332 957 2384 opinionem
984 2334 1195 2373 decretum
1225 2334 1301 2372 hoc
1325 2335 1378 2374 ad
1402 2335 1463 2373 Ol.
1490 2336 1577 2380 108,
1599 2346 1638 2386 3.
1670 2334 1771 2373 refe-

266 2385 406 2431 rentis.
431 2386 480 2425 110
503 2400 584 2438 quo
607 2386 762 2426 dictum
785 2388 838 2426 ad
860 2403 899 2439 p.
925 2400 1016 2440 235,
1044 2402 1075 2425 1.
1109 2389 1223 2428 Gonf.
1248 2389 1449 2440 Droysen.
1472 2405 1510 2442 p.
1535 2402 1629 2438 010.

322 2443 413 2492 238,
437 2455 476 2493 5.
513 2443 787 2491 Καλλισθένης
817 2442 1054 2496 Ἐτεονίκου]
1090 2444 1153 2483 De
1184 2445 1261 2482 1100
1287 2445 1459 2497 aliisque
1490 2444 1676 2496 ejusdem
1702 2459 1771 2483 no-

263 2496 384 2535 minis
406 2496 503 2535 viris
526 2512 560 2535 v.
584 2497 820 2537 Boehncck.
845 2498 1014 2547 Quaest.
1040 2499 1115 2538 vol.
1143 2513 1170 2538 1.
1195 2514 1231 2551 p.
1257 2502 1350 2538 6115.

323 2553 414 2603 238.
450 2557 486 2588 (⁷).
550 2558 721 2592 κοιταῖον
772 2555 993 2605 γίγνεσθαι]
1060 2554 1125 2593 Sic
1170 2555 1366 2607 Polybius
1408 2555 1514 2594 (lixit
1552 2567 1594 2607 5,
1632 2566 1691 2606 17.
1730 2569 1768 2605 9.

267 2607 487 2646 DISSEN.

322 2666 414 2715 ¹238,
448 2676 504 2703 12.
539 2666 606 2702 ἐὰν
641 2665 691 2713 μή
726 2681 759 2703 τι
793 2665 1002 2717 ἀδύνατον]
1044 2665 1140 2704 Pari
1172 2666 1294 2704 modo
1326 2680 1363 2718 p.
1390 2668 1481 2710 262,
1508 2678 1528 2703 ε’.
1564 2697 1571 2703 .
1617 2665 1770 2718 legitur

264 2721 395 2757 πολλὰ
417 2719 461 2766 δὴ
483 2722 528 2757 τὰ
551 2720 718 2758 ἀδύνατα
740 2720 989 2769 συνέβαινεν.
1053 2721 1160 2760 Sunt
1180 2725 1319 2760 autem
1343 2723 1389 2759 τὰ
1411 2722 1579 2759 ἀδύνατα
1599 2734 1769 2759 caussae

262 2773 507 2826 improvisae
542 2780 617 2813 aut
650 2775 853 2814 humanae
889 2775 1090 2814 voluntati
1128 2790 1208 2814 11011
1245 2776 1459 2821 obnoxiae,
1494 2775 1651 2828 coeptis
1684 2774 1766 2813 tuis

261 2829 506 2879 peragendis
533 2835 607 2868 aut
637 2830 786 2868 muniis
814 2831 1013 2869 obeundis
1045 2831 1361 2877 intercedentes,
1383 2830 1576 2877 breviter,
1599 2844 1766 2869 excusa-

262 2880 394 2922 tiones
422 2884 631 2935 legitimae
658 2890 699 2924 et
726 2885 937 2924 honestae.
1003 2886 1141 2925 Possit
1162 2887 1247 2935 περὶ
1270 2890 1336 2924 τοῦ
1358 2888 1544 2925 ἀδυνάτου
1567 2885 1691 2924 etiam
1723 2884 1764 2925 in
