1914 3184
259 151 342 189 124
876 152 956 191 DE
989 152 1157 192 PAOE.

317 255 454 308 ταῦτα]
499 255 595 296 Scil.
628 270 734 310 quae
772 255 850 310 ipsi
892 256 1114 298 effecerant
1158 271 1232 296 nec
1273 262 1499 311 potuerant
1539 258 1767 312 impedire;

258 325 406 364 nempe
444 316 492 351 ut
526 311 708 365 Philippi
744 326 818 365 per
850 312 1152 366 Thermopylas
1186 313 1449 367 penetrantis
1483 319 1526 354 et
1558 314 1770 354 Phocense

257 366 442 406 finientis
483 367 703 420 imperium
738 372 781 408 et
815 367 991 422 gloriam
1025 368 1254 417 auxissent,
1289 383 1407 410 suam
1441 369 1617 425 gloriam
1653 369 1770 409 dimi-

260 422 451 463 nuissent
473 423 669 477 Philippo
691 423 880 477 subjecti.
925 424 1114 465 VOEM.

316 480 383 527 62,
409 479 467 519 18.
493 480 772 533 Φίλιππον-]
811 479 905 520 Non
933 479 1039 520 dixit
1059 482 1160 523 τινὲς
1185 482 1257 531 μὲν
1279 484 1452 531 τολμῶσι
1477 484 1611 533 λέγειν
1633 482 1681 523 ὡς
1702 482 1770 520 Φί-

259 539 403 576 λιππος
424 552 458 574 κ.
473 552 505 575 τ.
523 540 576 583 λ.,
600 534 697 588 quia
724 540 950 589 postquam
973 537 1025 576 de
1047 536 1258 577 Thebanis
1285 536 1407 585 dixit,
1427 552 1504 591 par
1529 542 1593 578 est
1620 550 1771 577 nomen

260 591 348 643 ejus
380 605 502 643 quem
534 591 744 631 Thebanis
779 591 955 645 opponit
989 592 1030 631 in
1071 592 1190 633 initio
1226 592 1528 633 enunciationis
1564 592 1768 634 collocari.

259 646 455 687 Ceterum
485 646 789 687 Demosthenes
810 648 850 688 h.
873 648 910 697 l.,
935 648 1033 702 quid
1060 662 1134 688 rex
1163 648 1321 688 consilii
1352 654 1519 689 secutus
1550 649 1616 699 sit,
1643 663 1769 702 expo-

257 716 359 742 nens
390 702 510 742 simul
540 717 610 743 eos
638 702 759 752 ridet,
784 703 853 757 qui
883 704 1125 758 Philippum
1147 704 1357 745 Thebanis
1384 704 1492 745 male
1515 705 1617 746 velle
1644 704 1770 759 perti-

258 757 418 798 naciter
439 759 763 799 contendebant.
820 759 936 800 Conf.
960 775 1019 800 or.
1043 763 1080 800 6.
1107 763 1142 812 Q.
1167 763 1228 801 16.
1274 761 1497 801 FRANK.

315 815 380 863 62,
409 827 468 866 19.
492 814 739 867 Ὀρχομενὸν
761 817 823 855 καὶ
846 817 1088 872 Κορώνειαν]
1112 808 1192 857 ιΕἱῑ
1214 817 1367 871 oppida
1389 816 1588 857 Boeotiae
1608 816 1770 856 munita

259 870 463 910 Phocensi
486 871 592 910 bello
609 871 820 912 Thebanis
831 872 1065 912 Phocenses
1082 873 1334 927 eripuerant,
1353 888 1374 913 e
1392 873 1541 927 quibus
1564 872 1771 926 praesidio

257 926 434 966 firmatis
452 927 589 966 emissi
606 928 851 968 mercenarii
869 928 1070 969 Boeotiae
1085 944 1209 983 agros
1226 929 1536 983 populabantur
1552 934 1595 970 et
1610 929 1771 969 Theba-

257 997 332 1022 nos
355 982 659 1023 incursionibus
675 983 931 1037 affligebant.
966 985 1213 1033 Di0d0r.16‚
1229 986 1282 1039 58
1301 985 1554 1039 ibiq.W⁷ess.
1615 985 1770 1025 Orcho-

257 1053 377 1078 meno
390 1039 558 1079 Thebae
572 1039 738 1080 fuerant
752 1040 973 1094 vectigales
990 1046 1032 1081 et
1048 1041 1129 1082 alia
1144 1041 1342 1082 Boeotiae
1355 1041 1521 1095 oppida.
1556 1041 1691 1092 Quam
1704 1055 1771 1080 ur-

257 1095 351 1134 bem
374 1110 501 1148 quum
518 1095 706 1136 Thebani
727 1095 944 1149 imperium
966 1097 1166 1138 Boeotiae
1187 1102 1433 1151 appetentes
1456 1098 1618 1151 Olpnp.
1632 1110 1721 1146 104,
1738 1109 1768 1137 1.

256 1151 402 1191 a.Chr.
417 1160 435 1202 ἐξ
450 1157 464 1203 2
479 1161 492 1201 ζ
517 1151 776 1201 delevissent,
788 1152 939 1192 iterum
955 1153 1227 1193 munivissent
1243 1154 1477 1194 Phocenses
1488 1154 1649 1207 Olymp.
1666 1153 1768 1202 108.,

256 1207 440 1248 reddidit
470 1207 687 1261 Philippus
715 1209 974 1261 temporibus
1003 1214 1172 1249 coactus
1199 1209 1409 1249 Thebanis
1432 1209 1595 1263 Olymp.
1620 1209 1707 1255 108,
1734 1221 1769 1248 2.

257 1278 295 1303 a.
319 1263 416 1303 Chr.
441 1266 537 1317 346,
567 1279 591 1304 a
618 1264 767 1317 quibus
803 1265 956 1304 iterum
989 1265 1173 1305 dirutam
1205 1265 1393 1306 restituit
1424 1265 1533 1305 idem
1565 1279 1640 1305 rex
1674 1269 1771 1318 post

257 1333 441 1372 pugnam
464 1320 796 1360 Chaeronensem
819 1321 979 1375 Olymp.
1000 1335 1014 1360 1
1032 1334 1090 1369 ιο,
1108 1335 1147 1374 3.
1169 1336 1207 1361 a.
1226 1321 1322 1362 Chr.
1349 1331 1362 1373 j}
1378 1330 1391 1373 t}
1406 1330 1438 1375 ξ.
1504 1322 1557 1360 V.
1580 1321 1768 1361 Mueller.

258 1374 300 1414 in
322 1375 429 1415 libro
451 1376 502 1414 de
525 1376 787 1416 Orchomeno
808 1392 849 1430 p.
875 1390 952 1431 205
976 1392 1066 1430 sqq.
1113 1377 1301 1417 VOEM.

315 1433 380 1477 62,
399 1444 463 1481 24.
489 1436 555 1471 τοῦ
578 1433 719 1486 δοκεῖν]
749 1436 829 1472 Τοῦ
851 1432 1245 1485 δοκεῖν-εἰληφέναι
1266 1438 1330 1473 est
1351 1433 1556 1487 expositio
1578 1432 1771 1473 dictionis

257 1486 326 1536 τὴν
347 1488 463 1536 δόξαν
485 1491 550 1526 τοῦ
578 1488 764 1537 πολέμου,
787 1489 840 1528 ab
869 1493 1037 1529 oratore
1068 1489 1158 1542 ipso
1186 1490 1398 1542 adjuncta,
1422 1489 1539 1543 quasi
1568 1489 1768 1529 dixisset:

258 1543 359 1582 ὥστε
387 1546 515 1583 δοκεῖν
540 1544 608 1583 τὸν
633 1545 808 1594 πόλεμον
837 1544 882 1584 δι’
901 1546 1018 1585 αὐτὸν
1040 1547 1166 1596 κρίσιν
1193 1545 1410 1597 εἰληφέναι.
1456 1545 1632 1600 gloriam
1659 1545 1768 1593 belli,

258 1598 300 1637 id
329 1603 405 1645 est,
435 1604 483 1639 ut
515 1614 662 1652 nempe
692 1600 844 1639 bellum
875 1601 951 1640 hoc
977 1601 1189 1640 videretur
1219 1615 1293 1654 per
1324 1601 1459 1655 ipsum
1487 1601 1768 1656 (Philippum)

258 1654 512 1694 debellatum
534 1659 576 1695 et
597 1660 862 1708 amputatum
884 1671 986 1696 esse.
1031 1656 1225 1697 REISK.

316 1711 445 1750 Πύθια
466 1712 608 1764 θεῖναι]
651 1712 717 1751 Sic
740 1727 778 1765 p.
803 1725 891 1763 119,
916 1726 929 1751 1
946 1725 977 1751 Ι.
1001 1711 1149 1752 τιθέναι
1170 1715 1217 1752 τὰ
1239 1714 1377 1759 Πύθια,
1401 1713 1425 1752 i.
1449 1727 1483 1752 e.
1507 1712 1769 1764 ἀγωνοθέτην,

257 1767 484 1817 βραβευτὴν
506 1767 618 1806 εἶναι.
681 1768 927 1821 Pythiorum
955 1769 1174 1818 βραβευταὶ
1194 1773 1317 1808 erant
1340 1768 1682 1822 Amphictyones,
1701 1769 1770 1822 qui

257 1826 393 1862 totam
425 1837 512 1862 rem
542 1823 916 1864 administrandam
949 1824 1144 1877 Philippo
1175 1839 1269 1865 cum
1298 1824 1468 1864 Boeotis
1497 1831 1540 1864 et
1562 1824 1770 1865 Thessalis

258 1877 361 1917 dicis
382 1893 529 1918 caussa
551 1879 773 1932 conjuncto
795 1879 864 1919 uni
888 1879 1196 1920 commiserunt.
1242 1881 1431 1919 VOEM.

326 1936 392 1981 62,
428 1947 491 1985 25.
530 1936 881 1989 καὶ-ἐγλίχετο]
946 1935 1090 1976 Citant
1131 1937 1291 1976 Anecd.
1334 1936 1465 1976 Bekk.
1506 1951 1545 1990 p.
1584 1949 1671 1989 ¹3¹·
1713 1936 1769 1975 in.

321 2048 388 2092 62,
419 2048 482 2085 28.
515 2049 581 2096 τῆς
611 2047 789 2100 πυλαίας]
830 2047 908 2087 Jus
936 2047 1291 2101 Amphictyom‘cae
1325 2047 1544 2102 cliym‘tatz‘s.
1579 2047 1637 2085 W
1642 2047 1757 2087 OLF
1762 2080 1769 2087 .

260 2102 414 2141 Πυλαία
461 2104 637 2142 ἐκαλεῖτο
682 2104 704 2152 ἡ
747 2105 799 2144 εἰς
845 2106 914 2145 τὰς
955 2105 1092 2145 Πύλας
1139 2105 1302 2145 σύνοδος
1346 2106 1423 2143 τῶν
1461 2103 1770 2154 Ἀμφικτυόνων.

261 2156 470 2210 Harpocr.

316 2214 382 2257 62,
412 2226 462 2265 29
510 2214 587 2252 τῶν
613 2215 656 2252 ἐν
678 2213 876 2268 Δελφοῖς]
909 2213 1199 2265 Ἀγωνοθεσίας
1222 2216 1282 2254 καὶ
1305 2216 1573 2264 προμαντείας.
1635 2215 1771 2255 Ludo-

259 2281 351 2306 rum
374 2268 644 2321 Pythicorum
676 2274 718 2308 et
749 2269 904 2309 oraculi
931 2270 1122 2323 Delphici
1154 2269 1348 2323 praesidii
1377 2276 1504 2324 atque
1534 2270 1769 2323 patrocinii,

259 2337 341 2375 qua
361 2324 616 2364 auctoritate
638 2330 680 2364 et
701 2330 913 2377 praeesset
934 2326 1040 2364 ludis
1057 2331 1100 2365 et
1116 2326 1269 2365 oraculi
1287 2326 1525 2365 consulendi
1549 2340 1771 2380 praeroga-

260 2378 389 2418 tivam
425 2379 611 2419 haberet.
681 2380 748 2420 Ita
784 2380 912 2420 etiam
947 2381 1242 2420 Lucchesinius
1278 2381 1414 2421 locum
1450 2381 1666 2430 intellexit,
1702 2381 1771 2435 qui

259 2434 384 2473 haec:
421 2440 444 2456 “
462 2435 685 2475 Sacrorum
714 2436 959 2481 auotoritas,
989 2437 1039 2475 de
1070 2452 1152 2489 qua
1183 2436 1250 2476 hic
1285 2437 1438 2490 agitur,
1468 2451 1516 2477 ea
1543 2443 1620 2484 est,
1648 2452 1772 2490 quam

260 2490 591 2544 Amphictyones
612 2491 825 2531 habebant
847 2492 889 2530 in
909 2492 1118 2545 Apollinis
1141 2493 1295 2546 templo
1317 2497 1359 2532 et
1380 2492 1421 2531 in
1446 2493 1608 2546 Pythiis
1629 2493 1772 2532 ludis.”

261 2545 450 2585 VOEM.

318 2602 378 2640 καὶ
399 2603 670 2655 τῶν-κύριοι]
698 2602 838 2656 Vulgo
860 2603 1195 2657 interpungitur:
1231 2605 1293 2643 καὶ
1314 2607 1391 2644 τῶν
1413 2606 1456 2644 ἐν
1479 2608 1658 2655 Δελφοῖς
1678 2610 1771 2644 πλε-

259 2657 542 2706 ονεκτημάτων,
561 2661 667 2697 δυοῖν
691 2659 821 2709 κύριοι.
884 2659 1016 2698 Malui
1039 2659 1095 2698 sic
1118 2659 1373 2713 distinguere
1391 2676 1398 2699 :
1433 2661 1494 2699 καὶ
1510 2663 1588 2699 τῶν
1609 2661 1652 2699 ἐν
1669 2664 1770 2699 Δελ-

260 2717 363 2762 φοῖς,
390 2713 586 2763 (subaudi
617 2714 792 2765 δικαίων)
820 2715 1167 2765 πλεονεκτημάτων
1195 2719 1313 2761 δυοῖν,
1339 2715 1399 2767 (id
1428 2720 1505 2763 est,
1534 2715 1558 2754 ἃ
1591 2717 1674 2754 ἐστι
1704 2716 1770 2755 δύο

260 2768 598 2818 πλεονεκτήματα)
627 2771 758 2819 κύριοι.
804 2770 1012 2823 geminum
1041 2772 1393 2811 consectabantur
1421 2770 1766 2810 emolumentum:

259 2823 450 2869 alterum,
490 2824 819 2864 communionem
860 2825 1018 2865 concilii
1064 2826 1399 2880 Amphictyonici
1420 2845 1427 2871 ;
1471 2827 1664 2873 alterum,
1700 2825 1770 2878 jus

262 2878 379 2917 ludos
406 2879 601 2931 Pythicos
621 2880 913 2933 participandi.
946 2881 1137 2921 REISK.
1199 2882 1253 2921 V.
1277 2882 1327 2922 de
1349 2882 1387 2922 h.
1406 2882 1429 2921 l.
1449 2881 1698 2935 W'esseling.
1714 2880 1768 2920 ad

264 2932 434 2973 Diodor.
464 2936 522 2974 16.
548 2937 613 2974 60.
658 2936 988 2976 SGHAEFER.
