1934 3179
317 108 398 148 436
866 107 981 146 PRO
1014 106 1263 147 CORONA.

315 214 497 264 ὑπερεῖχε
532 211 561 252 δ’
592 213 760 254 ἐκείνους
794 215 839 267 τῇ
875 213 980 266 ῥώμῃ
1015 214 1087 262 μὲν
1120 211 1305 260 οὐδαμῶς.
1375 209 1574 249 Fortasse
1608 208 1674 248 hic
1709 209 1824 248 locus

315 268 682 321 grammaticorum
704 268 929 307 memoriae
951 268 1195 306 obversatus
1217 270 1291 305 est.
1335 264 1585 304 SCHAEF.

372 336 468 376 301,
495 334 559 373 27.
591 323 680 362 ἀλλ’
703 323 960 371 οὕτως-τὴν
985 321 1123 375 πόλιν]
1163 321 1308 361 Citant
1330 320 1488 359 Anecd.
1510 320 1641 359 Bekk.
1670 334 1709 371 p.
1733 330 1823 371 150,

320 391 382 432 19.
426 378 675 419 SOHAEF.

373 434 508 486 οὕτως]
556 433 835 472 Referendum
867 433 921 473 ad
952 432 1092 483 μέγαν.
1145 433 1242 471 οὕτω
1272 448 1328 472 τις
1364 431 1577 481 ἀνθρώπων
1608 430 1769 478 ἀνόητος
1801 427 1825 478 ἢ

317 490 556 538 κακοδαίμων
578 504 617 541 p.
640 491 735 541 376,
759 490 796 528 6.
829 491 925 528 οὕτω
958 492 1027 527 νῦν
1054 487 1196 539 γέγονε
1227 487 1399 538 φοβερὸς
1430 487 1491 525 καὶ
1521 485 1642 537 μέγας
1663 499 1704 538 p.
1727 485 1823 537 382,

318 557 383 584 21.
427 544 677 584 SGHAEF.

370 612 467 653 301,
493 601 558 639 28.
581 598 732 652 χώραν]
769 599 883 638 Libri
912 598 1095 638 nonnulli
1120 599 1237 648 ὥραν,
1264 598 1373 636 unde
1395 597 1509 647 ὤραν,
1533 610 1684 643 οιιναηῑ,
1707 609 1825 634 voca-

315 655 456 695 bulum
477 654 685 708 poeticum
706 655 873 694 restitui
894 654 1023 693 voluit
1045 654 1304 701 Schaeferus,
1328 667 1477 706 parum
1498 651 1786 705 probabiliter.

371 722 468 763 302,
490 724 525 749 1.
548 709 1005 763 ἀγαπητὸν-πράξειεν]
1033 709 1113 749 Sed
1137 709 1224 748 boni
1251 707 1524 748 conszdendmn
1549 721 1636 755 esse,
1662 707 1700 746 si
1725 706 1824 759 quis,

313 766 429 805 nulla
461 779 540 805 72022
575 780 672 805 οιινα
703 765 929 812 adhibita,
961 772 1064 804 sorte
1085 765 1219 817 fatali
1248 770 1433 803 uteretur.
1492 763 1674 813 πράττειν
1698 763 1721 801 ἃ
1753 765 1824 809 δεῖ,

305 821 402 875 pati
422 836 521 875 quae
541 835 684 861 necesse
704 828 768 861 est.
831 821 945 860 Infra
966 836 1004 873 p.
1027 834 1074 874 3¹
1093 834 1122 867 1,
1149 834 1208 859 11.
1231 821 1250 858 ὁ
1273 822 1319 859 τὰ
1343 819 1536 869 βέλτιστα
1560 818 1741 869 πράττειν
1764 833 1826 856 νο-

314 878 442 927 μίζων,
491 876 740 916 SCHAEF.
807 877 901 916 Non
934 876 1071 916 credo.
1130 875 1289 915 Verto:
1326 874 1394 914 sed
1427 873 1516 914 boni
1549 872 1825 913 consulendum

313 946 400 980 esse,
423 932 459 972 si
477 933 566 985 quis
585 932 690 972 nihil
706 932 1025 986 praetermittens
1054 931 1159 984 quod
1176 936 1321 984 oportet
1339 931 1510 982 faceret.
1573 929 1823 981 Tantopere,

313 988 387 1035 ait,
410 988 619 1041 urgebant
642 988 731 1028 fata
760 988 926 1040 publica
957 987 1082 1033 urbis.
1105 992 1152 1026 ut
1183 987 1234 1025 de
1264 985 1428 1039 privata
1459 984 1683 1024 securitate
1714 983 1824 1038 cogi-

316 1047 409 1083 tare
442 1058 523 1082 non
557 1043 711 1091 liceret,
739 1044 811 1083 sed
846 1043 943 1083 boni
975 1043 1270 1082 consulendum
1303 1046 1424 1089 esset.
1457 1041 1490 1080 si
1521 1041 1614 1094 quis
1647 1039 1824 1079 officium

316 1103 556 1152 praestaret
594 1114 670 1152 pro
705 1099 872 1147 viribus,
913 1098 1106 1152 propriae
1143 1097 1339 1137 utilitatis
1377 1102 1418 1136 et
1454 1096 1691 1136 securitatis
1726 1109 1826 1135 cura

315 1155 564 1207 postposita.
598 1156 832 1195 DISSEN.
895 1154 973 1205 Qui
995 1155 1249 1205 παραλείπων
1270 1152 1443 1192 retinuit
1463 1167 1539 1205 pro
1560 1152 1804 1202 παραλιπών.

376 1222 474 1262 302,
508 1222 543 1249 2.
583 1209 1154 1263 ἐπεπείσμην-ἀναισθητῶν]
1208 1208 1323 1249 Citat
1359 1208 1541 1248 Thomas
1582 1209 1643 1247 M.
1679 1222 1717 1260 p.
1754 1218 1823 1260 52.

318 1265 571 1306 SOHAEF.

372 1321 923 1375 ἐπεπείσμην-ἐπεπείσμην]
967 1320 1082 1361 Oitat
1103 1320 1295 1360 Tiberius
1319 1335 1360 1373 p.
1387 1333 1450 1372 23.
1493 1317 1823 1359 SCHAEFER.

317 1377 376 1417 Et
398 1377 608 1417 Aristides
630 1378 706 1417 vol.
732 1390 767 1417 2.
789 1393 829 1430 p.
851 1379 946 1430 383,
973 1388 1008 1415 2.

373 1432 424 1485 δ’]
457 1435 531 1482 μὲν
551 1434 619 1472 οὖν
637 1433 827 1472 Tiberius
848 1433 874 1471 l.
897 1447 931 1471 c.
993 1431 1074 1471 Sed
1096 1432 1185 1470 cod.
1208 1432 1296 1484 ejus
1318 1430 1419 1470 Vat.
1442 1430 1495 1470 δέ.
1540 1429 1789 1470 SCHAEF.

371 1500 469 1541 302,
492 1502 531 1541 3.
563 1485 1381 1539 γράφοντ’--πράττοιντα-πρεσβεύοντα]
1416 1486 1615 1525 Resolve:
1650 1487 1683 1525 εἰ
1712 1486 1824 1536 ἔγρα-

317 1544 908 1595 φεν-ἕπραττε-ἐπρέσβευε,
951 1538 1199 1582 SCHAEF.

373 1611 468 1651 302,
498 1613 558 1638 12.
593 1599 861 1652 ἐπαιρόμενος]
912 1598 1120 1652 Ulpianus
1160 1612 1234 1650 per
1276 1598 1444 1648 ἐπαίρων
1479 1596 1660 1649 exponit.
1724 1596 1822 1635 Vid.

318 1654 576 1707 Harpocrat.
607 1669 636 1694 s.
666 1655 706 1694 11.
729 1670 763 1694 v.
803 1654 1061 1693 TAYLOR.
1128 1653 1299 1693 Talibus
1335 1652 1376 1691 in
1412 1652 1690 1692 locutionibus
1725 1666 1824 1691 usus

315 1710 438 1749 medii
471 1710 649 1749 solennis
680 1715 767 1750 est:
802 1714 849 1749 ut
880 1724 963 1748 non
993 1709 1120 1748 mirer
1148 1708 1389 1748 Elmsleium
1420 1709 1497 1747 hoc
1529 1706 1823 1747 Demosthenis

315 1766 404 1805 loco
435 1780 555 1804 usum
589 1765 631 1804 in
663 1765 878 1818 Sophoclis
907 1765 1008 1804 Oed.
1033 1765 1103 1804 Tr.
1127 1766 1221 1817 635.
1254 1763 1436 1815 ἐπήρασθ’
1463 1763 1709 1816 praetulisse
1740 1763 1824 1802 vul-

313 1827 416 1874 gato
458 1821 626 1872 ἐπήρατ’.
699 1821 859 1861 Eadem
898 1825 961 1860 est
1006 1819 1115 1860 ratio
1160 1819 1353 1859 similium
1387 1820 1619 1858 verborum.
1679 1820 1825 1860 ἐκεῖνος

314 1878 387 1926 μὲν
412 1877 526 1916 οὐδὲν
553 1877 601 1916 ἂν
628 1877 734 1928 εἶχεν
764 1879 853 1926 ὑμῖν
884 1877 1162 1915 ἀνατείνασθαι
1190 1874 1367 1926 φοβερὸν
1388 1889 1427 1928 p.
1449 1875 1545 1926 388,
1570 1875 1634 1915 28.
1659 1873 1824 1913 Plutar-

316 1932 417 1970 chus
452 1932 506 1970 V.
541 1932 686 1972 Timol.
721 1946 755 1971 c.
795 1946 856 1970 ΙΙ.
900 1933 1078 1983 ἐπαχθῶς
1118 1932 1179 1971 καὶ
1222 1934 1471 1981 βαρβαρικῶς
1511 1929 1822 1978 ἀνατεινάμενος.

317 1987 564 2027 SOHAEF.

373 2055 470 2095 302,
494 2055 554 2095 13.
584 2043 666 2082 ἀνθ’
689 2044 742 2081 ὧν
773 2044 924 2083 δικαίως
955 2039 1273 2093 ἐστεφανούμην]
1308 2040 1496 2080 Fuerunt
1526 2040 1608 2079 duo
1639 2038 1823 2093 psephis-

315 2103 430 2137 mata
451 2098 630 2137 alterum
651 2113 676 2137 a
700 2097 952 2143 Demomela„
975 2098 1151 2137 alterum
1174 2098 1227 2137 ab
1252 2096 1468 2149 Hyperide
1489 2095 1702 2148 scriptum,
1718 2109 1824 2148 quae

317 2167 409 2191 cum
430 2153 588 2192 frustra
608 2157 847 2192 accusasset
865 2153 1064 2200 Diondas,
1083 2166 1261 2191 coronae
1282 2151 1381 2204 ipsis
1399 2150 1718 2197 Pana-thenaeis‚
1733 2156 1824 2190 tum

317 2208 529 2260 Dionysiis
556 2208 823 2247 renuntiatae
850 2208 1056 2247 videntur.
1122 2209 1344 2247 Caeterum
1375 2206 1562 2245 Diondas
1598 2205 1662 2245 hic
1698 2206 1822 2245 inter-

317 2263 442 2302 cessit
472 2263 612 2309 etiam,
640 2277 733 2302 cum
764 2263 1029 2302 Aristonicus
1061 2263 1255 2302 suaderet
1287 2267 1334 2302 ut
1365 2266 1638 2301 coronaretur
1668 2261 1820 2300 Demo-

316 2318 496 2365 sthenes,
520 2318 569 2357 cf.
594 2318 807 2357 Plutarch.
827 2318 915 2357 Vit.
940 2332 1002 2356 10.
1026 2318 1096 2357 Or.
1119 2333 1158 2370 p.
1182 2319 1261 2367 848
1286 2317 1331 2356 O.
1356 2322 1403 2356 ut
1424 2322 1649 2369 perpetuus
1678 2317 1822 2357 adver-

317 2373 452 2413 sarius
475 2373 768 2413 Demosthenis
788 2373 912 2412 fuisse
935 2374 1135 2412 videatur.
1178 2373 1411 2411 DISSEN.

374 2441 471 2482 302,
494 2440 558 2480 15.
581 2429 624 2468 τὸ
645 2427 780 2482 μέρος]
805 2428 858 2467 V.
882 2428 936 2468 ad
959 2444 996 2481 p.
1023 2430 1115 2475 260,
1141 2440 1206 2468 20.

373 2497 469 2538 302,
497 2496 558 2536 17.
591 2485 678 2524 οὐδὲ
714 2483 936 2537 γραφέντα]
970 2484 1099 2523 Recte
1131 2482 1323 2522 Reiskius
1353 2482 1656 2534 interpretatur
1684 2496 1732 2521 ne
1761 2483 1822 2522 in-

316 2546 453 2579 cusam
485 2539 653 2592 quidem.
716 2539 944 2579 Aeschines
980 2538 1055 2579 οὐδ’
1085 2539 1250 2590 ἔγραψε,
1285 2538 1395 2591 quod
1431 2538 1617 2577 Diondas
1651 2538 1821 2578 fecerat.

319 2595 568 2635 SCHAEF.

379 2663 476 2702 302.
506 2662 571 2699 24.
608 2651 695 2690 οὔτε
730 2653 780 2704 τῷ
817 2649 1057 2702 γραψαμένῳ
1094 2648 1433 2702 συγκατηγόρησε]
1482 2649 1538 2688 Η.
1571 2663 1605 2688 o.
1637 2662 1704 2688 neo
1736 2647 1822 2688 sub-

316 2706 476 2758 scripsit
508 2719 538 2744 3.
561 2706 654 2757 fait
686 2705 935 2757 subscriptor.
998 2705 1105 2744 Nam
1141 2704 1455 2757 subscriptionis
1493 2718 1582 2743 mos
1619 2703 1743 2744 etiam
1779 2703 1820 2742 in

320 2760 467 2800 Attico
488 2760 578 2799 foro
599 2760 743 2814 viguit,
766 2761 815 2800 cf.
834 2760 961 2800 Wolf.
987 2760 1149 2814 Proleg.
1171 2760 1225 2800 ad
1249 2760 1366 2812 Lept.
1393 2774 1432 2812 p.
1454 2772 1521 2812 52,
1545 2764 1587 2799 et
1610 2759 1754 2799 Meier.
1777 2763 1821 2799 et

320 2816 591 2855 Schoemann.
613 2816 663 2855 de
679 2816 807 2869 judic.
832 2816 987 2856 Athen.
1010 2831 1050 2869 p.
1076 2828 1168 2867 7¹0·
1212 2816 1447 2855 DISSEN.

375 2882 471 2925 302,
495 2880 559 2922 27.
582 2871 805 2925 κατηγορεῖ]
840 2871 989 2911 Malim
1012 2872 1224 2922 κατηγόρει.
1268 2870 1516 2911 SCHAEF.
