1935 3205
679 118 1037 158 PRAEFATIO.
1578 120 1616 158 ix

101 239 280 297 integra
310 241 455 298 repeti
485 240 600 297 jussi
637 239 774 283 nullis
806 254 999 297 usqimm
1027 239 1159 282 factis
1190 237 1543 291 mutationibus,
1571 240 1615 281 in

99 316 476 360 annotatismilms
513 331 620 359 vcro
653 315 815 360 Wolf-ii
854 315 943 359 alia
986 316 1029 358 111
1068 315 1250 358 brevius
1286 314 1614 366 contrahenda,

100 392 189 436 alia
213 408 359 451 eaque
391 408 480 436 non
520 408 666 451 pauca
697 392 945 436 resecanda
970 392 1174 442 fuerunt,
1202 392 1468 449 praesertim
1497 407 1615 449 quae

100 469 157 512 de
195 470 395 527 priorum
429 469 686 514 editionum
721 469 1063 512 dcteriorumvc
1095 468 1307 511 codicum
1339 467 1617 511 lectionibus

100 552 180 589 aut
205 547 496 591 decessorum
523 561 707 590 suorum
735 545 965 589 erroribus
992 545 1321 603 disputaverat.

168 622 280 667 Post
304 622 535 667 VVolfium
564 623 928 667 Dcmostlicnica
963 622 1116 665 studia
1142 636 1223 679 per
1257 620 1439 679 longam
1475 637 1617 665 anno-

100 714 199 742 rum
238 701 400 744 seriem
440 700 565 744 nulla
590 715 708 758 quae
746 705 1003 743 memoratu
1032 700 1170 757 digna
1200 699 1292 741 sint
1330 699 1616 742 incrementa

100 782 336 833 ceperunt,
368 776 514 821 donoc
550 776 684 819 Imm.
714 776 959 819 Bekkcrus
996 775 1267 832 conquisitis
1304 775 1491 832 optimis
1518 775 1617 832 11111-

100 851 277 910 busque
313 853 548 897 codicibus
586 868 749 897 novam
789 858 1023 896 oratorum
1056 850 1324 894 Atticorum
1363 851 1614 893 editionem

100 934 292 986 pararet,
330 945 447 988 quac
488 928 658 973 Oxouii
698 930 867 987 prodiit
907 945 932 973 e
972 928 1287 988 typographco
1330 927 1617 970 Academico

99 1020 138 1049 a.
168 1008 307 1049 1822.
344 1012 391 1049 et
421 1009 562 1050 1823.
590 1014 637 1050 et
672 1007 851 1051 duabus
881 1005 980 1049 aliis
1014 1005 1318 1048 fundamento
1349 1004 1450 1054 fuit,
1482 1003 1616 1047 alteri

98 1080 143 1124 J.
170 1080 229 1125 G.
260 1080 432 1126 Baiteri
460 1089 507 1127 ct
536 1083 596 1127 Il.
625 1083 830 1141 Sauppii,
857 1083 933 1140 (1111
961 1088 1192 1126 oratorum
1222 1080 1492 1124 Atticorum
1520 1096 1618 1123 cor-

100 1172 184 1216 pus
209 1157 362 1202 Turici
389 1160 633 1203 ediderunt
666 1175 704 1204 a.
736 1162 1091 1211 1838—1845.‚
1117 1158 1247 1202 alteri
1280 1157 1354 1200 Jo.
1380 1157 1462 1200 Th.
1493 1157 1618 1201 Voc-

99 1234 239 1285 melii,
277 1235 354 1293 (1111
394 1235 762 1279 Demosthenem
802 1235 987 1278 Parisiis
1024 1235 1169 1278 edidit
1208 1234 1387 1276 duobus
1424 1233 1619 1277 volumi-

99 1311 234 1355 nibus
281 1314 497 1356 a.1843.
540 1319 587 1355 et
628 1314 768 1355 1845,
840 1311 974 1355 Circa
1021 1311 1184 1354 eadem
1233 1319 1445 1367 tempora
1493 1308 1617 1367 Aug.

100 1389 378 1441 Boeckhius,
408 1389 477 1432 M.
505 1388 567 1434 H.
591 1389 645 1433 E.
675 1389 882 1432 Meicrus
912 1395 959 1432 et,
986 1388 1044 1432 G.
1074 1387 1124 1431 F.
1153 1387 1504 1431 Schocmannus
1541 1401 1619 1429 an-

99 1465 342 1524 tiquitates
374 1465 561 1510 Atticas
591 1467 773 1510 eximiis
800 1481 918 1523 quae
954 1466 999 1509 in
1038 1464 1244 1508 omnium
1283 1462 1495 1505 manibus
1523 1477 1621 1505 ver-

99 1549 258 1586 santur
282 1542 497 1601 operibus
534 1543 764 1587 illustrare
801 1548 1062 1601 coeperant„
1090 1557 1148 1585 ex
1175 1540 1340 1599 quibus
1377 1540 1431 1583 ad
1468 1546 1619 1582 orato-

99 1633 199 1662 rum
238 1634 423 1677 quoque
459 1619 628 1678 scripta
664 1618 966 1678 intelligenda
1004 1617 1253 1676 plurimum
1296 1616 1511 1660 utilitatis
1551 1631 1619 1659 10-

99 1695 335 1743 dundavit.
407 1695 482 1739 Ita
517 1695 693 1739 factum
733 1701 803 1739 est
839 1703 891 1738 ut
930 1710 1040 1738 mox
1079 1693 1333 1738 multorum
1377 1693 1530 1737 studia
1572 1692 1619 1735 in

99 1778 302 1817 oratores
338 1772 540 1824 Atticos,
577 1772 784 1831 inprimis
821 1771 1204 1822 Demosthenem,
1239 1784 1380 1828 quum
1418 1769 1462 1811 in
1503 1767 1619 1812 Ger-

98 1850 250 1894 mania
276 1855 377 1894 tum
402 1850 524 1908 apud
547 1856 732 1893 exteros
757 1854 1151 1893 converterentur.
1205 1846 1416 1900 Quorum
1443 1844 1618 1902 primus

99 1925 188 1969 fuit
213 1924 273 1969 G.
301 1924 363 1969 H.
390 1924 678 1976 Schaeferus,
705 1924 782 1983 qui
809 1924 933 1982 quod
958 1929 1144 1981 ceperat
1169 1922 1453 1966 instaurandi
1480 1935 1620 1979 appa-

99 2007 225 2046 ratus
263 2001 502 2046 Reiskiani
543 2001 786 2045 consilium
823 2001 889 2044 ita
927 2005 999 2044 est
1041 2003 1291 2042 exsecutus
1329 1998 1377 2040 in
1413 1997 1619 2040 editione

101 2077 400 2130 Londinensi,
425 2092 543 2135 quae
568 2078 773 2135 quinque
804 2076 1117 2120 voluminibus
1150 2074 1320 2134 prodiit
1355 2089 1393 2118 a.
1424 2076 1619 2116 1824—

102 2156 257 2205 1827„
294 2159 347 2197 ut
382 2153 583 2211 plurima
619 2154 717 2211 ipse
761 2153 1092 2204 contribueret,
1133 2152 1179 2195 in
1222 2150 1389 2208 quibus
1427 2150 1617 2193 doctum

99 2229 372 2288 subactique
398 2229 562 2288 judicii
602 2230 749 2273 virum
788 2228 922 2272 facile
958 2242 1191 2287 agnoscas,
1218 2241 1356 2285 quem
1393 2225 1617 2269 vellemus

98 2320 181 2364 par
206 2306 372 2363 judicii
405 2321 601 2350 acumen
628 2306 883 2349 ostendisse
913 2305 960 2348 in
985 2310 1209 2363 apparatu
1235 2302 1489 2346 Reiskiano
1515 2316 1618 2344 nos-

100 2388 276 2426 trorum
313 2388 577 2441 temporum
617 2382 775 2426 usibus
812 2380 1222 2425 accommodando.
1292 2378 1429 2432 Quod
1473 2392 1618 2436 quum

99 2458 165 2501 ita
201 2458 297 2501 fieri
342 2465 578 2516 oporteret
615 2465 668 2501 ut
706 2472 1010 2516 quaecunque
1048 2462 1311 2500 nostrorum
1352 2461 1617 2512 temporum

99 2534 204 2578 luce
239 2549 330 2578 non
367 2535 476 2578 satis
501 2535 639 2593 digna
668 2540 822 2578 essent
847 2533 1157 2584 abolerentur,
1184 2546 1303 2590 quae
1327 2537 1484 2574 autem
1512 2536 1617 2588 post

102 2610 343 2653 Reiskium
380 2610 438 2654 ab
462 2609 562 2653 aliis
594 2616 748 2654 essent
781 2611 827 2653 in
864 2610 1070 2653 medium
1107 2608 1248 2653 allata
1272 2622 1432 2652 severo
1457 2606 1617 2649 habito

101 2685 286 2729 delectu
311 2685 686 2744 adjungerentur,
712 2692 929 2729 neutrum
964 2685 1030 2728 illi
1070 2684 1255 2743 placuit.
1326 2681 1451 2725 Nam
1478 2696 1617 2739 appa-

101 2767 252 2804 ratum
296 2760 603 2804 Reiskianum
647 2776 705 2804 ne
752 2761 893 2804 verbo
933 2761 1121 2818 quidem
1171 2759 1338 2802 omisso
1384 2758 1616 2815 repetivit,

100 2837 221 2894 quod
248 2836 412 2880 eodem
438 2835 533 2879 fere
554 2842 763 2894 tempore
789 2835 898 2880 Gul.
920 2835 1083 2893 Steph.
1112 2834 1361 2879 Dobsonus
1386 2833 1512 2886 fecit,
1539 2834 1618 2891 qui

101 2911 347 2956 Aeschinis
385 2918 432 2955 et
470 2910 801 2956 Demosthenis
838 2926 977 2970 opera
1013 2925 1118 2954 cum
1165 2909 1378 2954 omnibus
1414 2910 1616 2968 priorum
