1934 3179
284 106 367 145 302
848 110 964 149 PRO
998 109 1249 151 CORONA.

395 215 453 267 Τῇ
476 214 549 263 μὲν
570 215 758 269 δεσποίνῃ
776 216 974 269 Ἀθηναίῃ,
999 217 1044 266 τῇ
1065 219 1129 265 τῆς
1150 216 1301 257 πόλεως
1321 218 1522 266 μεδεούσῃ,

396 269 569 320 εὔχομαι,
595 272 628 309 εἰ
647 272 719 317 μὲν
740 272 827 320 περὶ
848 271 915 310 τὸν
937 274 1057 320 δῆμον
1079 273 1146 311 τὸν
1162 272 1381 321 Ἀθηναίων
1401 273 1612 323 γεγένημαι

393 324 603 373 βέλτιστος
624 326 718 376 ἀνὴρ
738 328 835 375 μετὰ
856 326 1052 366 Λυσικλέα
1075 329 1136 367 καὶ
1160 329 1314 367 Κύνναν
1332 328 1392 367 καὶ
1413 329 1677 380 Σαλαβακχὼ,

395 380 526 431 ὥσπερ
548 382 631 420 νυνὶ
650 383 771 430 μηδὲν
793 382 949 431 δράσας,
974 386 1146 423 δειπνεῖν
1171 385 1214 422 ἐν
1235 386 1285 437 τῷ
1311 385 1545 437 Πρυτανείῳ.

282 467 540 507 TAYLOR.
602 467 748 508 citant
780 469 857 508 hoo
888 471 1156 522 pr,ooemium
1181 471 1291 523 quod
1317 470 1396 509 fuit
1420 470 1665 533 antiquitati
1692 471 1792 510 cele-

280 523 522 571 berrimum,
550 523 840 578 Hennogenes
866 540 906 578 p.
934 539 1022 578 173.
1048 528 1142 579 283.
1167 532 1210 566 et
1230 541 1270 579 p.
1294 540 1389 597 344.
1413 525 1482 565 ubi
1505 526 1561 565 sio
1583 526 1666 566 ait:
1701 526 1790 565 ἀλλ’

281 579 366 618 ἔστι
396 583 515 618 ταῦτα
544 581 617 629 μὲν
648 581 780 622 ἁπλῶς
812 597 881 620 κατ
915 581 1108 632 ἀφελειαν
1138 582 1262 631 ἠθικά.
1325 583 1436 632 ἕτερα
1468 583 1510 620 δε
1540 583 1643 632 παρὰ
1675 582 1793 621 ταῦτά

281 635 402 680 ἐστιν,
425 635 542 684 οἶμαι,
566 637 612 675 τὰ
641 639 825 676 ποιοῦντα
851 638 934 676 οῖον
957 638 1139 689 ἔμψυχον
1161 638 1258 677 εῖναι
1291 640 1419 677 δοκεῖν
1445 637 1511 676 τὸν
1538 639 1676 689 λόγον.
1729 638 1791 676 αὐ-

279 692 365 729 τίκα
386 692 440 729 τό·
475 694 638 742 Πρῶτον
657 693 952 744 μὲν-εὔχομαι
978 697 1056 734 τοῖς
1083 697 1186 734 θεοῖς
1213 696 1310 733 πᾶσι
1339 694 1400 732 καὶ
1427 692 1583 734 πάσαις·
1618 693 1711 745 εὐχή
1736 710 1792 734 τις

281 746 365 785 ἐστὶ
387 745 588 796 δήπουθεν.
636 747 742 787 ἀλλά
764 765 798 787 τι
814 748 1119 799 παραπλησιον’
1107 749 1190 801 ε’χει
1210 752 1273 803 τῷ·
1308 750 1413 788 ἀλλὰ
1434 751 1508 800 γὰρ
1531 750 1696 788 ἐνταῦθα
1716 752 1792 788 τῶν

280 805 421 852 φόβων
453 803 600 852 εἵημεν’
640 805 683 843 ἐν
714 807 900 858 Σικελικῷ
932 804 992 844 ὑπ’
1014 804 1255 855 Ἀριστείδου
1292 804 1476 857 εἰρημενῳ
1507 808 1585 844 etc.
1657 804 1792 843 Porro

281 857 464 897 Thomas
489 859 549 897 M.
572 873 607 898 v.
629 861 824 909 βούλομαι
847 875 887 912 p.
915 862 1002 911 167.
1069 860 1277 900 Alistides
1298 861 1348 899 do
1372 860 1421 899 D.
1446 860 1490 900 C.
1512 875 1550 914 p.
1577 861 1669 910 248.
1692 861 1791 910 ἀξιο-

279 930 433 954 πιστιας
458 916 499 953 δὲ
526 916 650 954 α’ίτιον
672 916 733 954 καὶ
754 916 796 954 τὸ
819 920 898 957 τοῖς
927 917 1052 966 ὅρκοις
1080 918 1141 956 καὶ
1163 920 1244 958 ταῖς
1265 918 1375 967 ἀραῖς
1403 919 1583 968 χρῆσθαι.
1637 917 1791 955 οῖον·-

279 970 340 1008 καὶ
361 969 494 1008 πάλιν·
529 974 693 1021 Πρῶτον
712 972 796 1020 μὲν,
819 970 848 1010 ὡ
870 972 906 1010 ά.
922 970 997 1019 ’.A
1021 976 1101 1014 τοῖς
1118 976 1220 1014 θεοῖς
1242 974 1470 1024 εὕχομαι--.
1533 972 1791 1012 Scholiastae

278 1024 558 1079 Helmogenis
587 1026 729 1065 Aldini
762 1041 800 1079 p.
830 1039 893 1079 72.
925 1003 1062 1077 ἀμέλει
1096 1030 1138 1067 ἐν
1169 1031 1219 1081 τῷ
1255 1030 1351 1079 ὑπὲρ
1384 1031 1450 1067 τοῦ
1483 1028 1681 1079 στεφάνου
1714 1028 1790 1079 (sic

279 1079 458 1133 Sopater
489 1082 581 1151 ait),
603 1083 646 1121 τὸ
681 1099 753 1132 μεν
785 1082 884 1123 ειδος
919 1085 1113 1123 δικανικόν
1145 1085 1265 1131 ἐστιν,
1297 1085 1319 1133 ἡ
1357 1083 1386 1123 δ’
1419 1083 1502 1123 ἰδέα
1538 1100 1790 1135 πανηγυρικη,

279 1137 409 1186 ἐπειδη
431 1139 518 1188 περὶ
545 1138 695 1179 εὐνοίας
723 1140 742 1177 ὁ
772 1139 890 1189 ἀγών.
947 1155 1047 1180 τινες
1072 1141 1112 1178 δὲ
1142 1140 1203 1178 καὶ
1235 1139 1569 1189 συμβουλευτικην
1590 1156 1659 1188 την
1682 1140 1789 1179 ἰδέαν

278 1195 391 1242 φασί·
428 1197 574 1244 ψεῦδος
605 1194 658 1233 δέ.
731 1194 778 1232 P.
812 1206 876 1245 74.
906 1194 1106 1247 Syrianus
1142 1195 1197 1235 ad
1232 1195 1365 1234 locum
1398 1195 1693 1248 Hermogenis,
1720 1196 1789 1248 qui

278 1263 317 1301 p.
346 1259 414 1301 54.
445 1250 508 1288 esl.
538 1249 671 1302 Grisp.
701 1264 820 1289 versu
853 1251 908 1288 18.
937 1250 1101 1304 legitur,
1138 1252 1239 1291 haec
1278 1251 1427 1291 affert:
1471 1253 1793 1300 ἐπισημαίνονταί

279 1306 451 1355 (notant
472 1320 565 1344 euin
594 1306 926 1358 reprehensionis
948 1307 1270 1360 significatione)
1294 1324 1394 1348 τινες
1414 1308 1464 1361 τῷ
1487 1308 1626 1360 χωρίῳ,
1650 1308 1700 1348 ὡς
1721 1308 1789 1347 οὐκ

277 1362 397 1410 ὀρθῶς
420 1361 562 1413 ἔχοντι·
595 1363 639 1401 οὐ
660 1364 734 1412 γὰρ
755 1362 907 1404 πάντως
928 1363 971 1401 τὸ
995 1364 1190 1402 δικανικὸν
1212 1363 1312 1404 εἶδος
1333 1366 1399 1402 τοῦ
1419 1364 1542 1414 λόγου
1565 1363 1626 1402 καὶ
1648 1366 1787 1402 δικανι-

277 1419 349 1457 κῶς
381 1417 690 1469 ἐξενεχθήσεται.
747 1419 766 1456 6
799 1421 894 1469 γοῦν
924 1420 1179 1468 Δημοσθένης
1211 1421 1253 1458 ἐν
1283 1419 1334 1471 τῷ
1368 1420 1455 1470 περὶ
1488 1421 1554 1457 τοῦ
1590 1420 1787 1469 στεφάνου
1834 1424 1841 1429 ”

276 1473 556 1526 δικανικωτάτῳ
580 1477 654 1512 τῶν
677 1474 806 1524 λόγων
830 1475 912 1513 ὄντι
941 1476 1187 1526 πανηγυρίζει
1207 1475 1250 1525 τῇ
1281 1476 1520 1525 λαμπρότητι
1540 1478 1615 1513 τῶν
1636 1476 1787 1514 οἰκείων

277 1529 587 1578 ἐναβρυνόμενος
612 1529 915 1579 πολιτευμάτων.
959 1535 1001 1569 et
1024 1530 1223 1583 Sopater:
1258 1531 1446 1571 δικανικὸς
1476 1532 1496 1569 ὁ
1526 1531 1612 1581 περὶ
1640 1530 1786 1581 στεφά-

276 1600 355 1623 νου.
413 1587 474 1623 καὶ
495 1587 569 1635 γὰρ
590 1589 753 1634 ζητεῖται
786 1587 845 1624 καὶ
874 1587 1192 1636 ἀμφισβητεῖται,
1218 1588 1250 1626 εἰ
1271 1588 1373 1635 ἄξιος
1395 1585 1594 1635 στεφάνου
1615 1588 1634 1624 ὁ
1659 1591 1786 1635 Δημο-

274 1639 426 1689 σθένης,
459 1638 481 1689 ἢ
511 1640 573 1689 μή.
639 1640 907 1680 Marcellinus
936 1657 973 1694 p.
1008 1655 1092 1695 ¹73·
1125 1656 1154 1681 1.
1179 1642 1234 1681 sie
1260 1641 1384 1681 dicit:
1419 1643 1438 1680 6
1471 1643 1544 1691 μὲν
1575 1641 1786 1691 κατήγορος

275 1696 449 1744 ἐμποιεῖν
479 1696 685 1743 σπουδάζει
711 1697 754 1735 τὸ
786 1697 919 1743 πάθος,
948 1700 967 1736 6
997 1700 1037 1736 δὲ
1064 1700 1221 1749 φεύγων
1254 1697 1548 1742 καταστέλλειν,
1579 1698 1628 1738 ὡς
1658 1702 1785 1746 Δημο-

275 1751 428 1800 σθένης.
493 1753 682 1803 Αἰσχίνου
719 1755 792 1803 γὰρ
825 1755 1083 1802 διαβαλόντος
1119 1755 1167 1795 ὡς
1202 1754 1343 1798 δεινὸν,
1385 1753 1493 1794 εὐθὺς
1528 1755 1548 1791 ὁ
1583 1752 1706 1803 ῥήτωρ
1743 1755 1785 1792 ἐκ

273 1808 484 1856 προοιμίων
506 1807 765 1847 καταστέλλει
787 1808 856 1856 τὴν
878 1810 1069 1858 διαβολὴν
1089 1812 1150 1848 διὰ
1172 1812 1235 1858 τῆς
1257 1809 1370 1860 εὐχῆς
1394 1808 1605 1861 (designat
1627 1813 1783 1856 votum,

274 1862 383 1915 quod
416 1863 647 1902 orationem
679 1863 786 1903 hane
819 1864 1016 1912 orditur.)
1074 1866 1224 1915 θραύων
1253 1865 1294 1903 τὸ
1327 1864 1447 1905 πάθος
1479 1866 1539 1903 καὶ
1570 1864 1784 1912 ἐκβάλλειν

275 1919 662 1969 ἐπειγόμενος-καὶ
688 1921 708 1958 6
738 1922 811 1969 μὲν
833 1922 1023 1972 Αἰσχίνης
1045 1922 1175 1961 οὕτως.
1219 1922 1238 1959 ὁ
1261 1922 1301 1959 δὲ
1325 1920 1580 1969 Δημοσθένης
1607 1920 1715 1960 εὐθὺς
1742 1922 1784 1959 ἐν

273 1974 373 2028 ἀρχῇ
415 1975 675 2014 καταστέλλει
711 1977 811 2026 ὁρῶν
847 1978 1172 2027 φλεγμαίνουσαν
1207 1980 1282 2015 τῶν
1318 1979 1509 2015 δικαστῶν
1547 1976 1615 2024 τὴν
1650 1975 1781 2026 ὀργήν·

274 2033 437 2079 Πρῶτον
457 2033 541 2080 μὲν,
566 2029 594 2069 ὦ
611 2030 931 2080 Ἀθηναῖοι-καὶ
953 2035 1072 2071 πᾶσιν
1093 2034 1195 2080 ὑμῖν.
1252 2032 1312 2070 καὶ
1334 2031 1401 2079 τὴν
1425 2033 1561 2070 ἑαυτοῦ
1582 2031 1783 2080 συστήσας

271 2086 498 2136 προαίρεσιν
526 2088 569 2125 ἐν
598 2087 646 2139 τῷ
678 2089 875 2140 προοιμίῳ,
908 2089 950 2126 ἐν
976 2092 1053 2129 τοῖς
1087 2089 1285 2138 ἐπιλόγοις
1323 2086 1504 2135 καθάπαξ
1534 2087 1686 2136 ἀναιρεῖ
1714 2087 1782 2136 τὴν

271 2142 391 2211 ὀργὴν
414 2142 474 2180 καὶ
496 2142 721 2182 τούναντίον
744 2145 794 2184 εἰς
822 2144 974 2182 εὔνοιαν
994 2143 1251 2192 μεταβάλλει.
1309 2143 1369 2181 καὶ
1391 2145 1578 2181 τοσοῦτον
1601 2143 1778 2193 ἴσχυσεν,

271 2197 372 2235 ὥστε
404 2198 464 2236 καὶ
495 2198 692 2246 ἐκόμπασε
716 2200 802 2248 περὶ
830 2199 899 2247 τὴν
927 2200 1062 2238 ἑαυτοῦ
1092 2200 1294 2238 πολιτείαν
1317 2197 1429 2249 (sie).
1485 2197 1597 2247 λέγει
1618 2197 1692 2248 γάρ
1716 2198 1778 2252 [p.

269 2262 365 2303 327,
396 2253 471 2304 2.]·
506 2255 550 2297 εἰ,
580 2255 659 2294 οἶος
697 2255 771 2304 ἐγὼ
808 2253 894 2304 παρ’
923 2256 1025 2302 ὑμῖν,
1060 2256 1112 2295 εἷς
1149 2257 1191 2293 ἐν
1228 2255 1369 2307 ἑκάστῃ
1396 2257 1474 2292 etc.
1503 2253 1555 2292 ad
1590 2256 1780 2304 παροῦσιν

271 2307 465 2358 ε’χρησατο
501 2313 639 2349 κακοῖς.
676 2308 871 2348 REISK.
935 2310 1047 2348 Adsl.
1074 2309 1242 2362 Dionys.
1266 2310 1316 2348 de
1344 2323 1475 2361 comp.
1498 2309 1609 2347 verb.
1634 2308 1710 2347 vol.
1738 2321 1778 2361 5.

268 2377 308 2414 p.
339 2376 353 2401 1
372 2377 428 2411 ιι).
455 2368 498 2402 et
525 2378 562 2415 p.
595 2376 687 2415 205.
723 2364 915 2403 Tiberius
943 2379 981 2417 p.
1012 2366 1078 2403 62.
1113 2365 1246 2403 Rufus
1274 2379 1312 2417 p.
1343 2377 1405 2416 75.
1447 2363 1776 2403 SOHAEFER.

269 2418 392 2457 Adde
430 2419 598 2458 Lucian.
626 2419 702 2458 vol.
734 2433 768 2458 12.
801 2434 838 2472 p.
871 2423 964 2473 823.
993 2420 1031 2458 A
1065 2420 1303 2473 precatione
1341 2419 1504 2459 orditur
1540 2419 1667 2458 etiam
1701 2419 1777 2472 Ly-

269 2488 421 2527 eurgus
467 2474 698 2514 orationem
745 2476 836 2514 adv.
875 2476 1131 2521 Leocrateln,
1171 2481 1213 2515 ot.
1254 2476 1344 2515 vide
1386 2475 1497 2515 aliud
1544 2475 1776 2528 exemplum

268 2530 378 2582 apud
413 2530 583 2583 Dionys.
607 2531 657 2569 (le
686 2531 883 2571 Dinareh.
906 2532 981 2570 vol.
1004 2545 1044 2583 5.
1068 2547 1108 2585 pv
1133 2534 1227 2584 657.
1296 2532 1507 2584 Frequens
1539 2535 1679 2570 tamen
1711 2545 1776 2570 res

267 2586 378 2638 apud
402 2586 585 2625 Graecos
613 2601 694 2625 non
717 2586 880 2627 videtur
900 2587 1038 2626 fuisse.
1104 2587 1237 2627 Aliter
1259 2586 1438 2626 Romani
1461 2592 1649 2626 oratores
1670 2585 1775 2625 anti-

269 2641 353 2694 qui,
375 2642 425 2680 de
447 2642 595 2694 quibus
621 2657 788 2682 inenioi·
781 2643 900 2682 milis
927 2643 1040 2682 loeus
1063 2648 1235 2683 exstat
1224 2658 1290 2696 ap.
1316 2642 1427 2682 Selv.
1449 2642 1503 2681 ad
1521 2642 1559 2679 V
1565 2641 1640 2694 irg.
1666 2643 1771 2680 Aen.

272 2710 333 2745 11
357 2710 453 2749 301
478 2697 546 2749 qui
569 2698 622 2737 ad
644 2699 769 2738 veiha
791 2699 1008 2752 praeflatus
1031 2699 1140 2738 divos
1166 2703 1342 2738 annotat
1367 2699 1493 2737 haec:
1529 2704 1552 2718 “
1568 2698 1682 2736 Mom
1702 2710 1773 2736 α77-

266 2752 386 2804 tiquo.
448 2753 559 2792 IVam
589 2767 755 2805 majores
783 2754 936 2793 777ιῖῖ77777
969 2755 1184 2793 orationem
1216 2755 1297 2793 77757
1328 2752 1516 2792 invocans
1548 2751 1774 2791 7777777ἰ777ὂ775

266 2807 518 2855 inchoabant,
545 2808 643 2849 576777
669 2816 760 2849 sunt
789 2824 919 2848 omnes
946 2809 1140 2849 ovationes
1163 2810 1327 2849 Catones
1347 2816 1380 2848 et
1407 2807 1597 2847 Gracoln.
1659 2808 1771 2846 Nam

262 2863 444 2914 (μένω-αἶα
467 2871 587 2915 caput
614 2865 655 2902 in
682 2865 860 2905 077777777775
881 2865 1051 2918 [5777777775.
1126 2866 1237 2904 Unde
1261 2865 1399 2905 Cicero
1422 2864 1533 2915 (Div.
1558 2862 1597 2901 in
1620 2861 1769 2901 Caecil.
