1914 3184
273 135 328 174 32
706 127 1101 170 OLYNTHIAOA
1136 125 1345 165 PRIMA.

276 238 515 292 disceptant
555 237 815 290 interpretes.
883 235 1018 285 Quum
1060 232 1159 271 nihil
1199 231 1400 285 impediat
1435 230 1651 284 quominus
1692 231 1779 281 περὶ

277 294 534 348 intelligatur
570 308 620 333 ex
661 290 858 345 primaria
899 288 1132 329 sententiae
1172 292 1304 341 parte.
1347 287 1423 326 hoc
1462 286 1778 339 praeferendum

277 351 452 390 videtur.
522 349 628 389 Nam
659 348 857 399 μάχεσθαι
888 347 984 396 ὑπέρ
1019 362 1123 385 τινος
1158 344 1399 397 plerumque
1432 342 1583 383 dicitur
1618 340 1687 395 qui
1717 342 1779 381 vel

276 405 451 460 parandi
474 406 536 445 vel
557 402 826 444 conservandi
857 402 1029 454 alicujus
1061 399 1265 439 commodi
1297 413 1443 438 caussa
1464 403 1636 452 pugnat,
1659 397 1779 451 quale

276 477 359 502 non
392 466 456 501 est
489 461 703 501 ἀνάστασις
733 463 776 498 et
807 457 1127 509 ἀνδραποδισμός.
1190 456 1255 495 Ex
1287 469 1368 508 quo
1398 454 1586 508 sequitur
1611 455 1662 493 de
1693 455 1781 504 περὶ

276 518 416 572 potius
452 517 635 571 cogitare
667 515 864 554 lectorem
900 527 1023 566 quam
1052 512 1102 552 de
1129 513 1237 562 ὑπὲρ,
1269 511 1365 551 licet
1395 511 1472 550 hoc
1503 524 1665 564 quoque
1698 509 1779 550 (lici

276 573 474 628 potuerit.
556 573 685 611 Recte
735 569 843 610 enim
888 573 1030 608 monet
1073 568 1318 608 Schaeferus
1366 566 1512 606 “Mihi
1563 567 1780 606 ambarum

278 629 631 684 praepositionum
666 625 913 680 significatio
944 625 1106 664 videtur
1137 623 1337 663 latissime
1367 627 1524 676 patere,
1557 622 1707 675 quippe
1739 621 1780 660 in

276 687 511 725 universum
545 683 816 722 indicantium
851 681 1055 721 rationem
1091 684 1407 733 respectumque
1435 678 1507 719 rei.
1568 678 1617 717 Id
1654 692 1779 717 unum

276 742 463 787 interest„
506 740 615 793 quod
656 740 743 789 περὶ
782 753 858 777 usu
898 736 1233 791 frequentissimo
1273 735 1438 781 teritur,
1476 735 1607 774 multo
1647 733 1781 774 rarius

277 796 642 850 118111Ῥαῒ111·ὑπε’ρ;
682 795 792 848 quod
823 794 957 847 ipsum
990 793 1209 832 discrimen
1241 792 1350 831 inter
1373 790 1546 831 Latinas
1574 789 1781 844 praeposi-

274 854 408 894 tiones
439 853 485 892 εἷο
514 857 556 892 et
586 866 701 905 smper
730 851 864 890 locum
895 849 1069 890 obtinet.
1132 849 1213 888 Sed
1238 848 1540 887 Demosthenes
1572 862 1597 886 a
1622 845 1779 900 vulgari

279 926 354 950 usu
377 910 434 948 sic
456 908 651 955 deflectit,
675 911 721 947 ut
742 906 894 960 passim
917 910 1045 959 ponat
1069 906 1173 956 ὑπέρ,
1192 904 1260 943 ubi
1283 908 1474 944 assuetus
1495 902 1782 943 consuetudini

277 967 460 1020 positum
482 965 599 1005 malit
621 965 720 1015 περί.
773 963 826 1002 V.
849 963 1094 1002 Buttmann.
1119 961 1158 999 in
1185 961 1274 999 lud.
1297 961 1349 1000 ad
1376 960 1607 999 Midianam
1629 974 1667 1012 p.
1692 960 1780 998 188.

281 1023 395 1062 Infra
416 1037 454 1075 p.
479 1036 486 1060 1
506 1035 536 1068 1,
555 1027 577 1061 (1
599 1036 606 1059 :
641 1021 814 1069 βεβαίαν
837 1019 935 1060 εἰκὸς
956 1018 1192 1070 τὴνὲχθραν
1215 1017 1350 1057 αὐτοὺς
1372 1018 1466 1067 ὑπὲρ
1489 1017 1541 1055 ὧν
1564 1019 1782 1066 φοβοῦνται

280 1079 339 1118 καὶ
363 1079 607 1118 πεπόνθασιν
630 1076 748 1128 ἔχειν.
810 1075 853 1114 Si
880 1078 994 1114 recte
1027 1073 1178 1113 dicitur
1213 1073 1332 1124 ἔχθρα
1363 1074 1458 1122 ὑπὲρ
1491 1073 1641 1118 τούτου,
1674 1072 1695 1110 ὅ
1727 1087 1783 1112 τις

279 1139 475 1185 φοβεῖται,
512 1132 653 1186 quidni
691 1135 803 1170 recte
844 1130 1008 1170 dicatur
1043 1133 1230 1179 πολεμεῖν
1269 1131 1363 1179 ὑπὲρ
1400 1128 1664 1173 ἀναστάσεως,
1703 1142 1783 1180 quo

278 1206 399 1230 sensu
423 1190 487 1229 hic
510 1190 666 1229 dictum
689 1192 752 1227 est
767 1187 800 1226 ‘1⁵'

344 1260 402 1293 10,
431 1259 480 1285 20
548 1247 609 1284 καὶ
649 1241 1004 1295 ὅλως-τυραννίς]
1054 1240 1213 1280 Attulit
1251 1241 1456 1280 Stobaeus
1498 1240 1608 1279 Flor.
1631 1254 1696 1292 49,
1722 1253 1782 1292 15-

281 1303 432 1343 Utitur
458 1302 603 1341 endem
632 1299 839 1339 sententia
870 1299 920 1337 de
944 1297 1136 1351 Philippo
1162 1302 1204 1337 et
1227 1295 1434 1350 Olynthiis
1461 1311 1588 1350 agens
1611 1296 1653 1335 in
1674 1301 1780 1336 orat.

279 1374 312 1398 c.
340 1359 539 1398 Aristocr.
562 1373 601 1411 p.
619 1358 713 1409 656,
740 1369 798 1407 19.
860 1354 1029 1393 DOBR.

343 1429 403 1462 10,
430 1427 493 1454 21.
540 1411 757 1465 πολιτείας]
804 1410 1108 1463 Harpocratio:
1154 1411 1345 1449 πολιτεία·
1392 1411 1492 1450 ἰδίως
1533 1411 1714 1448 εἰώθασιν
1748 1410 1785 1447 οἱ

279 1471 435 1522 ῥήτορες
468 1472 515 1524 τῷ
548 1471 705 1518 ὀνόματι
736 1471 902 1519 χρῆσθαι
935 1468 996 1506 ἐπὶ
1027 1469 1091 1515 τῆς
1115 1466 1379 1516 δημοκρατίας,
1403 1467 1533 1515 ὥσπερ
1562 1464 1785 1515 Ἰσοκράτης

280 1544 321 1567 τε
356 1530 399 1566 ἐν
433 1530 483 1580 τῷ
520 1526 763 1578 πανηγυρικῷ
799 1524 860 1562 καὶ
893 1522 1148 1573 Δημοσθένης
1182 1524 1224 1561 ἐν
1265 1525 1344 1562 τοῖς
1383 1525 1642 1562 Φιλιππικοῖς.
1717 1520 1784 1560 Sic

280 1598 319 1637 p.
341 1595 408 1636 54,
429 1595 468 1636 5.
501 1585 567 1623 τὰς
588 1582 785 1621 πολιτείας
806 1584 987 1619 διασπᾶν.
1012 1594 1049 1632 p.
1069 1581 1163 1626 602,
1185 1591 1248 1618 20.
1281 1579 1379 1627 ὅσην
1408 1579 1594 1627 πρόνοιαν
1616 1579 1783 1616 ἐποιεῖτο

282 1641 325 1679 ἐν
356 1640 502 1679 ἅπασιν
523 1640 578 1680 οῖς
608 1639 724 1676 ἐτίθει
757 1638 887 1686 νόμοις
915 1638 980 1683 τῆς
1012 1636 1222 1675 πολιτείας.
1284 1633 1479 1687 Xenoph.
1505 1633 1669 1678 H011.6,
1688 1646 1726 1685 3,
1747 1633 1783 1671 8.

281 1695 370 1734 ὥστ’
399 1697 546 1734 ἐοίκατε
578 1694 779 1744 τυραννίσι
809 1693 965 1742 μᾶλλον
996 1692 1017 1740 ἦ
1039 1692 1254 1731 πολιτείαις
1274 1689 1529 1742 comparavit
1552 1689 1783 1728 Dobraeus.

282 1753 493 1792 Πολιτείας
524 1757 566 1790 et
597 1749 848 1800 δημοκρατίας
878 1762 1026 1787 nomen
1058 1746 1273 1800 conjunxit
1304 1745 1520 1785 Demosth.
1542 1760 1582 1798 p.
1606 1759 1694 1794 100,
1724 1758 1783 1798 ¹3·

283 1807 425 1860 ἐχθρὸν
466 1810 531 1856 τῆς
571 1823 609 1845 π.
645 1806 706 1845 καὶ
745 1807 810 1854 τῆς
851 1807 881 1843 δ.
917 1804 1190 1843 ἀδιάλλακτον.
1226 1802 1405 1841 Aristot.
1434 1801 1614 1853 Polit.5‚
1639 1803 1676 1841 6.
1721 1803 1786 1842 τὰς

282 1865 568 1904 ἀποκλινούσας
589 1865 746 1911 μᾶλλον
767 1860 860 1909 πρὸς
881 1860 923 1899 τὸ
945 1862 1093 1909 πλῆθος
1115 1863 1277 1898 καλοῦσι
1299 1858 1508 1898 πολιτείας.

344 1933 403 1965 10,
425 1932 488 1972 23.
534 1920 557 1958 a
585 1918 788 1969 προσήκει]
827 1916 892 1955 Sc.
917 1917 1181 1965 ἐνθυμεῖσθαι.
1207 1914 1380 1968 gloriam
1412 1913 1626 1966 majorum,
1659 1912 1786 1952 Grae-

281 1975 368 2015 ciae
404 1974 697 2028 principatum,
728 1972 934 2026 oppressis
970 1971 1198 2025 opitulandi
1235 1969 1587 2017 consuetudinem,
1616 1968 1786 2021 injurias

284 2031 475 2085 Philippi,
498 2029 664 2084 periculi
687 2028 1025 2083 magnitudinem.
1090 2026 1280 2066 WOLF.

345 2101 404 2134 10,
444 2100 506 2134 24.
551 2084 756 2139 ἐθελῆσαι]
805 2084 1022 2131 Absolute,
1057 2088 1103 2123 ut
1138 2098 1203 2136 asp.
1241 2082 1425 2135 Thueyd.
1457 2095 1495 2133 5,
1519 2095 1556 2133 9.
1603 2082 1787 2131 νομίσατε

284 2144 382 2183 εἶναι
417 2147 483 2182 τοῦ
518 2147 642 2183 καλῶς
674 2145 862 2191 πολεμεῖν
894 2140 937 2179 τὸ
971 2140 1123 2179 ἐθέλειν
1157 2139 1218 2178 καὶ
1253 2139 1296 2177 τὸ
1329 2139 1586 2190 αἰσχύνεσθαι
1623 2137 1681 2176 καὶ
1709 2140 1788 2177 τοῖς

283 2201 448 2251 ἄρχουσι
468 2200 684 2238 πείθεσθαι.
718 2197 887 2235 DOBR.

339 2253 642 2307 παροξυνθῆναι]
677 2254 743 2292 Ira,
765 2257 806 2292 et
837 2251 1120 2305 indignatione
1141 2250 1308 2290 accendi
1337 2249 1566 2302 animisque
1596 2248 1787 2289 exardes-

283 2325 374 2351 cere
395 2311 448 2350 ad
470 2309 640 2363 injurias
661 2308 938 2347 ulciscendum
960 2312 1002 2346 et
1024 2307 1321 2359 depellendum.
1384 2305 1576 2345 REISK.

347 2380 406 2413 10,
432 2369 498 2406 126.
529 2365 661 2406 αὐτοὺς
692 2364 803 2411 dicit,
836 2363 1070 2417 oppositum
1102 2362 1290 2415 cogitans
1322 2361 1549 2400 exercitum
1579 2374 1786 2400 mercena-

282 2422 402 2461 rium.
465 2421 561 2460 vid.
583 2421 636 2460 ad
658 2435 696 2473 p.
716 2434 752 2470 s),
775 2433 836 2458 12.

347 2492 406 2524 10,
433 2490 496 2529 292.
530 2476 645 2517 (titan
674 2476 712 2514 h.
735 2476 758 2514 l.
784 2474 1048 2514 lxlinucianus
1079 2473 1119 2512 in
1147 2472 1295 2512 Walzii
1329 2473 1451 2512 Rhet.
1475 2472 1551 2512 vol.
1570 2485 1608 2522 o.
1633 2487 1672 2525 p.
1691 2474 1786 2524 613.

285 2536 368 2574 νυνὶ
389 2536 463 2585 γὰρ
498 2533 517 2572 ὃ
550 2532 692 2573 πάντες
723 2533 924 2582 ἐθρύλουν,
955 2531 1003 2571 ὡς
1032 2529 1263 2570 Ὀλυνθίους
1296 2530 1566 2578 ἐκπολεμῶσαι
1597 2531 1679 2567 δεῖν
1711 2531 1790 2578 (δεῖ

283 2594 510 2643 posuerunt
530 2588 729 2638 editores)
754 2588 952 2640 Φιλίππῳ,
974 2586 1139 2637 γέγονεν
1161 2586 1389 2634 αὐτόματον.

346 2659 406 2693 11,
430 2660 468 2693 4.
499 2645 614 2696 μέχρι
646 2661 711 2683 του
745 2643 938 2696 Augerus
971 2641 1274 2693 interpretatur
1306 2640 1568 2693 aliquatenus,
1601 2639 1786 2693 quodam-

283 2702 404 2749 modo,
416 2699 576 2754 jusqu'ci
605 2714 660 2738 un
692 2699 840 2738 certain
863 2698 993 2752 point.
1036 2696 1206 2736 Rectius
1240 2696 1484 2735 Schaei'erns
1518 2696 1568 2735 de
1600 2701 1787 2747 tempore

284 2757 440 2796 dictum
472 2755 634 2808 accipit,
658 2769 783 2808 quum
809 2755 959 2804 βεβαία
993 2754 1126 2805 ἔχθρα,
1160 2752 1361 2791 duratura
1398 2751 1624 2798 inimicitia,
1659 2765 1786 2803 oppo-

285 2817 421 2852 natur.

342 2867 464 2921 ταῦτ’]
498 2867 614 2905 ταύτὰ
637 2865 839 2912 Reiskius.
862 2879 942 2917 quo
968 2879 1049 2903 non
1072 2878 1186 2917 opus.
1248 2863 1499 2916 Intelligitur
1518 2863 1561 2901 τὸ
1584 2865 1784 2911 πολεμεῖν.

351 2936 358 2960 1
379 2935 407 2967 1,
427 2936 464 2974 5.
488 2923 529 2960 ἐκ
551 2925 626 2960 τῶν
647 2921 741 2971 πρὸς
762 2922 898 2961 αὐτοὺς
921 2919 997 2971 (sie
1020 2919 1180 2958 Reisk.:
1214 2919 1334 2971 vulgo
1356 2919 1509 2969 αὐτοὺς)
1534 2917 1786 2969 ἐγκλημάτων
