1935 3205
555 136 900 176 PHILIPPICA
938 134 1173 175 TERTIA.
1538 140 1609 180 191

107 243 196 279 πᾶν.
229 242 290 279 διὰ
311 241 373 283 τί;
409 241 466 279 ὅτι
488 241 555 279 τὸν
576 241 725 292 χρυσὸν
746 241 814 280 τὸν
835 243 876 280 ἐκ
898 245 974 280 τῶν
994 240 1211 291 βαρβάρων
1234 242 1286 281 εἰς
1308 241 1396 281 τοὺς
1411 240 1617 290 ’Έλληνας

106 295 267 346 ἤγαγεν.
299 296 438 335 οὐκοῦν
473 296 593 341 ἔστιν,
617 295 668 337 ὦς
690 297 828 342 ἔοικεν,
854 298 894 335 ἐκ
915 298 1059 336 τούτων
1079 298 1174 335 ἰδεῖν
1197 296 1255 334 ὅτι
1283 297 1319 334 οἱ
1339 298 1525 346 πρόγονοι
1545 300 1618 347 μὲν

107 352 223 400 ὑμῶν,
246 352 348 392 ὅπως
367 350 450 400 μηδ’
474 352 595 393 ἄλλος
626 353 838 402 ἀνθρώπων
857 353 986 402 μηδεὶς
1018 353 1080 391 ἐπὶ
1110 351 1283 403 χρήμασι
1313 353 1433 400 μηδὲν
1456 353 1617 402 ἐργάσε-

105 423 168 445 ται
202 406 319 445 κακὸν
351 407 420 455 τὴν
439 405 628 451 (Ελλάδα,
654 409 892 458 ἐφρόντιζον,
916 409 1022 457 ὑμεῖς
1054 409 1093 446 δὲ
1129 407 1215 445 οὐδὲ
1249 407 1318 455 τὴν
1352 408 1469 446 πόλιν
1500 409 1619 457 αὐτὴν

106 462 209 503 ὅπως
228 462 357 511 μηδεὶς
380 466 453 501 τῶν
474 467 646 501 πολιτῶν
667 463 840 512 ἀδικήσει
860 466 1094 514 προορᾶσθε.
1162 462 1291 500 Porro
1318 462 1549 502 Dinarchus
1577 464 1615 503 in

107 523 214 557 orat.
246 522 393 557 contra
426 518 758 571 Aristogitonem
790 533 828 571 p.
859 519 947 564 108,
983 530 1018 568 7.
1058 521 1184 559 καλῶς
1216 520 1302 568 γὰρ,
1336 519 1364 556 ὦ
1399 517 1616 568 Ἀθηναῖοι,

109 576 232 614 καλῶς
265 575 301 612 οἱ
332 574 520 624 πρόγονοι
552 575 639 623 περὶ
671 575 814 613 τούτων
840 574 1113 625 ψηφισάμενοι
1145 573 1294 622 στήλην
1327 575 1380 614 εἰς
1401 574 1615 623 ἀκρόπολιν

108 628 339 679 ἀνήνεγκαν,
362 630 425 668 ὅτε
448 631 574 679 φασὶν
590 628 779 680 ”’Λρθμιον
800 630 869 668 τὸν
888 631 1145 670 Πυθώνακτος
1165 629 1233 668 τὸν
1251 630 1439 677 Ζελείτην
1461 631 1620 680 κομίσαι

108 684 151 723 τὸ
173 686 337 736 χρυσίον
371 686 412 723 ἐκ
436 686 581 733 Μήδων
604 686 664 724 ἐπὶ
686 686 879 737 διαφθορᾷ
913 689 988 723 τῶν
1009 684 1231 733 ἹΞλλήνων.
1265 686 1355 735 πρὶν
1376 687 1451 735 γὰρ
1473 690 1619 735 λαβεῖν

107 742 213 781 τινὰς
235 740 295 778 καὶ
317 743 448 779 δοῦναι
469 744 534 778 τοῦ
556 741 697 790 τρόπου
719 745 871 790 πεῖραν,
895 741 1024 791 φυγὴν
1045 743 1111 778 τοῦ
1139 742 1370 789 κομίσαντος
1391 741 1434 779 τὸ
1455 743 1619 792 χρυσίον

109 797 367 846 καταγνόντες
389 795 589 844 ἐξήλασαν
613 795 729 834 αὐτὸν
762 797 801 844 ἐξ
823 796 973 844 ἁπάσης
1002 798 1066 844 τῆς
1087 797 1227 846 χώρας.
1261 796 1322 834 καὶ
1344 795 1463 841 ταῦθ’,
1487 798 1620 847 ὥσπερ

109 850 230 897 εἷπον,
260 852 314 892 εἰς
343 850 413 898 τὴν
447 852 662 900 ἀκρόπολιν
698 852 751 891 εἰς
787 851 935 900 στήλην
966 854 1120 902 χαλκῆν
1150 850 1375 901 γράψαντες
1407 852 1616 898 ἀνέθεσαν,

107 906 351 957 παράδειγμα
371 907 461 955 ὑμῖν
482 910 560 947 τοῖς
595 905 884 956 ἐπιγενομένοις
917 906 1183 951 καθιστάντες,
1209 907 1270 944 καὶ
1303 907 1522 955 νομίζοντες
1553 908 1621 947 τὸν

107 963 289 1000 ὁπωσοῦν
309 961 486 1012 χρήματα
507 961 765 1011 λαμβάνοντα
786 963 858 1013 οὐχ
879 963 974 1011 ὑπὲρ
991 964 1055 1010 τῆς
1076 963 1228 1002 πόλεως
1247 962 1337 1000 ἀλλ’
1355 963 1450 1012 ὑπὲρ
1472 966 1547 1002 τῶν
1569 967 1621 1002 δι-

108 1018 254 1056 δόντων
273 1017 550 1066 βουλεύεσθαι.
583 1018 643 1056 καὶ
673 1019 777 1070 μόνῳ
802 1019 918 1070 τούτῳ
949 1017 1237 1068 προσέγραψαν
1267 1017 1336 1065 τὴν
1358 1019 1485 1056 αἰτίαν
1507 1017 1551 1057 δι’
1574 1019 1621 1068 ἣν

107 1074 128 1111 ὁ
151 1075 265 1122 δῆμος
287 1072 480 1121 ἐξέβαλεν
503 1073 619 1112 αὐτὸν
642 1074 683 1112 ἐκ
699 1076 765 1122 τῆς
781 1075 947 1118 πόλεως,
966 1072 1192 1124 γράψαντες
1209 1072 1413 1123 διαρρήδην
1429 1072 1621 1124 ’Ἄρθμιον

107 1127 176 1167 τὸν
198 1129 456 1170 Πυθώνακτος
476 1129 544 1167 τὸν
568 1131 755 1178 Ζελείτην
775 1128 967 1178 πολέμιον
990 1128 1089 1167 εῖναι
1113 1132 1180 1167 τοῦ
1203 1128 1320 1177 δήμου
1344 1130 1404 1167 καὶ
1426 1133 1502 1168 τῶν
1523 1147 1618 1180 συμ-

107 1183 256 1235 μάχων,
281 1183 399 1222 αὐτὸν
421 1185 483 1223 καὶ
504 1183 630 1235 γένος,
655 1185 716 1223 καὶ
738 1185 901 1235 φεύγειν
920 1183 1105 1232 Ἀθήνας,
1129 1185 1187 1223 ὅτι
1208 1185 1275 1222 τὸν
1298 1185 1340 1222 ἐκ
1363 1184 1508 1233 Μήδων
1529 1203 1619 1237 χρυ-

109 1239 181 1278 σὸν
202 1239 351 1290 ἤγαγεν
373 1241 428 1280 εἷς
445 1241 770 1286 Πελοπόννησον.
805 1241 927 1279 καίτοι
949 1241 982 1279 εἰ
1003 1239 1071 1279 τὸν
1093 1241 1135 1278 ἐν
1154 1239 1450 1293 Πελοποννήσῳ
1472 1242 1622 1292 χρυσὸν

109 1295 129 1333 ὁ
163 1297 280 1343 δῆμος
312 1298 472 1334 πολλῶν
506 1299 630 1334 κακῶν
661 1297 783 1334 αἴτιον
813 1296 943 1346 ἡγεῖτο
964 1300 1044 1336 τοῖς
1068 1293 1268 1344 ’Ἓλλησιν
1301 1295 1414 1343 εῖναι,
1436 1300 1514 1338 πῶς
1546 1297 1621 1349 χρὴ

108 1351 284 1403 ῥᾳθύμως
301 1350 408 1401 ἔχειν
422 1351 590 1401 ὁρῶντας
609 1352 651 1390 ἐν
671 1353 789 1405 ταύτῃ
810 1355 855 1405 τῇ
876 1352 990 1390 πόλει
1008 1352 1243 1401 δωροδοκίαν
1260 1351 1496 1401 γιγνομένην
1515 1368 1524 1397 ;
1561 1355 1625 1392 καί

108 1422 174 1455 μοι
206 1410 387 1445 σκοπεῖτε
412 1407 554 1456 ταύτην
587 1407 656 1455 τὴν
689 1407 849 1455 στήλην.
884 1410 1085 1446 ΣΤΗΛΙΙ.
1148 1406 1378 1445 Aeschines
1400 1422 1439 1459 p.
1462 1421 1528 1457 90,
1556 1421 1620 1447 22.

109 1461 665 1512 Ἀριστείδην-ἐπερωτῶντα
693 1464 726 1501 εἰ
756 1462 823 1501 οὐκ
845 1463 1096 1514 αἰσχύνεσθε,
1121 1464 1154 1500 εἰ
1175 1464 1211 1500 οἱ
1239 1464 1312 1510 μὲν
1334 1464 1495 1511 πατέρες
1516 1465 1622 1513 ὑμῶν

104 1515 296 1567 ’Ἄρθμιον
317 1517 385 1556 τὸν
406 1518 594 1567 Ζελείτην
617 1519 830 1567 κομίσαντα
859 1519 912 1559 εἰς
942 1518 1011 1566 τὴν
1031 1517 1212 1556 “Ελλ(ἰδα
1233 1518 1275 1555 τὸ
1300 1519 1339 1555 ἐκ
1365 1519 1510 1567 Μήδων
1531 1536 1623 1571 χρυ-

111 1574 200 1612 σίον
222 1572 509 1622 ἐπιδημήσαντα
533 1575 586 1615 εἰς
606 1574 677 1623 τὴν
706 1575 840 1621 πόλιν,
859 1572 1050 1624 πρόξενον
1073 1575 1168 1612 ὄντα
1193 1577 1260 1612 τοῦ
1283 1574 1401 1622 δήμου
1422 1578 1489 1613 τοῦ
1507 1573 1622 1624 Ἀθη-

112 1630 242 1676 ναίων,
264 1629 353 1679 παρ’
375 1629 488 1668 οὐδὲν
507 1630 580 1679 μὲν
611 1629 734 1679 ἦλθον
755 1630 991 1677 ἀποκτεῖναι,
1016 1628 1245 1679 ἐξεκήρυξαν
1267 1628 1296 1667 δ’
1321 1631 1362 1668 ἐκ
1384 1632 1448 1674 τῆς
1470 1632 1622 1673 πόλεως

112 1685 173 1724 καὶ
195 1686 234 1734 ἐξ
256 1684 410 1733 ἁπάσης
430 1684 473 1734 ἧς
492 1684 694 1735 Ἀθηναῖοι
727 1686 930 1737 ἄρχουσιν,
950 1686 1059 1735 ὑμεῖς
1093 1687 1132 1724 δὲ
1157 1685 1430 1734 Δημοσθένην,
1453 1687 1496 1725 οὐ
1519 1689 1623 1736 κομί-

112 1757 237 1779 σαντα
259 1742 312 1781 εἰς
332 1739 402 1789 τὴν
421 1739 600 1780 εΕλλάδα
631 1741 674 1780 τὸ
706 1742 746 1780 ἐκ
770 1740 915 1790 Μήδων
945 1741 1123 1792 χρυσίον,
1147 1741 1255 1780 ἀλλὰ
1286 1741 1620 1791 δωροδοκήσαντα,

113 1796 174 1835 καὶ
211 1796 266 1835 ἔτι
301 1796 364 1835 καὶ
399 1800 468 1835 νῦν
505 1796 748 1846 κεκτημένον,
783 1797 916 1850 χρυσῷ
953 1796 1135 1849 στεφάνῳ
1176 1796 1345 1846 μέλλετε
1382 1801 1620 1847 στεφανοῦν.

114 1851 326 1890 Plutarch.
349 1851 404 1890 V.
428 1851 718 1892 Themistoclis
749 1866 782 1892 c.
807 1854 845 1891 6.
869 1854 1082 1892 ἐπαινεῖται
1115 1851 1144 1891 δ’
1170 1853 1286 1891 αὐτοῦ
1319 1855 1405 1903 (τοῦ
1427 1856 1623 1903 Θεμιστο-

114 1906 392 1956 κλέους)-καὶ
426 1907 469 1946 τὸ
504 1910 591 1959 περὶ
620 1907 812 1958 ’Ἄρθμιον
845 1908 912 1947 τὸν
947 1910 1148 1958 Ζελείτην·
1196 1908 1514 1957 Θεμιστοκλέους
1549 1912 1624 1960 γὰρ

113 1964 288 2004 εἰπόντος
309 1964 369 2002 καὶ
388 1966 525 2003 τοῦτον
548 1966 602 2005 εἰς
622 1965 709 2005 τοὺς
730 1965 885 2013 ἀτίμους
912 1964 972 2003 καὶ
992 1967 1132 2005 παῖδας
1154 1964 1269 2003 αὐτοῦ
1293 1965 1354 2002 καὶ
1375 1964 1489 2015 γένος
1512 1965 1624 2015 ἔγρα-

113 2023 198 2068 ψαν
219 2019 276 2057 ὅτι
296 2018 364 2057 τὸν
385 2020 427 2058 ἐκ
450 2019 596 2069 Μήδων
616 2020 765 2071 χρυσὸν
788 2021 840 2061 εἰς
860 2020 948 2061 τοὺς
962 2018 1168 2069 ”Ελληνας
1189 2020 1359 2068 ἐκόμισε.
1412 2020 1624 2060 Aristides

113 2073 407 2113 Demosthenis
428 2076 554 2115 verba
587 2075 776 2121 reddens,
799 2075 874 2114 vol.
903 2089 934 2115 1.
957 2090 996 2128 p.
1026 2089 1114 2126 ¹90·
1148 2089 1190 2128 ¹3
1211 2091 1218 2113 :
1252 2076 1438 2125 Ἄρθμιόυ
1459 2080 1527 2114 τοῦ
1550 2081 1622 2116 Ζε-

112 2130 361 2177 λείτου-ὃν,
385 2131 468 2170 ἐπεὶ
489 2133 541 2183 τῷ
573 2135 741 2181 ,Βασιλεῖ
769 2135 956 2170 διακονῶν
983 2133 1147 2182 χρυσίον
1168 2131 1318 2182 ἤγαγεν
1340 2134 1392 2172 εἰς
1416 2135 1622 2172 Πελοπόν-

115 2201 248 2235 νησον,
271 2185 460 2235 πολέμιον
481 2191 547 2226 τοῦ
581 2187 699 2237 δήμου
729 2191 795 2226 τοῦ
816 2186 1036 2235 Ἀθηναίων
1063 2189 1315 2238 ἐψηφίσαντο
1338 2187 1454 2226 αὐτὸν
1478 2189 1539 2227 καὶ
1561 2189 1624 2239 γέ-

115 2257 179 2281 νος
202 2241 262 2279 καὶ
293 2242 458 2291 ἀτίμους.
481 2247 523 2282 et
544 2243 620 2281 vol.
647 2255 681 2281 2.
705 2258 745 2296 p.
770 2244 863 2282 218.
896 2244 918 2292 ἡ
950 2243 1087 2292 στήλη,
1109 2242 1390 2292 ἤι’-ἔστησαν
1423 2243 1626 2294 λέγουσαν

113 2296 216 2342 τάδε,
235 2295 425 2347 ’Ἄρθμιον
460 2298 530 2337 τὸν
552 2300 811 2339 Πυθώνακτος
846 2299 913 2338 τὸν
942 2300 1130 2348 Ζελείτην
1167 2300 1302 2348 ἄτιμον
1339 2299 1400 2337 καὶ
1433 2299 1624 2349 πολέμιον

115 2352 213 2391 εῖναι
244 2355 310 2391 τοῦ
340 2353 458 2402 δήμου
489 2358 564 2393 τῶν
583 2353 802 2404 Ἀθηναίων
835 2354 951 2394 αὐτὸν
983 2355 1045 2394 καὶ
1079 2354 1204 2405 γένος,
1227 2356 1285 2393 ὅτι
1319 2355 1386 2394 τὸν
1417 2356 1457 2394 ἐκ
1480 2356 1626 2404 Μήδων

113 2407 262 2459 χρυσὸν
284 2409 337 2449 εἰς
359 2411 672 2459 Πελοπόννησον
687 2410 850 2461 ἤγαγεν.
883 2414 926 2450 et
945 2410 1084 2463 paullo
1099 2410 1264 2449 brevius
1286 2425 1325 2463 p.
1347 2423 1446 2463 303,
1466 2412 1505 2449 6.
1528 2425 1626 2463 quo-

114 2477 206 2502 rum
227 2463 411 2502 locorum
441 2465 494 2504 ad
525 2464 705 2518 primum
738 2465 844 2506 mira
876 2470 941 2505 est
974 2465 1161 2505 narratio
1195 2466 1443 2505 scholiastae
1467 2467 1563 2518 (vol.
1585 2479 1624 2519 3.

115 2533 155 2572 p.
177 2520 293 2571 327.)
329 2520 392 2558 ὅτε
424 2522 520 2559 κατὰ
550 2523 615 2570 τῆς
635 2519 830 2562 Ἑλλάδος
862 2522 1097 2571 ἐστράτευσε
1120 2521 1278 2572 Ξέρξης,
1303 2521 1430 2561 θέλων
1460 2523 1626 2573 χρυσίον

115 2574 272 2625 πέμψαι
293 2575 387 2624 πρὸς
406 2577 746 2626 Λακεδαιμονίους,
770 2578 834 2616 ἵνα
854 2576 898 2616 δι’
923 2578 1038 2616 αὐτοῦ
1066 2577 1331 2628 παραχθέντες
1352 2578 1628 2626 συμπράττωσι

117 2629 196 2669 κατ’
217 2629 436 2679 Ἀθηναίων
470 2631 583 2685 αὐτῷ,
608 2633 751 2671 ἄκοντα
783 2632 1009 2682 ἠνάγκασεν
1033 2631 1223 2681 ’Ἄρθμιον
1256 2633 1432 2681 ἀγαγεῖν·
1466 2633 1486 2670 ὁ
1518 2632 1548 2671 δ’
1584 2634 1628 2672 ἐν

114 2684 296 2735 Ἀθήναις
315 2684 417 2738 ᾤκει,
440 2688 501 2726 καὶ
523 2690 618 2726 κατὰ
639 2689 760 2739 τύχην
784 2687 886 2726 ἑάλω
908 2688 996 2726 τότε
1017 2687 1090 2726 ὑπὸ
1114 2690 1291 2736 Περσῶν.
1315 2686 1491 2739 denique
1515 2687 1627 2727 Non-

117 2755 194 2780 nus
224 2740 263 2779 in
296 2740 419 2780 schol.
443 2742 568 2795 Greg.
592 2742 692 2781 Naz.
715 2742 828 2795 apud
852 2742 1081 2781 Kusterum
1112 2741 1165 2781 ad
1188 2741 1360 2781 Suidanl
1382 2755 1413 2780 s.
1435 2757 1471 2781 v.
1501 2743 1627 2793 στήλη

117 2801 161 2835 et
183 2796 321 2835 Tzetz.
343 2796 398 2835 ad
420 2797 625 2850 Lycophr.
648 2798 724 2837 vol.
750 2810 786 2837 2.
818 2812 856 2850 p.
886 2811 1004 2851 ¹033·
1031 2797 1101 2850 qui
1134 2797 1211 2849 ipsi
1245 2811 1408 2850 quoque
1439 2799 1627 2847 ἀτίμωσιν

117 2857 363 2891 memorant.
425 2852 597 2906 Integra
617 2853 719 2892 haec
741 2852 942 2906 adscripsi
962 2858 1009 2892 ut
1031 2867 1081 2892 ex
1103 2853 1151 2891 iis
1168 2867 1283 2891 error
1303 2858 1527 2905 appareret
1544 2853 1626 2893 De-

118 2907 347 2946 mosthenis
369 2912 630 2948 monstratus
660 2909 714 2948 ab
738 2908 956 2962 Spengelio
977 2908 1018 2947 in
1050 2908 1278 2961 appendice
1298 2909 1352 2948 ad
1375 2914 1627 2949 commenta·
