1914 3184
232 116 274 155 lii
858 108 1119 151 REISKH

932 253 962 293 ξ.
991 261 1048 295 15.

383 330 442 364 De
463 328 638 364 codicibus
658 326 907 362 Demosthenis
927 325 961 359 in
982 321 1202 358 bibliothecis
1215 320 1349 367 passim
1371 319 1600 355 eoestantihus.

284 406 376 440 Non
411 412 468 439 est
502 404 650 438 animus
681 399 957 435 Bibliothecam
995 395 1313 432 bibliothecarum
1349 394 1745 436 Montfauconianam,

229 477 296 505 aut
317 468 603 506 Coislinianam,
626 473 691 500 aut
712 463 893 499 Bandinii
915 461 1188 502 Florentinam,
1208 467 1274 495 aut
1295 459 1520 508 Catalogum
1542 456 1745 493 MStorum

229 545 389 582 magnae
411 530 632 566 Britanniae
654 528 878 567 exscribere,
901 534 938 561 et
964 536 1145 560 numeros
1167 535 1378 571 proponere
1404 522 1578 558 codicum
1600 521 1739 556 Demo-

230 597 503 636 sthenicorum,
527 594 591 641 qui
618 593 796 628 dicuntur
821 592 860 626 in
888 589 1128 626 bibliothecis
1148 588 1345 628 Vaticana,
1368 587 1558 627 Medicea,
1581 585 1744 621 Ambro-

118 674 215 697 Lvm
230 661 349 701 siana,
372 656 678 696 Vindobonensi,
701 655 881 698 Leidana,
905 654 1075 694 Gallicis,
1098 650 1328 700 Hispanicis‚
1354 650 1515 700 publicis
1540 649 1746 697 privatisve

229 724 388 772 reperiri
409 738 416 764 ;
450 734 544 769 quos
565 733 696 756 omnes
716 720 849 767 utique
870 718 1097 767 expediebat
1116 729 1137 752 a
1157 715 1287 752 sedulo
1309 715 1453 751 editore
1474 712 1747 750 Demosthenis

230 801 308 825 non
339 785 598 836 perfunctorie
628 782 863 832 perlustrari,
887 783 951 818 sed
981 782 1184 830 diligenter
1211 780 1426 828 percenseri
1454 786 1492 815 et
1518 791 1604 814 cum
1636 776 1748 812 editis

231 850 456 899 comparari.
514 849 676 884 Nullum
712 848 814 884 enim
853 847 1013 882 dubium
1052 854 1120 887 est,
1156 857 1337 894 magnum
1372 846 1452 893 ejus
1488 842 1543 878 rei
1581 840 1746 876 fructum

230 917 393 952 laturam
428 926 509 949 esse
543 912 819 960 rempublicam
852 911 1070 946 literariam.
1129 911 1273 945 Paucos
1306 907 1546 944 solummodo
1578 917 1747 941 comme-

233 980 391 1016 morabo
422 978 573 1014 codices
603 977 728 1012 minus
757 976 915 1012 forsitan
945 975 1097 1023 publice
1128 982 1251 1016 notos,
1274 986 1435 1021 quorum
1466 971 1641 1007 notitiam
1672 969 1749 1005 fors

232 1044 386 1079 fortuna
406 1043 507 1077 inter
526 1041 730 1090 legendum
753 1053 841 1076 cum
863 1039 1076 1080 obtulisset,
1097 1039 1135 1074 in
1157 1037 1380 1074 adversariis
1401 1035 1594 1072 annotavi.
1643 1034 1749 1078 Quo-

233 1120 316 1145 rum
339 1119 358 1142 e
379 1117 539 1141 numero
561 1112 618 1140 est

288 1169 578 1211 Breslaviensis,
614 1180 701 1216 pars
740 1167 1008 1208 bibliothecae,
1043 1177 1139 1212 quae
1175 1164 1366 1211 quondam
1401 1162 1470 1199 fuit
1505 1160 1748 1210 Rhedingeri,

234 1247 338 1271 nunc
359 1234 397 1269 in
419 1233 632 1283 gymnasio,
656 1231 756 1279 quod
781 1230 999 1266 Breslaviae
1024 1235 1092 1269 est,
1119 1228 1362 1263 Elisabetano
1382 1233 1608 1262 asservatur.
1668 1225 1748 1259 Hu-

229 1302 292 1348 jus
319 1296 461 1334 codicis
487 1295 636 1344 roganti
663 1295 755 1330 mihi
775 1294 886 1342 copia
912 1301 1052 1342 negata
1078 1301 1148 1329 est.
1207 1291 1394 1327 Notitiam
1425 1293 1503 1339 ejus
1531 1301 1598 1337 per
1622 1289 1752 1324 literas

236 1362 327 1398 mihi
349 1361 455 1397 dedit
475 1360 644 1395 Arletius
667 1359 710 1393 V.
728 1358 771 1394 C.
795 1359 935 1394 Rector
955 1357 1055 1392 illius
1075 1356 1257 1406 gymnasii
1275 1372 1284 1395 ς
1316 1355 1417 1390 unde
1439 1353 1626 1393 intellexi,
1649 1352 1751 1388 codi-

236 1438 320 1462 cem
338 1425 446 1460 illum
470 1423 663 1470 quondam
686 1421 867 1457 Andreae
889 1421 1065 1456 Dudithii
1086 1420 1200 1455 fuisse
1223 1428 1261 1455 et
1282 1418 1511 1466 Philippicas
1533 1430 1618 1453 cum
1641 1423 1751 1451 oratt.

238 1502 307 1537 pro
328 1500 471 1524 corona
492 1495 530 1523 et
550 1487 596 1522 de
618 1486 710 1522 falsa
729 1486 921 1534 legatione
944 1497 1029 1520 cum
1054 1484 1207 1520 scholiis
1228 1483 1356 1518 multis
1377 1490 1521 1518 tenere.

293 1552 503 1588 Dorvillius
525 1552 561 1586 in
587 1549 913 1585 Annotationibus
934 1549 978 1584 ad
1003 1548 1250 1583 Charitonem
1272 1560 1309 1594 p.
1332 1546 1422 1592 687.
1444 1553 1480 1581 et
1504 1546 1591 1592 693.
1614 1544 1754 1580 codicis

241 1616 298 1652 sui
319 1616 556 1651 mentionem
580 1614 682 1650 facit.

294 1680 415 1716 Penes
437 1679 560 1714 Eliam
582 1678 833 1719 Obrechtum,
856 1676 1106 1724 professorem
1129 1674 1321 1722 quondam
1340 1673 1619 1721 Upsaliensem‚
1640 1671 1755 1708 fuisse

242 1743 415 1780 codicem
436 1741 720 1782 Demosthenis,
743 1741 967 1789 intelligitur
988 1752 1007 1775 e
1028 1737 1243 1774 Normanni
1270 1737 1583 1773 annotationibus
1603 1736 1650 1772 ad
1671 1736 1755 1770 Ari-

244 1807 350 1843 stidis
370 1814 491 1842 artem
512 1806 739 1841 rhetoricam
760 1817 797 1852 p.
821 1814 910 1850 274.
1780 1844 1784 1846 Π

298 1871 432 1906 Petrus
452 1870 647 1909 Pantinus,
672 1869 850 1904 Decanus
872 1868 909 1902 S.
928 1866 1089 1902 Gudilae
1112 1863 1381 1907 Bruxellensis,
1403 1864 1537 1899 habuit
1557 1864 1758 1911 antiquum

245 1935 415 1971 codicem
448 1934 575 1975 Dem.‚
598 1933 661 1980 qui
691 1939 914 1968 recensetur
942 1944 962 1966 a
992 1928 1166 1966 Fabricio
1191 1928 1291 1964 Bibl.
1315 1928 1381 1964 Gr.
1409 1929 1484 1964 vol.
1507 1940 1565 1963 12.
1593 1940 1630 1975 p.
1653 1939 1756 1975 3¹3·›

244 1998 280 2034 in
316 2010 391 2046 quo
426 1997 642 2033 orationum
682 1995 777 2031 alius
817 2002 874 2030 est
908 1994 1013 2036 ordo,
1048 2005 1162 2040 quam
1198 1991 1236 2027 in
1270 1993 1433 2041 vulgatis
1470 1991 1572 2027 libris
1606 1992 1757 2027 nostris.

245 2062 581 2098 Commemoratur
612 2059 663 2095 ibi
693 2058 815 2094 oratio
846 2058 1034 2105 quaedam
1064 2056 1338 2092 Demosthenis
1366 2057 1408 2091 de
1437 2056 1638 2104 laryitione,
1665 2068 1759 2103 quae

244 2124 363 2161 videri
395 2132 510 2172 queat
541 2122 697 2159 inedita.
755 2121 831 2158 Sed
862 2121 1033 2169 profecto
1067 2120 1172 2156 nulla
1205 2127 1262 2155 est
1292 2120 1379 2161 alia,
1412 2132 1526 2167 quam
1560 2120 1681 2155 oratio
1714 2119 1760 2155 de

246 2201 389 2226 corona
414 2187 671 2223 trierarchica.
727 2186 836 2222 Idem
856 2184 1041 2220 Pantinus
1060 2183 1194 2219 habuit
1217 2184 1331 2219 alium
1356 2196 1508 2231 quoque
1531 2184 1760 2219 Demosthe-

248 2252 304 2288 nis
325 2251 509 2291 codicem,
532 2249 596 2285 sed
618 2249 843 2284 inchoatum
865 2247 1119 2283 solummodo.
1141 2259 1177 2282 v.
1199 2260 1235 2293 p.
1251 2258 1270 2292 3
1284 2247 1341 2282 16.
1365 2260 1399 2282 n.
1419 2259 1481 2291 40.

302 2314 485 2351 Sambuci
514 2312 685 2348 codicem
714 2312 845 2348 laudat
874 2311 984 2347 Wolf
1009 2311 1054 2346 ad
1085 2323 1121 2358 p.
1148 2320 1229 2357 145.
1254 2322 1289 2357 5.
1322 2318 1360 2345 et
1388 2311 1428 2345 in
1462 2323 1518 2351 ea.
1549 2323 1662 2358 quam
1694 2323 1762 2346 nos

248 2390 488 2426 usurpamus,
510 2374 711 2425 farragine.

171 2459 236 2481 mx
312 2443 361 2478 H.
388 2440 605 2490 Scrimgeri‚
636 2439 755 2480 Scoti,
788 2437 1013 2474 Professoris
1045 2438 1237 2486 quondam
1266 2437 1369 2473 Juris
1403 2437 1502 2486 apud
1540 2437 1762 2474 Heidelber-

249 2518 398 2556 genses,
416 2505 574 2541 schedas
596 2503 633 2539 in
650 2503 753 2539 calce
774 2515 928 2538 suorum
950 2502 996 2538 ad
1013 2503 1204 2538 orationes
1220 2501 1492 2538 Demosthenis
1510 2510 1548 2538 et
1564 2503 1764 2539 Aeschinis

250 2570 484 2606 adversarias
521 2567 885 2604 commentariorum
925 2574 1201 2602 commemorat
1232 2565 1348 2602 Wolf.
1407 2566 1497 2601 Non
1533 2565 1604 2602 fuit
1642 2567 1763 2603 codex

250 2641 423 2670 vetustus
452 2644 571 2680 penes
596 2631 869 2680 Scrimgerum,
890 2631 955 2666 sed
986 2631 1160 2673 schedae,
1183 2630 1219 2666 in
1249 2643 1342 2678 quas
1369 2629 1606 2679 Scrimgerus
1635 2632 1766 2667 retulit

251 2697 438 2733 lectiones
461 2695 654 2732 variantes
681 2707 701 2730 e
729 2694 860 2730 codice
881 2694 1156 2730 Demosthenis
1182 2695 1308 2731 nescio
1335 2707 1408 2742 quo
1436 2707 1458 2730 a
1482 2706 1521 2730 se
1549 2703 1763 2743 excerptam,

256 2774 342 2796 cum
364 2760 588 2796 intermistis
610 2758 727 2807 ipsius
749 2758 951 2807 Scrimgeri
975 2759 1217 2807 conjecturis.
