1950 3210
648 159 757 198 Plu)
790 159 981 197 (toli-031
992 159 1040 197 A.
1513 159 1596 196 5355

144 276 236 317 250,
262 266 296 302 8.
332 264 537 317 ψήφισμα]
576 265 675 303 l’ost
698 264 736 303 Ιι.
760 279 795 302 v.
819 264 998 302 liabetur
1025 263 1062 300 in
1102 262 1299 301 lssavarico
1332 262 1407 300 hoc
1434 262 1593 311 siguum

84 319 251 360 rubrica
272 319 498 372 scriptum:
534 323 633 371 (ξς.
668 324 784 369 διπλῆ
816 334 886 358 scu
920 318 1027 371 diple
1059 318 1126 357 illa
1157 324 1234 364 est,
1259 318 1328 356 sed
1359 332 1439 356 nou
1472 334 1595 367 περιε-

85 375 593 427 anyue'my.1)esi‹rnis
629 375 845 427 (jusmodi,
883 389 943 428 pn
933 374 1128 414 aescrtim
1166 374 1206 412 in
1240 373 1355 412 libris
1395 373 1595 414 Platonis

85 436 383 471 commemorat
413 446 547 485 pauca
578 431 782 484 quaedam
816 430 1022 483 Diogenes
1057 429 1248 469 Latrtius
1278 442 1317 482 3.
1340 444 1427 482 cap.
1453 431 1519 468 66.
1554 435 1594 467 et

86 485 140 525 ibi
163 486 425 540 i11t0r·plctes
488 488 568 527 sud
592 502 739 540 parum
760 488 813 526 ab
836 487 913 526 illis
935 487 1069 538 adjux.
1065 500 1195 525 ·πιιιιιιι
1260 486 1336 524 Rl
1348 485 1454 523 lSK.

145 554 238 595 250,
262 557 298 594 9.
331 541 420 582 Ἐπὶ
445 543 666 583 Νεοκλέους
686 542 892 595 ιἰρχουτος]
930 542 1006 580 vs«
1010 542 1088 580 ud(
1082 556 1305 595 ·’,Ῑιυιηιιιιιε
1329 547 1373 581 ut
1395 540 1598 580 monitum

86 596 139 636 ad
161 612 199 651 p.
221 610 312 649 249,
341 612 350 637 ι
368 612 401 637 ι.

144 665 240 706 250,
263 655 324 692 18.
358 653 607 704 Ἀριστοφῶν
632 655 854 695 Κολλυτεὺς
881 655 1067 704 πρόεδρος
1098 653 1224 705 εἶπεν]
1265 652 1495 704 Aristopho
1518 666 1598 690 uon

86 708 201 748 suite
222 709 480 762 prytauibus,
500 710 571 749 sed
593 710 793 762 proedrus
815 709 1175 748 nou—contribulis.
1216 708 1470 761 colb-tenses
1492 707 1598 746 enim

88 778 169 803 non
205 765 258 805 ad
298 765 690 819 Hippothontidcm,
728 765 801 804 sed
836 765 889 804 ad
924 765 1151 817 Aegeidmn
1186 764 1341 803 tribum
1374 764 1599 817 pertinent.

90 820 187 859 Vox
218 825 359 860 autem
382 823 567 871 πρόεδρος
592 821 683 860 ideo
709 820 903 874 apposita
929 835 1018 859 esso
1039 820 1215 867 videtur,
1241 820 1350 872 quod
1375 819 1485 858 idem
1509 819 1604 858 Ari-

88 876 241 930 stopho
262 876 439 916 alterum
461 877 673 916 decretum
697 877 874 930 scripsit,
893 890 1019 929 quum
1043 890 1123 914 non
1146 876 1348 929 pro'cdrus
1370 880 1492 914 esset.
1514 892 1603 925 προ-

90 934 197 983 εδρία
218 933 613 972 non-contribulium
645 933 765 972 unius
786 932 865 971 (lici
892 932 1028 985 spatio
1057 931 1349 971 definiebatur.
1386 931 1542 970 BOEH
1554 930 1603 969 N.

89 988 114 1028 l.
138 1002 171 1028 c.
193 1003 232 1042 p.
254 990 350 1042 483.
384 989 500 1028 Gonf.
525 989 776 1028 Brueckner.
799 1003 836 1041 1).
859 1001 955 1041 393.

148 1056 241 1097 250,
267 1055 333 1097 25.
357 1044 573 1098 Φιλίππου]
598 1045 702 1084 Post
716 1046 914 1084 Φιλίππου
931 1044 1033 1083 hacc
1050 1050 1114 1083 est
1135 1043 1302 1083 rubrica
1321 1043 1361 1082 in
1380 1042 1601 1083 Bavarico:

91 1101 165 1140 6>
185 1132 193 1140 .
255 1100 451 1139 REISK.

150 1168 244 1209 250,
269 1158 332 1195 26.
383 1156 686 1210 ΕΠΙΣΤΟΛΗ]
735 1163 757 1177 “
781 1156 902 1196 Haec
943 1157 1120 1210 epistola
1160 1161 1340 1196 exeunte
1382 1160 1608 1195 auctumuo

90 1211 247 1265 scripta
268 1217 343 1258 est,
368 1219 481 1252 certe
503 1227 584 1251 non
613 1218 713 1253 ante
738 1212 1067 1266 I'yanel‘Jsionem
1095 1212 1274 1265 (Olymp.
1298 1225 1387 1257 110,
1412 1214 1461 1263 1.)
1529 1212 1607 1250 l)e-

90 1268 328 1308 mosthenes
359 1268 511 1308 bellum
542 1283 566 1308 a
597 1274 721 1322 raptu
751 1268 1008 1322 navigiorum
1034 1273 1077 1308 et
1099 1267 1346 1308 Chersonesi
1373 1267 1608 1307 vastatione

92 1328 287 1377 coeptum
313 1338 402 1364 esse
425 1330 656 1377 computat.
709 1323 873 1364 Scilicet
896 1324 1070 1364 excitati
1092 1323 1186 1363 belli
1210 1324 1330 1377 culpa
1352 1338 1434 1362 non
1456 1337 1511 1369 se,
1536 1323 1607 1362 sed

91 1379 194 1420 alios
215 1380 346 1420 teneri
368 1381 585 1420 contendit
615 1386 657 1421 et
685 1381 764 1419 hoc
797 1380 887 1433 ipsa
916 1380 1097 1434 Philippi
1123 1379 1299 1432 epistola
1321 1380 1608 1418 demonstrare.

93 1435 248 1476 studet.
312 1436 360 1475 Ιιι
392 1436 469 1476 hac
500 1436 609 1476 enim
640 1451 713 1476 rex
743 1436 1016 1490 magistratus
1049 1436 1253 1489 quosdam
1284 1440 1325 1475 et
1356 1435 1472 1481 alios,
1506 1450 1609 1488 quos

94 1491 197 1532 dicit
237 1492 435 1545 privatos,
474 1493 565 1532 ideo
599 1492 840 1540 accusavitl,
875 1492 986 1545 quod
1026 1492 1184 1545 injussu
1223 1491 1362 1545 populi
1398 1491 1609 1530 nauarcho

93 1548 363 1588 mandassent
399 1554 446 1588 ut
479 1548 658 1588 obsessis
692 1548 987 1602 Selymbrianis
1020 1553 1330 1588 succurrerent:
1372 1547 1423 1586 de
1455 1547 1533 1586 hac
1565 1561 1609 1585 re

89 1603 184 1657 jure
205 1603 320 1657 queri
342 1609 523 1656 poterat,
548 1604 644 1657 quia
667 1603 955 1657 Selymbriani,
979 1605 1087 1658 quod
1115 1603 1270 1643 diserte
1292 1617 1457 1656 quoque
1477 1602 1609 1649 addit,

94 1672 177 1698 non
208 1674 309 1712 pace
332 1660 599 1700 Philocratea
624 1659 910 1714 comprehensi
934 1664 1068 1700 erant.
1121 1661 1207 1699 Eos
1238 1664 1379 1699 autem
1408 1664 1610 1705 oratores,

95 1714 167 1768 qui
198 1720 345 1768 postea
376 1716 543 1756 decreta
570 1717 621 1755 de
652 1716 890 1769 repetendis
917 1715 1091 1769 navigiis
1116 1715 1461 1768 conscripserunt,
1486 1714 1612 1754 etiam

94 1771 298 1811 mandata
330 1771 399 1811 illa
429 1772 479 1811 de
511 1772 664 1812 auxilio
698 1771 993 1825 Selymbrianis
1018 1772 1189 1811 ferendo
1219 1771 1428 1811 nauarcho
1450 1770 1612 1809 dedisse

96 1840 297 1881 perquam
323 1827 539 1867 verisimile
565 1833 644 1868 est.
694 1829 787 1866 Hos
809 1827 937 1881 igitur
957 1841 1096 1880 regem
1117 1827 1288 1866 innuere
1311 1826 1616 1866 Demosthenes

97 1883 329 1930 contendit,
354 1897 486 1936 neque
516 1898 559 1923 se
588 1883 628 1922 in
656 1883 833 1937 epistola
864 1882 1143 1937 significatum
1165 1897 1266 1929 esse,
1290 1896 1416 1935 quum
1437 1896 1510 1921 rex
1532 1896 1615 1920 non

98 1942 148 1978 ea
168 1938 282 1979 facta
299 1939 649 1985 commemorarit,
666 1944 814 1979 contra
831 1953 937 1992 quae
958 1953 1032 1978 sua
1054 1938 1339 1992 psephismata
1359 1937 1445 1977 lata
1462 1943 1615 1977 essent.

100 1994 221 2046 Quod
242 2000 385 2035 autem
406 1995 687 2035 Athenienses
709 1994 921 2048 Byzantiis
942 1994 1097 2034 auxilia
1117 1994 1337 2041 misissent,
1357 1994 1450 2046 jure
1471 2007 1544 2032 rex
1567 1993 1617 2031 iis

99 2051 356 2103 exprobrare
386 2065 468 2089 non
500 2056 679 2104 poterat,
702 2050 896 2103 quoniam
928 2050 984 2089 illi
1013 2064 1115 2103 paee
1143 2049 1288 2088 inclusi
1309 2054 1431 2088 erant
1457 2054 1499 2088 et
1528 2049 1616 2102 ipse

101 2120 229 2159 quum
250 2120 321 2146 eos
342 2107 641 2160 aggrederetur
662 2120 805 2160 pacem
828 2106 1091 2145 violave1·at.“'”

159 2166 183 2184 ‘⁶
206 2162 424 2216 Philippus
452 2162 601 2216 legatis
632 2162 944 2215 reposcentibus
974 2161 1137 2215 navigia
1169 2160 1363 2200 reddidit.
1408 2161 1617 2213 Apertum

101 2217 252 2257 bellum
273 2223 422 2258 contra
436 2218 718 2258 Athenienses
739 2218 818 2258 hoc
840 2223 1029 2270 tempore
1049 2217 1206 2257 evitare
1228 2216 1368 2263 voluit,
1385 2231 1510 2269 quum
1532 2216 1620 2269 ipse

101 2273 301 2327 pecuniae
320 2274 459 2327 inopia
481 2274 705 2321 laboraret,
729 2273 938 2327 ceterique
956 2273 1105 2313 Graeci
1127 2273 1325 2312 adversus
1347 2287 1441 2311 eum
1463 2272 1504 2310 in
1526 2286 1619 2325 pro-

103 2329 242 2369 cinctu
260 2334 436 2370 starent.
476 2330 621 2370 Etiam
637 2330 786 2369 horum
808 2344 932 2369 naves
947 2344 1050 2382 quas
1066 2334 1246 2381 ceperat,
1263 2327 1376 2367 breu‘
1393 2333 1619 2380 antequam

104 2384 411 2438 expeditionem
434 2385 673 2439 Scythicam
695 2386 936 2438 susciperet,
958 2385 1190 2424 reddiditm.
1252 2385 1448 2425 Ceterum
1470 2398 1518 2423 ex
1542 2383 1618 2422 hac

151 2533 159 2555 l
189 2533 354 2572 Philippus
374 2534 561 2563 nominatim
583 2535 622 2564 de
644 2535 830 2564 adversariis

107 2576 174 2606 suis
191 2587 253 2606 non
276 2576 449 2615 scripserat.
468 2577 506 2605 cf.
525 2577 619 2605 etiam
642 2578 830 2607 sententiam

109 2619 239 2658 Ulpiani
268 2619 318 2648 cui
345 2629 410 2647 non
437 2619 599 2648 assentior.
626 2629 654 2656 p.
674 2618 763 2649 1168.
781 2620 830 2648 ed.

109 2661 255 2690 Francos.
276 2661 328 2689 νῦν
355 2659 407 2689 οὖν
430 2659 630 2695 Δημοσθένης
652 2659 832 2697 αἰτιωμένου

108 2703 203 2732 αὐτὸν
232 2701 394 2740 Αἰσχίνου,
423 2702 461 2732 ὡς
493 2703 589 2731 αἴτιος
621 2701 749 2739 ἐγένετο
777 2703 834 2732 τοῦ

107 2743 255 2782 πολέμου,
266 2744 375 2774 δολίως
388 2742 634 2782 μεταχειρίζεται
647 2744 684 2773 τὸ
696 2745 832 2782 πρᾶγμα,

108 2786 213 2824 λέγων
229 2787 339 2816 ἑαυτὸν
353 2786 395 2822 μὴ
413 2787 536 2820 ποιῆσαι
552 2786 607 2815 τὸν
623 2785 772 2823 πόλεμον,
785 2786 833 2815 διὰ

108 2828 146 2858 τὸ
167 2828 209 2865 μὴ
234 2830 371 2862 δηλῶσαι
393 2828 449 2857 τὸν
465 2828 618 2857 Φίλιππον
633 2829 726 2858 τοῦτο
744 2829 776 2857 ἐν
792 2830 833 2868 τῇ

110 2871 276 2910 ἐπιστολῇ.
310 2870 409 2900 καίτοι
431 2869 522 2900 αὐτὸς
538 2868 575 2905 ἧν
592 2871 608 2900 ὁ
629 2882 832 2909 παρακεκινη-

111 2913 170 2943 κὼς
191 2911 370 2948 Ἀθηναίους
394 2911 435 2942 εἷς
455 2912 492 2941 τὸ
516 2913 664 2949 πολεμεῖν
678 2911 832 2950 Φιλίππῳ,

110 2954 159 2984 καὶ
175 2956 278 2992 λέγων
294 2955 333 2984 ὡς
355 2955 399 2991 τῷ
415 2952 470 2990 μὲν
485 2953 565 2991 ἔργῳ
586 2953 681 2984 πάλαι
706 2956 838 2991 πολεμεῖ

897 2535 971 2572 πρὸς
987 2546 1045 2569 την
1061 2533 1164 2567 πόλιν
1182 2535 1225 2571 τῷ
1247 2533 1279 2563 δὲ
1300 2533 1387 2571 λόγῳ
1404 2545 1456 2562 νινν
1475 2534 1623 2569 ὁμιλογεῐ

899 2576 947 2605 διὰ
969 2578 1026 2611 τῆς
1046 2577 1228 2613 ἐπιστολῆς,
1244 2576 1292 2605 καὶ
1314 2576 1389 2614 πρὸς
1408 2574 1503 2613 ὀργὴν
1521 2575 1623 2603 ἐντεῦ-

900 2621 951 2647 θεν
967 2618 1144 2653 Ἀθηναίους
1163 2618 1302 2655 ἐπαιραν.
1345 2618 1392 2647 ὅτι
1417 2616 1449 2646 δὲ
1465 2617 1550 2645 ταῦθ
1573 2617 1622 2645 οὕ-

899 2671 959 2689 τως
987 2659 1065 2697 ἔχει,
1092 2661 1127 2689 ἐκ
1155 2671 1210 2689 του
1235 2660 1332 2696 λόγου
1355 2660 1411 2688 τοῦ
1436 2660 1622 2696 ἐπιγεγραμ-

900 2700 993 2738 μένου
1019 2703 1092 2740 πρὺς
1115 2703 1174 2736 τὴν
1196 2703 1251 2730 τοῦ
1275 2701 1427 2730 Φιλίππου
1451 2700 1623 2735 ἐπιστολὴν

900 2745 959 2773 πᾶς
974 2755 1020 2773 τις
1044 2743 1194 2780 ἀναγνοὺς
1215 2745 1331 2773 εἴσεται
1354 2743 1404 2772 καὶ
1427 2741 1562 2781 φωράσει
1585 2743 1622 2771 τὸ

900 2786 1043 2815 ποικίλον
1057 2787 1114 2815 τοῦ
1129 2785 1266 2825 ῥήτορος.

943 2833 971 2849 ¹¹¹
994 2828 1145 2858 Justinlls
1167 2828 1186 2857 l.
1209 2837 1239 2866 9.
1260 2837 1285 2857 1.
1315 2828 1420 2865 refert,
1441 2834 1568 2857 centnm
1592 2834 1623 2856 et

901 2870 1102 2909 septuaginta
1123 2880 1218 2899 naves
1241 2871 1398 2900 mercibus
1413 2870 1568 2900 confertas
1584 2870 1625 2897 ab

901 2923 937 2942 eo
953 2919 1059 2950 captas
1074 2912 1339 2942 essa—Frontin.
1360 2913 1456 2942 Strat.
1473 2911 1492 2940 l.
1512 2921 1537 2940 1.
1551 2921 1576 2940 c.
1592 2924 1621 2947 4,

908 2962 952 2990 13.
986 2954 1085 2991 Idem,
1096 2954 1169 2993 quia
1185 2953 1430 2990 Cherronesum,
1447 2963 1527 2992 quae
1541 2954 1624 2991 juris

936 2997 1053 3035 *4322
