1950 3210
491 156 571 194 DF.
608 155 800 194 FALsA
841 155 1225 195 1.1·'.(;A'1'l‹)Nl⁴2.
1527 162 1609 200 575)

161 261 341 313 434,18.
365 263 444 314 σοι]
486 262 589 301 Post
615 261 652 300 11.
677 276 713 300 v.
739 267 938 314 punctum
971 260 1107 314 posuit
1138 262 1359 314 typotlleta
1392 277 1465 316 pro
1498 264 1614 314 signo

105 316 401 369 interrogandi.

160 386 256 425 434,
284 385 346 412 20.
379 373 624 425 ἀναβαίνεις]
665 373 932 419 Defensurus,
960 387 983 411 o
1013 372 1185 412 Eubule.
1220 374 1471 413 SEAGER.
1498 376 1612 415 1)1.·11·.

105 427 272 468 Classic.
294 432 362 481 56.
385 444 422 481 p.
449 441 540 479 254.

164 497 260 537 434,
286 498 349 525 21.
382 484 478 534 ἡνίκ’
498 483 729 537 ἔκρινεν-]
766 485 864 524 Cum
895 484 1111 537 Ari-stopho
1141 484 1396 524 Philonicum
1430 486 1473 525 ¹in
1498 487 1613 538 jucli-

103 539 207 579 ciam
233 540 407 579 adducit
433 545 467 579 el
490 554 568 593 per
588 540 703 579 illum
727 547 795 579 tua
816 555 972 594 quoqne,
995 539 1161 588 Erebeae,
1184 541 1357 581 crimina
1377 543 1521 595 artistic,
1545 543 1615 582 iste

102 596 315 635 Aeschiwes
345 610 426 635 una
457 610 541 635 cum
566 596 841 649 Arz'stoplconte
861 603 895 635 te
916 595 1124 635 accusabat
1144 603 1177 635 et
1201 597 1302 636 infer
1322 597 1501 638 ‘inimicos
1531 605 1616 638 tuos

103 650 398 691 numm-abatem:
457 654 541 690 (ch
563 652 688 705 'istium’
711 653 829 691 istum
851 652 1076 692 Aeschinem
1102 666 1205 691 nunc
1225 653 1395 704 adjuvas
1410 655 1428 692 .9
1460 669 1532 693 cur
1551 654 1613 694 dr}-

92 708 266 760 findis?
300 707 558 747 TAYLOR.
624 708 882 762 111-18101111οη
915 714 1055 748 utrum
1098 708 1390 762 intelligendus
1421 710 1475 749 sit
1508 712 1613 749 Aze-

105 763 258 803 niensis
279 779 332 803 an
356 764 600 817 (Jollytensis
625 765 695 815 (de
717 780 798 817 quo
820 779 854 803 v.
878 765 930 804 ad
954 780 990 817 p.
1018 766 1110 814 248,
1131 767 1187 813 8.)
1211 765 1377 805 dubitat
1396 766 1614 805 Clintonus

107 818 224 860 Fast.
250 820 356 859 Hell.
376 820 451 859 vol.
480 832 512 858 2.
537 833 687 873 p.121.
716 827 757 860 et
789 821 866 861 hoc
898 821 987 859 loco
1019 826 1061 860 et
1093 820 1132 859 in
1163 820 1340 860 Timoer.
1370 836 1406 874 p.
1433 833 1526 875 703,
1552 836 1613 862 10.

104 881 148 916 et
178 890 212 915 c.
240 875 434 915 Eubulid.
458 891 496 929 p.
521 878 639 926 1308,
666 889 728 916 12.
791 877 1063 917 Azeuiensem
1100 877 1163 915 his
1202 877 1302 915 locis
1333 877 1524 917 omnibus
1556 878 1614 916 in-

104 931 371 986 telligendum
408 946 496 972 esse
532 938 651 985 patet
682 947 732 972 ex
767 933 815 972 iis
852 948 957 986 quae
993 933 1047 972 ad
1082 947 1119 986 p.
1157 935 1248 983 248,
1283 934 1319 972 8.
1353 933 1467 973 (licta
1503 939 1612 973 sunt.

106 987 209 1041 Ejus
244 988 529 1029 adversarium
564 988 689 1028 fuisse
726 989 936 1029 Eubulum
971 1004 1021 1029 ex
1063 989 1140 1028 hoc
1173 989 1262 1029 loco
1294 994 1336 1029 et
1367 1004 1404 1042 p.
1435 990 1612 1038 281,18.

104 1043 313 1085 discimus.

160 1113 258 1153 434,
284 1113 348 1150 24.
371 1101 568 1154 τουτουσὶ]
603 1100 895 1142 Athenienses.

166 1157 429 1209 δεδιξάμενος]
485 1157 585 1197 This
626 1172 815 1198 measure
856 1159 902 1197 of
940 1158 1126 1197 Eubulus
1165 1158 1199 1197 is
1240 1158 1334 1211 only
1374 1157 1614 1198 mentioned

103 1213 213 1252 here.
281 1213 317 1252 lt
349 1213 382 1251 is
410 1213 569 1266 worthy
596 1214 641 1252 of
666 1214 802 1254 notice
835 1214 930 1254 that
958 1214 1144 1254 Eubulus
1171 1229 1254 1254 was
1285 1215 1358 1254 the
1389 1214 1543 1254 author
1573 1215 1620 1253 of

105 1269 202 1309 that
232 1269 437 1309 infamous
468 1269 551 1315 bill,
577 1270 766 1323 whereby
795 1270 827 1310 it
856 1285 938 1310 was
970 1270 1172 1310 rendered
1204 1286 1230 1310 a
1266 1270 1422 1324 capital
1457 1269 1615 1309 offence

105 1339 204 1364 even
242 1330 286 1364 to
323 1339 500 1378 propose
531 1325 603 1365 the
634 1326 859 1366 aliena-tion
892 1328 937 1365 of
968 1326 1039 1366 the
1072 1326 1293 1367 theatrical
1324 1325 1426 1365 fund
1456 1330 1502 1365 to
1533 1339 1613 1378 any

105 1384 218 1420 state
257 1396 470 1434 purposes.
509 1381 677 1421 Thirlw.
700 1394 739 1435 5.
767 1395 863 1435 300,
891 1395 987 1435 301.
1069 1382 1376 1422 Demosthenes
1418 1381 1499 1421 had
1540 1387 1614 1421 not

105 1437 311 1477 sufficient
341 1437 542 1477 influence
573 1443 618 1478 to
650 1438 787 1491 repeal
820 1438 903 1478 this
935 1438 997 1478 till
1024 1438 1185 1492 Olywnp.
1213 1452 1299 1483 110,
1326 1451 1361 1477 2.
1383 1450 1479 1490 339.
1503 1437 1551 1476 Β.
1568 1437 1614 1477 O.

104 1508 130 1532 a
150 1508 250 1547 year
270 1494 410 1533 before
430 1493 501 1533 the
522 1493 654 1534 battle
671 1495 717 1534 of
734 1494 990 1534 Chaeronea.
1025 1494 1333 1534 SHILLETO.
1397 1493 1614 1533 Crudelem

105 1548 217 1589 illam
235 1549 368 1603 legem
388 1550 530 1589 fictam
551 1550 604 1589 ab
626 1550 860 1590 scholiastis
882 1550 1009 1590 videri
1031 1550 1188 1589 dictum
1209 1555 1273 1589 est
1294 1549 1349 1589 ad
1370 1564 1409 1602 p.
1430 1562 1490 1600 14,
1512 1561 1578 1589 20.

160 1618 257 1658 434,
284 1617 349 1657 27.
373 1607 397 1645 ἃ
418 1606 597 1658 συνεῖπε]
629 1605 681 1645 V.
704 1606 758 1646 ad
780 1621 822 1659 p.
841 1607 938 1660 385,
963 1619 1027 1647 21.
1071 1605 1323 1646 SCHAEF.

160 1674 257 1714 434,
288 1663 353 1701 28.
392 1661 496 1702 Cum
537 1661 745 1715 scriptura
777 1662 946 1716 vulgata
989 1662 1034 1712 ἐξ
1071 1663 1124 1702 ὧν
1161 1663 1247 1701 ἀντὶ
1287 1663 1405 1710 καλῆς
1445 1661 1616 1712 αἰσχρὰν

106 1717 256 1767 συνέβη
288 1717 475 1768 γενέσθαι
507 1717 574 1767 τὴν
597 1717 764 1768 εἰρήνην,
789 1718 920 1757 simile
946 1717 1269 1757 constructionis
1300 1718 1616 1756 ἀνανταποδότου

105 1773 349 1826 exemplum,
369 1773 419 1812 de
441 1788 522 1826 quo
545 1788 580 1812 v.
599 1773 653 1812 ad
675 1788 714 1826 p.
733 1786 852 1821 1010,
878 1775 956 1820 26.,
981 1773 1237 1826 comparavit
1260 1772 1433 1812 Shilleto
1451 1776 1494 1810 et
1514 1776 1615 1811 ante

105 1843 199 1868 eum
222 1828 516 1881 Bernhardyus
538 1829 579 1867 111
602 1829 778 1881 Syntaxi
801 1844 840 1882 p.
864 1842 938 1879 47¹
957 1845 964 1868 :
999 1844 1079 1882 quo
1101 1843 1178 1882 ego
1201 1842 1364 1881 quoque
1385 1841 1499 1867 eram
1520 1841 1614 1866 usu-

104 1899 188 1931 rus,
212 1885 289 1924 nisi
321 1884 474 1923 codicis
498 1885 538 1924 S.
562 1884 772 1938 scriptura
802 1885 965 1925 fecisset
997 1890 1044 1924 ut
1074 1899 1151 1938 ego
1182 1884 1334 1937 aliique
1363 1883 1414 1922 de
1435 1882 1615 1923 veritate

104 1941 295 1981 lectionis
323 1940 515 1994 vulgatae
542 1940 843 1980 dubitaremus.
905 1942 1151 1994 Quanquam
1184 1940 1273 1980 fieri
1304 1943 1445 1993 potest
1476 1944 1523 1977 ut
1554 1939 1615 1978 ni-

105 1997 233 2036 mium
269 1996 537 2036 tribuerimus
574 1996 693 2036 unius
729 1997 882 2037 codicis
914 1996 1174 2037 auctoritati.
1237 1997 1340 2036 Cum
1373 1995 1459 2034 ἀντὶ
1496 1997 1617 2044 καλῆς

106 2055 276 2105 αἰσχρὰν
305 2059 570 2106 comparetur
600 2068 639 2106 p.
661 2054 757 2101 460,
779 2067 817 2103 4.
849 2054 988 2103 ταύτην
1014 2053 1099 2104 (τὴν
1126 2051 1260 2103 δόξαν)
1293 2051 1377 2092 ἀντὶ
1410 2053 1528 2099 καλῆς
1559 2053 1617 2090 αἰ-

106 2112 236 2161 σχρὰν
257 2111 300 2163 τῇ
323 2110 438 2148 πόλει
459 2109 671 2159 περιπάτει.

162 2177 259 2217 434.
281 2177 344 2217 29.
368 2165 472 2204 οὗτοι
494 2165 554 2217 δὲ]
590 2164 706 2204 Μ1116
734 2164 802 2204 alii
835 2163 929 2203 libri
951 2165 1054 2204 οὗτοι
1076 2163 1105 2204 δ’
1123 2164 1265 2213 ἐπειδή.
1328 2163 1472 2218 Neque
1494 2162 1615 2209 enim,

107 2221 218 2274 quod
244 2220 374 2259 visum
406 2225 470 2259 est
502 2220 683 2267 Reiskio,
715 2220 829 2259 filum
860 2219 1061 2260 orationis
1093 2219 1332 2273 sepositum,
1365 2226 1412 2260 ut
1442 2219 1491 2260 fit
1523 2223 1618 2272 post

105 2276 387 2331 parenthesin,
411 2275 646 2323 resumitur,
671 2276 742 2316 sed
765 2276 846 2315 duo
868 2276 1029 2316 diversa
1058 2276 1168 2315 inter
1193 2290 1235 2315 se
1262 2280 1543 2330 opponuntur,
1567 2275 1619 2314 σὺ

105 2335 285 2383 μὲν-61
307 2332 411 2371 οὗτοι
433 2333 548 2380 ὃὲ-,
569 2332 694 2372 ambo
716 2331 783 2372 illa
805 2332 1029 2385 pendentia
1049 2332 1104 2372 ab
1125 2346 1207 2371 uno
1230 2332 1360 2382 ἐπειδὴ
1381 2347 1421 2385 p.
1439 2344 1534 2385 434,
1553 2343 1619 2383 23.

163 2458 215 2498 43
220 2457 258 2496 5,
285 2456 320 2496 7.
347 2444 590 2497 ἐωνημένων]
623 2444 821 2492 ὠνεῖσθαι,
844 2444 1064 2484 conducere.
1115 2444 1304 2483 Verbum
1325 2444 1402 2483 hoc
1424 2443 1474 2482 de
1496 2456 1618 2496 nego—

106 2501 167 2541 tio
189 2499 414 2553 proprium.
449 2499 698 2539 SCHAEF.
762 2500 846 2539 For
876 2500 948 2540 the
979 2506 1126 2539 tenure
1157 2500 1203 2539 of
1228 2500 1301 2539 the
1330 2499 1462 2538 mines
1483 2497 1616 2536 which

107 2571 213 2596 were
235 2556 329 2595 held
352 2556 601 2607 111]ἒθ-]ἀ)·ηι
623 2556 668 2595 of
684 2556 756 2595 the
778 2560 888 2595 state
909 2556 990 2595 and
1013 2570 1118 2595 were
1140 2554 1413 2607 notfivelzold
1423 2558 1619 2607 property

110 2611 293 2665 (though
328 2614 528 2661 πρίασθαι,
567 2612 762 2656 ὠνεῖσθαι,
795 2616 943 2650 πωλεῖν
973 2625 1149 2664 appears
1184 2615 1229 2649 to
1265 2610 1369 2649 have
1404 2610 1509 2648 been
1545 2607 1617 2647 the

107 2668 314 2721 language
334 2667 485 2719 always
506 2667 608 2706 used
632 2667 673 2705 in
699 2667 817 2706 these
847 2666 992 2717 leases)
1018 2681 1084 2705 see
1108 2666 1276 2705 Boeckh
1298 2665 1339 2704 in
1363 2667 1399 2703 A
1419 2664 1618 2703 Disserta-

109 2725 191 2763 tion
222 2737 269 2762 on
300 2722 361 2761 the
382 2723 513 2761 Sila-er
534 2723 668 2761 Mines
691 2724 741 2774 <gf
752 2722 949 2770 Lam-ion,
977 2722 1196 2775 appended
1228 2727 1272 2760 to
1304 2721 1376 2760 the
1406 2719 1552 2759 transl.
1578 2718 1625 2758 of

109 2779 173 2818 his
196 2778 316 2818 Publ.
342 2778 493 2818 Oecon.
557 2778 642 2818 For
681 2778 766 2818 this
805 2778 888 2817 and
929 2778 1001 2817 the
1041 2777 1247 2830 following
1287 2776 1454 2829 charge,
1482 2788 1619 2827 comp.

111 2835 290 2875 Aristot.
317 2834 491 2874 Rhetor.
515 2847 545 2880 1,
572 2847 630 2884 14,
655 2847 686 2873 1.
720 2835 803 2873 οἷον
834 2833 854 2872 ὃ
892 2835 1140 2873 λ’]ελανώπου
1180 2834 1476 2882 Καλλίστρατος
1510 2846 1621 2879 κατη-

110 2892 217 2943 γόρει
248 2891 306 2929 ὅτι
336 2890 627 2941 παρελογίσατο
658 2892 744 2940 τρία
774 2889 994 2939 ἡμιωβέλια
1024 2891 1106 2939 ἱερὰ
1136 2889 1223 2930 τοὺς
1255 2888 1470 2929 ναοποιούς.
1532 2885 1621 2924 The

115 2947 268 3000 charge
295 2946 459 2999 against
483 2945 775 2998 Cephisophon
797 2959 880 2984 was
901 2945 1034 2985 either
1058 2945 1153 2985 that
1182 2944 1233 2983 he
1256 2957 1337 2984 was
1365 2958 1389 2983 a
1418 2941 1623 2982 defaulter

806 3016 827 3039 P
848 3016 873 3054 p
895 3003 920 3039 2
