1935 3205
611 133 684 172 1›1‹;
719 133 1076 172 ΙἩΥΜΜΗΠΙΙΧ.
1547 135 1618 172 §3:⁷51

116 237 365 284 mosthenes‚
388 243 607 289 postquam
632 252 797 276 suorum
830 237 868 276 iu
903 238 1111 290 republica
1137 237 1466 276 :ulreisuriorum
1492 238 1626 276 inc-ou-

115 293 310 333 stautiam
345 293 544 339 ostendit,
571 309 676 346 quae
709 293 794 346 ipse
827 293 864 332 111
901 294 976 333 hae
1009 294 1058 333 de
1092 293 1324 346 symmoriis
1356 293 1544 332 oratioue
1577 294 1627 332 εκ·

114 350 236 393 rebus
258 349 380 401 regiis
403 349 564 388 dederit
587 349 768 389 vonsilia.
793 350 976 403 exponit.
1044 350 1161 389 Hace
1185 364 1248 388 res
1271 349 1395 388 etiam
1420 349 1458 388 iu
1482 364 1624 389 caussa
1640 361 1666 393 8

114 405 201 450 suit,
225 420 298 444 cur
326 406 391 444 Fr.
412 405 634 445 Jucobsius
657 406 888 445 sententiae
911 413 1035 445 autea
1058 407 1245 459 prolatae
1267 405 1485 444 diffideret.

173 461 377 503 Alterum,
412 476 492 514 quo
525 461 688 509 bellum,
721 462 830 514 quod
867 478 889 501 a
928 477 1022 515 rege
1058 462 1302 502 metuebant
1335 461 1625 507 Athenienses,

112 523 258 557 eontra
282 519 522 570 Acgyptum
552 523 594 557 et
626 517 892 557 I'hoenieiam
924 524 1174 571 apparatum
1207 533 1295 557 esse
1326 517 1488 557 videtur
1519 533 1627 556 eom-

111 573 292 626 probari,
323 573 419 612 illud
452 579 529 620 est,
559 574 668 626 quod
699 574 914 626 Philippus
943 574 981 612 in
1015 574 1201 627 epistsda,
1231 589 1335 627 quae
1367 581 1532 613 servata
1564 581 1627 613 est

112 630 220 669 inter
247 629 535 669 Demosthenis
557 630 765 669 orationes
789 645 827 682 p.
855 632 941 677 160,
966 632 1002 669 8.
1026 631 1170 670 scribit
1198 630 1323 669 haee:
1362 636 1383 651 “
1401 635 1625 683 antequam

112 700 183 725 rex
214 685 435 725 Persarum
468 685 705 738 Aegyptum
738 692 778 725 et
817 686 1079 726 Phoeniciam
1111 691 1367 739 occupasset,
1397 686 1626 726 deerevisse

113 742 405 790 Athenienses,
433 746 490 788 ut,
520 742 551 780 si
581 742 678 796 quid
711 742 802 780 novi
841 742 1067 789 moliretur,
1101 757 1181 781 non
1216 743 1350 781 minus
1389 742 1474 795 ipse
1502 757 1624 795 quam

112 798 263 838 caeteri
295 798 441 837 Graeci
471 813 612 837 omnes
643 804 790 837 contra
823 813 917 837 eum
948 799 1291 838 a‹1v‹›earontu1·.”
1355 798 1473 837 llaee
1501 799 1626 838 verba

111 859 299 907 spectare
326 854 379 893 ad
408 870 468 902 ea,
492 869 598 907 quac
629 854 735 894 haue
765 854 1059 894 Demosthenis
1087 855 1318 894 orationem
1351 854 1538 907 proxim(-
1567 871 1626 892 se-

111 911 357 963 quebantur,
379 911 547 950 decreta
569 910 891 949 Atheniensium
914 916 1045 963 patet.
1110 911 1191 950 Sed
1214 910 1333 949 simul
1360 910 1455 949 inde
1479 910 1625 950 intelli-

108 965 222 1020 gitur
239 981 361 1019 quam
379 967 432 1006 ob
449 981 637 1006 caussam
656 966 715 1006 ita
733 972 831 1006 tune
849 966 1109 1006 decreverint
1130 967 1409 1006 Athenienses
1428 983 1434 1006 :
1470 968 1626 1020 quippe

110 1022 280 1061 dubium
309 1028 351 1062 et
382 1022 583 1062 incertum
612 1028 715 1070 erat,
740 1023 983 1076 priusquam
1012 1038 1083 1062 rex
1109 1023 1331 1062 Persarum
1359 1023 1626 1063 Phoenicium

111 1083 151 1118 et
182 1080 424 1132 Aegyptum
456 1079 629 1118 adortus
661 1084 764 1127 erat,
795 1093 991 1132 quorsum
1024 1080 1196 1119 tandem
1227 1094 1399 1133 magnos
1433 1079 1521 1118 illos
1554 1095 1625 1133 ap-

110 1139 282 1188 paratus
295 1137 451 1174 faceret
468 1140 509 1174 et
520 1150 641 1188 quem
655 1149 747 1174 cum
761 1150 911 1189 magno
925 1150 999 1174 suo
1014 1135 1200 1175 exercitu
1214 1150 1485 1189 aggressurus
1501 1140 1622 1175 esset.

170 1191 231 1230 De
252 1191 491 1244 ingentibus
517 1191 655 1243 igitur,
680 1206 782 1244 quos
811 1206 884 1230 rex
909 1192 1132 1231 Persarum
1157 1198 1231 1231 aut
1257 1193 1344 1243 jam
1374 1199 1475 1231 tunc
1505 1191 1625 1231 facie-

113 1247 196 1295 bat,
219 1252 292 1287 aut
313 1249 501 1287 tacturus
522 1252 627 1292 erat.
649 1247 924 1300 apparatibus
944 1262 1068 1301 quum
1091 1247 1263 1287 allatum
1286 1252 1395 1287 esset
1421 1248 1624 1296 Athenas,

110 1317 285 1356 magnus
320 1303 487 1343 incessit
524 1302 650 1343 timor
687 1303 976 1351 z'Xthenienses‚
1016 1318 1059 1343 se
1095 1303 1324 1357 petiturum
1361 1318 1450 1343 0880
1486 1318 1624 1357 regem

110 1359 380 1411 suspicantes.
443 1361 573 1409 Quem
596 1374 687 1398 011111
709 1359 939 1412 complures
960 1359 1029 1399 alii
1051 1365 1240 1399 oratores
1270 1359 1329 1399 ita.
1358 1359 1508 1413 pellere
1537 1366 1624 1399 stu-

111 1415 309 1463 duissent,
333 1420 379 1454 ut
402 1416 452 1454 de
479 1416 682 1468 majorum
706 1415 954 1455 fortitudine
975 1421 1017 1455 et
1039 1416 1162 1455 rebus
1185 1415 1281 1455 olim
1309 1431 1333 1455 a
1358 1415 1497 1455 Persis
1518 1416 1625 1455 male

109 1471 237 1524 gestis
260 1476 426 1511 caetera
454 1471 589 1511 securi
611 1472 885 1511 admonerent
910 1476 1036 1525 atque
1058 1472 1221 1518 bellum.
1245 1472 1361 1525 cujus
1383 1471 1520 1511 exitus
1542 1486 1623 1511 non

110 1533 251 1579 posset
286 1542 374 1567 esse
410 1527 571 1575 dubius,
604 1528 714 1567 laeto
749 1527 888 1567 animo
923 1527 1232 1581 suscipiendum
1267 1542 1356 1567 esse
1392 1534 1624 1575 censerent,

109 1588 281 1623 exortus
314 1583 483 1623 tandem
516 1588 579 1623 est
611 1583 930 1631 Demosthenes,
959 1583 1080 1638 longe
1111 1584 1315 1623 diversam
1348 1584 1454 1623 viam
1489 1584 1624 1635 ingre-

111 1638 225 1678 diens
246 1644 288 1679 et
309 1639 390 1679 alia
411 1640 549 1679 omnia
572 1640 763 1679 suadens.
828 1639 950 1679 Prius
971 1640 1079 1679 enim
1102 1654 1226 1693 quam
1249 1640 1299 1679 de
1321 1640 1427 1679 bello
1449 1640 1624 1693 cogitari

109 1695 238 1748 possit
259 1695 340 1734 duo
361 1696 615 1749 providenda
636 1710 725 1736 esse
747 1701 901 1744 censet,
923 1696 1113 1742 alterum,
1135 1703 1181 1736 ut
1203 1696 1397 1735 instructi
1420 1702 1463 1735 et
1484 1696 1624 1749 parati

111 1750 194 1791 sint
214 1752 267 1791 ad
288 1751 451 1799 bellum,
475 1752 665 1792 alterum.
688 1757 735 1791 ut
762 1752 920 1805 justam
942 1752 1036 1792 belli
1059 1767 1248 1792 caussam
1270 1753 1467 1792 habeant.
1530 1752 1624 1792 Hoc

111 1807 268 1855 suadet,
293 1807 401 1861 quia,
425 1808 458 1846 si
480 1808 568 1848 sine
588 1808 670 1848 ulla
692 1807 915 1847 offensione
943 1808 1102 1861 priores
1123 1809 1274 1848 bellum
1296 1808 1488 1856 inferant,
1513 1809 1625 1848 0111111

111 1868 368 1903 caeterorum
401 1865 657 1904 Graecorum
693 1864 893 1904 societate
929 1863 1041 1917 ipsos
1077 1865 1302 1904 destitutos
1336 1869 1378 1904 et
1412 1869 1624 1904 certamen

111 1932 261 1972 anceps
291 1934 338 1959 ac
370 1920 531 1960 difficile
566 1922 654 1960 fore
690 1920 907 1974 intelligit3
945 1920 1056 1968 illud,
1090 1926 1137 1960 ut
1169 1921 1245 1960 hac
1277 1921 1378 1959 data
1409 1920 1624 1960 occasione

111 1989 197 2013 rem
237 1976 435 2024 navalem,
473 1991 598 2029 quam
633 1976 686 2015 ad
725 1976 1023 2016 auctoritatem
1065 1991 1163 2017 suae
1202 1976 1384 2017 civitatis
1424 1976 1625 2016 tuendam

110 2035 276 2071 auctam
302 2036 344 2071 et
370 2032 667 2085 amplificatam
689 2046 777 2071 esse
799 2032 938 2077 voluit,
962 2033 1127 2072 ordinet
1149 2037 1191 2072 et
1212 2032 1407 2085 corrigat.
1469 2032 1625 2072 Callide

112 2085 238 2139 igitur
265 2091 307 2126 et
338 2088 567 2141 prudenter
592 2102 689 2127 usus
715 2093 779 2127 est
802 2088 1105 2128 Demosthenes
1133 2089 1211 2128 hac
1244 2087 1444 2140 temporis
1476 2099 1663 2141 oppor-9

111 2142 305 2190 tunitate,
323 2158 397 2196 per
413 2158 550 2196 quain,
570 2149 727 2197 quanto
749 2144 789 2182 in
811 2144 1007 2197 periculo,
1029 2144 1062 2184 si
1085 2145 1195 2198 quod
1217 2144 1401 2184 subitum
1424 2143 1625 2184 incideret

111 2197 272 2246 bellum,
291 2204 529 2239 versaretur
554 2200 712 2247 civitas,
737 2199 1020 2240 Athenienses
1044 2200 1290 2249 didicerant,
1313 2200 1366 2240 ad
1387 2199 1555 2240 consilia
1574 2201 1625 2240 de

113 2253 285 2293 navibus
306 2254 347 2293 in
368 2256 567 2295 bellorum
590 2270 709 2294 usum
731 2256 1023 2309 comparandis
1045 2257 1304 2310 explicanda.

170 2308 390 2364 Inscriptio
412 2311 614 2351 orationis
636 2312 818 2365 vulgata,
844 2327 969 2365 quam
997 2327 1049 2352 ex
1076 2314 1291 2363 ῥητορικοῖς
1315 2313 1447 2361 πίναξι
1472 2327 1624 2352 11101110-

112 2369 179 2403 rat
202 2364 424 2420 Dionysius
447 2367 545 2407 Hal.
570 2382 633 2420 ep.
654 2368 708 2407 ad
731 2368 871 2407 Amin.
894 2382 926 2408 1.
949 2383 986 2421 p.
1013 2370 1122 2420 726.7
1146 2374 1188 2408 et
1210 2368 1340 2408 solam
1362 2367 1477 2407 novit
1502 2368 1624 2408 Liba-

112 2419 203 2459 nius
234 2421 274 2460 in
306 2424 568 2476 Argumento
594 2438 633 2476 p.
656 2435 746 2474 177.
774 2436 845 2471 12..
873 2430 937 2463 est
959 2425 1046 2474 περὶ
1069 2428 1301 2475 συμμοριῶν.
1364 2423 1535 2463 Rectius
1566 2423 1625 2462 in-

113 2475 313 2529 scriptum
339 2478 427 2518 fore
452 2481 538 2529 περὶ
566 2484 641 2518 τῶν
668 2483 889 2528 βασιλικῶν
912 2480 1138 2532 Dionysius
1166 2484 1307 2519 censet
1330 2480 1427 2518 Art.
1451 2479 1559 2519 rhet.
1585 2493 1621 2531 9,

118 2544 180 2570 10.
209 2547 248 2585 p.
277 2546 372 2585 351.
400 2535 443 2573 τὸ
472 2537 510 2574 δὲ
545 2535 656 2585 ἕτερα
686 2535 821 2586 λέγειν
853 2536 914 2574 καὶ
947 2536 1059 2585 ἕτερα
1094 2539 1322 2575 διοικεῖσθαι
1357 2537 1532 2574 δείκνυσί
1559 2551 1623 2574 σοι

113 2589 230 2626 πάλιν
248 2590 267 2627 ὁ
290 2590 402 2631 αὐτὸς
420 2590 674 2640 Δημοσθένης
697 2592 739 2630 ἐν
756 2595 833 2632 τοῖς
856 2595 1202 2641 συμβουλευτικοῖς
1223 2591 1265 2630 ἔν
1287 2607 1327 2629 τε
1349 2591 1399 2643 τῷ
1421 2591 1508 2640 περὶ
1529 2607 1623 2639 συμ-

112 2647 253 2692 μοριῶν
274 2645 572 2699 ἐπιγραφομένῳ
595 2648 715 2699 λόγῳ,
739 2647 862 2696 ὅσπερ
883 2648 1003 2696 λόγος
1034 2648 1187 2687 εἰκότως
1213 2646 1261 2684 ἂν
1283 2647 1344 2684 καὶ
1371 2646 1522 2686 δικαίως
1543 2647 1624 2684 ε’πι-

113 2698 301 2748 γράφοιτο
329 2701 416 2750 περὶ
442 2705 518 2740 τῶν
538 2706 756 2750 βασιλικῶν
779 2702 821 2739 ἐν
842 2704 892 2753 τῷ
920 2705 1066 2751 πρῶτος
1095 2702 1156 2740 καὶ
1186 2702 1302 2749 μόνος
1328 2703 1528 2750 παραστὰς
1557 2702 1622 2741 ἀν-

114 2758 269 2793 τειπεῖν.
317 2757 359 2794 ἐν
391 2758 509 2810 τούτῳ
545 2758 595 2810 τῷ
629 2758 736 2810 λόγῳ
774 2758 1014 2795 ἐναντιοῦται
1046 2757 1118 2805 μὲν
1150 2757 1194 2805 τῇ
1224 2755 1444 2805 Ἀθηναίων
1474 2757 1621 2807 γνώμῃ,

115 2808 340 2858 ὡρμηκότων
367 2812 491 2851 αὐτῶν
512 2817 700 2861 πολεμεῖν
720 2815 896 2861 βασιλεῖ,
923 2812 982 2850 καὶ
1006 2813 1074 2861 μία
1099 2813 1171 2860 μὲν
1198 2813 1382 2860 διοίκησις
1408 2814 1472 2849 τοῦ
1499 2813 1623 2863 λόγου

117 2864 199 2902 ἐστὶ
215 2864 258 2903 τὸ
274 2868 520 2916 βουλόμενον
537 2867 604 2907 τὸι·
622 2866 767 2918 ῥήτορα
787 2866 837 2916 μὴ
854 2871 1040 2916 πολεμεῖν
1059 2867 1194 2908 αὐτοὺς
1210 2870 1385 2916 βασιλεῖ,
1403 2865 1560 2906 κλέπτει
1582 2870 1623 2906 δὲ

117 2918 184 2967 τὴν
205 2921 319 2968 δόξαν
340 2921 383 2959 τὸ
406 2924 690 2972 συμβουλεύειν
716 2927 883 2972 βασιλεῖ
905 2922 1014 2972 μήπω
1043 2927 1232 2973 πολεμεῖν
1255 2923 1314 2961 καὶ
1337 2924 1429 2970 αὕτη
1456 2923 1477 2971 ἡ
1503 2922 1623 2974 τέχνη
