1934 3179
311 125 395 165 274
734 123 848 162 PRO
882 122 1386 163 MEGALOPOLITIS.
1761 129 1783 153 ἱ

371 241 466 282 203,
490 240 525 269 2.
547 227 746 281 τουτουσί]
781 231 984 273 δεικτικῶς,
1007 227 1085 267 etsi
1108 227 1149 266 in
1171 228 1365 267 concione
1385 241 1468 267 non
1488 227 1653 267 adsunt.
1715 227 1813 267 Sen-

311 299 380 324 sus
399 300 406 323 :
440 284 505 324 hic
527 283 701 323 viciniae
721 283 839 322 nobis
860 283 1132 323 imminentes.
1193 282 1442 323 SOHAEF.

370 353 465 393 203,
485 354 523 389 4.
556 339 800 390 Ὀρχομενοῦ
834 340 895 378 καὶ
929 343 1116 379 Θεσπιῶν
1150 341 1210 378 καὶ
1236 337 1468 393 Πλαταιῶν]
1505 338 1619 379 Conf.
1654 354 1693 392 p.
1718 339 1813 385 208,

315 408 377 448 17.
399 400 442 436 et
463 410 568 449 quae
589 410 614 435 a
637 394 795 434 Wolfio
816 394 929 435 dicta
950 399 1047 434 sunt
1067 395 1121 434 ad
1141 410 1181 448 p.
1203 408 1298 447 490,
1328 407 1389 434 10.

370 465 465 505 203,
487 462 524 503 7.
547 449 820 504 ἀναιρήσουσι]
850 450 935 490 Alii
960 450 1052 490 libri
1079 450 1295 500 αἱρήσουσι.
1358 450 1511 490 Melius
1531 450 1642 489 illud.
1704 450 1815 489 Vide

310 523 349 562 p.
376 521 469 553 204,
500 520 559 546 10.
593 509 686 554 208,
711 519 778 559 25.
814 519 906 554 2ιο,
930 518 969 559 5.
1030 506 1200 546 DOBR.

367 563 627 615 γενήσεσθαι]
676 562 864 614 γενέσθαι
916 562 1047 602 Paris.
1097 562 1265 615 primus.
1327 561 1518 601 REISK.
1598 562 1687 601 Aut
1736 560 1813 600 hoc

311 619 584 673 probandum„
620 623 695 658 aut
730 618 856 658 etiam
891 634 927 658 v.
964 632 1003 671 5.
1039 618 1300 658 scribendum
1334 618 1586 669 γενήσεσθαι.
1650 616 1814 657 Scilicet

310 676 434 716 ambo
466 675 664 722 membra,
689 676 890 724 Θηβαίους
920 677 1061 725 μὲν-,
1095 675 1418 724 Λακεδαιμονίους
1451 673 1554 721 δ’-,
1575 673 1719 712 eadem
1750 687 1814 712 ra-

311 732 425 772 tione
447 737 543 771 sunt
563 730 833 784 hypothetica
853 748 860 770 :
894 736 941 770 ut
962 731 1164 770 absonum
1191 730 1245 770 sit
1266 735 1455 783 tempora
1476 728 1625 769 variari
1647 728 1814 768 infiniti-

311 802 467 828 vorum.
532 787 566 826 F
570 787 682 826 uturi
715 791 855 826 autem
890 786 1139 826 infinitivum
1167 786 1396 840 particulae
1429 787 1529 825 ὥστε
1561 789 1674 824 recte
1696 784 1813 837 jungi

311 844 392 884 alio
412 844 503 884 loco
525 843 660 883 dicere
681 843 860 882 memini.
921 843 1116 883 Ceterum
1137 857 1187 882 ne
1209 857 1329 896 quem
1346 841 1529 881 offendat
1550 841 1694 880 eadem
1716 841 1815 879 duo-

311 914 404 939 rum
431 900 624 953 deinceps
655 899 813 953 periodi
834 900 1113 939 membrorum
1144 899 1337 943 clausula,
1361 902 1573 951 comparet
1597 897 1707 950 quod
1731 896 1815 935 He-

311 957 484 996 rodotus
519 955 559 995 in
595 955 765 995 exordio
795 955 994 995 historiae
1035 955 1222 1008 scripsit:
1265 953 1315 996 ὦς
1346 954 1439 1004 μήτε
1479 955 1527 992 τὰ
1566 954 1816 1003 γενόμενα-

314 1014 470 1062 ἐξίτηλα
510 1012 716 1063 γένηται,
757 1011 851 1061 μήτε
897 1012 1173 1062 ἕργα--ἃκλεᾶ
1218 1012 1421 1062 γένηται.
1483 1008 1815 1049 SCHAEFER.

315 1069 514 1108 Praestat
549 1068 747 1119 γενέσθαι,
780 1067 891 1120 quod
918 1072 1094 1120 utroque
1126 1067 1216 1107 loeo
1245 1067 1474 1120 legendum,
1509 1070 1595 1113 aut.
1629 1064 1661 1103 si
1694 1064 1816 1104 alter-

313 1129 409 1165 utro
431 1124 485 1164 sit
507 1124 737 1164 delendum.
759 1123 896 1177 priore
917 1123 1056 1176 potius
1076 1123 1165 1163 loco
1187 1123 1431 1176 ejiciendum
1452 1121 1532 1161 erit
1553 1135 1689 1174 quam„
1710 1134 1816 1173 quae

312 1181 496 1221 Dobraei
519 1181 758 1233 conjectura
778 1184 853 1227 est,
875 1180 1117 1232 posteriore.

371 1250 464 1290 203,
484 1249 546 1276 10.
568 1237 720 1276 πλείονι
740 1235 968 1285 μείζους-ἢ
985 1237 1113 1289 ὅσῳ-
1127 1235 1328 1287 ἐλάττους]
1355 1233 1487 1273 ssIuZto
1513 1233 1676 1285 majores
1699 1246 1817 1285 quam

311 1300 456 1347 quanto
478 1293 657 1332 minores.
720 1292 772 1330 Id
803 1296 879 1337 est,
903 1306 953 1331 ne
984 1292 1104 1345 longe
1136 1291 1270 1344 major
1300 1290 1481 1330 accessio
1511 1289 1565 1329 ad
1586 1288 1817 1341 potentiam

314 1348 738 1389 Lacedaemoniorum
759 1362 883 1400 quam
916 1347 1029 1388 utilis
1062 1347 1244 1386 decessio
1277 1351 1319 1386 et
1350 1345 1569 1385 diminutio
1591 1345 1641 1384 de
1662 1344 1816 1384 viribus

314 1405 607 1445 Thebanorum
628 1404 717 1443 fiat.
754 1404 945 1443 WOLF.
1007 1404 1210 1443 Deleatur
1230 1417 1390 1442 comma
1411 1406 1507 1455 post
1528 1403 1745 1452 γενόμενοι.

373 1473 465 1514 203,
493 1473 549 1512 17.
574 1460 669 1511 πρὸς
690 1460 755 1501 οὓς
775 1459 1030 1511 (Thebanos)
1056 1460 1369 1510 παρεταττόμεθα
1387 1460 1429 1498 ἐν
1447 1458 1679 1509 Μαντινείᾳ]
1708 1455 1818 1495 Vide

314 1517 512 1569 Xenoph.
536 1517 697 1556 Hellen.
726 1527 762 1566 7.
786 1519 840 1567 (c.
865 1517 924 1568 5.)
949 1520 990 1555 et
1019 1519 1312 1569 argumentum
1336 1513 1534 1554 Isocratis
1557 1511 1818 1553 Archidami.

316 1573 507 1612 WOLF.

372 1641 464 1682 203,
485 1642 546 1681 19.
568 1629 732 1679 τούτοις]
760 1628 1084 1680 Megalopolitis.
1147 1627 1261 1667 Conf.
1285 1641 1319 1666 v.
1346 1638 1409 1679 23.
1432 1630 1475 1665 et
1498 1624 1693 1677 Xenoph.
1719 1623 1817 1663 Hel-

311 1685 388 1724 len.
415 1696 450 1737 7.
472 1698 511 1736 5,
533 1697 575 1736 5.
638 1683 967 1724 SOHAEFER.

369 1742 542 1792 ἐκείνων]
574 1740 1007 1780 Lacedaemoniorum.
1070 1738 1262 1778 REISK.

371 1809 463 1849 203,
491 1807 552 1849 25.
587 1796 681 1846 πρὸς
701 1796 787 1837 τοὺς
809 1795 1242 1846 συμπαραταξαμένους]
1282 1792 1465 1832 Subfflldi
1496 1793 1585 1842 ἡμῖν
1617 1793 1715 1831 τότε.
1746 1791 1818 1831 αι’ἶέ

310 1866 444 1891 versus
473 1866 543 1899 eos,
571 1851 942 1902 (Lacedaemonios
972 1853 1107 1904 puta.)
1130 1850 1199 1903 qui
1229 1856 1310 1889 tecm
1341 1849 1521 1901 temporis
1550 1847 1746 1887 ozobz'somn
1778 1848 1819 1886 in

310 1908 394 1948 acie
417 1907 573 1947 stabant
602 1908 727 1961 (apud
757 1907 1021 1947 Mantineam
1052 1907 1249 1946 adversus
1279 1905 1499 1944 Thebanos
1531 1909 1573 1944 et
1595 1904 1815 1954 Arcadas.)

315 1964 509 2004 REISK.

368 2021 512 2072 οἱμὲν]
543 2019 874 2059 Lacedaemonii.
939 2018 1131 2058 REISK.

370 2088 463 2128 203,
485 2077 548 2115 26.
584 2077 620 2115 οἱ
642 2075 698 2128 δὲ]
733 2074 1088 2129 Megalopolitani.
1152 2073 1312 2121 Nescio.
1335 2071 1432 2125 quid
1456 2071 1624 2111 Reiskio
1645 2071 1687 2110 in
1707 2085 1818 2110 men-

311 2136 395 2171 tem
418 2131 589 2179 venerit⁷
613 2137 659 2171 ut
677 2131 899 2171 Thebanos
930 2130 1191 2184 intelligeret.
1254 2129 1363 2168 Sane
1386 2127 1573 2167 Thebani
1606 2127 1647 2166 in
1679 2141 1820 2180 pugna

311 2187 365 2227 ad
389 2188 650 2227 Mantineam
681 2187 1060 2241 Megalopolitanos
1093 2201 1185 2226 cum
1217 2184 1308 2225 aliis
1338 2184 1551 2223 Arcadum
1582 2183 1820 2223 habuerunt

313 2242 445 2282 socios
481 2243 778 2295 habebuntque
814 2243 940 2283 etiam
982 2258 1101 2289 nunc,
1140 2242 1171 2281 si
1213 2241 1364 2280 bellum
1406 2239 1698 2279 recrudescat:
1747 2238 1819 2277 sed

312 2312 470 2345 caussa,
493 2299 544 2338 de
576 2313 658 2351 qua
689 2303 833 2338 orator
865 2299 931 2337 hic
964 2298 1160 2351 loquitur,
1186 2298 1240 2337 ad
1269 2297 1490 2335 Thebanos
1521 2294 1706 2348 proxime
1737 2308 1819 2333 non

312 2354 507 2408 pertinet.
570 2354 899 2394 SOHAEFER.

373 2422 465 2459 204,
487 2423 526 2462 3.
550 2410 713 2462 ἕλωσιν]
742 2409 791 2448 F.
814 2410 1020 2449 ἀνέλωσιν.
1086 2409 1137 2447 V.
1162 2423 1247 2448 var.
1271 2408 1364 2447 lect.
1388 2407 1441 2446 ad
1463 2421 1504 2459 p.
1531 2419 1622 2460 203,
1647 2419 1684 2457 7.
1743 2406 1820 2444 ‹Ju-

312 2465 370 2505 ris
393 2466 648 2505 Graecorum
669 2464 802 2504 bellici
824 2470 915 2505 erat
941 2467 1056 2504 πόλιν
1080 2466 1222 2504 ἑλόντα
1244 2465 1429 2513 ἀναιρεῖν,
1450 2461 1665 2515 magisque
1686 2475 1820 2500 move-

313 2522 389 2562 bat
421 2526 566 2561 orator
600 2521 759 2561 animos
793 2521 1043 2567 auditorum,
1073 2520 1105 2559 si
1141 2520 1184 2559 τὸ
1221 2521 1393 2565 ἀνελεῖν,
1417 2532 1542 2571 quam
1575 2518 1608 2556 si
1639 2517 1682 2556 τὸ
1715 2518 1821 2556 ἑλεῖν

320 2582 545 2617 stentaret.
607 2577 723 2617 Conf.
758 2592 793 2616 v.
824 2590 887 2616 10.
963 2576 1209 2629 Quanquam
1236 2575 1447 2628 vulgatam
1480 2578 1625 2613 tuetur
1657 2588 1696 2625 p.
1727 2582 1819 2624 207,

320 2648 382 2685 14.
446 2632 778 2673 SCHAEFER.

374 2702 467 2738 204,
489 2703 529 2741 5.
551 2687 757 2741 χαλεπῶν]
784 2688 814 2727 Ι.
839 2702 877 2741 q.
900 2690 1234 2740 χαλεπαινόντων.
1297 2684 1546 2725 SCHAEF.

374 2758 466 2794 204,
490 2747 527 2783 6.
560 2744 648 2783 ἀλλ’
672 2745 797 2785 οὐδεὶς
819 2744 916 2798 ἐρεῖ]
951 2743 1108 2782 Orator
1128 2742 1205 2781 hoc
1227 2741 1315 2781 vult
1335 2758 1342 2780 :
1378 2741 1459 2779 Sed
1481 2754 1601 2779 nemo
1623 2739 1745 2786 dicet,
1769 2752 1820 2777 ne

316 2801 393 2841 sibi
414 2800 635 2839 manifesto
656 2799 919 2839 contradicat
937 2816 947 2844 3
982 2798 1246 2851 quantumvis
1267 2797 1376 2837 enim
1404 2810 1511 2834 nunc
1532 2796 1672 2835 faveat
1696 2794 1821 2833 Lace-

316 2855 555 2900 daemoniis,
571 2860 724 2902 tamen,
747 2855 780 2893 si
802 2855 939 2894 dicere
961 2854 1093 2901 vellet,
1116 2854 1239 2893 fateri
1261 2856 1492 2906 cogeretur,
1510 2850 1691 2904 periculo
1711 2850 1821 2889 Mes-

318 2911 441 2950 seniis
464 2911 701 2950 imminente
723 2925 838 2950 arma
860 2910 1059 2949 sumenda
1081 2924 1180 2949 esse.
1243 2906 1491 2948 SOHAEF.
