1914 3184
267 123 368 163 lxxii
889 120 1152 161 REISKII

267 230 410 265 critica.
468 229 739 265 Miscellaneus
761 236 817 264 est
838 228 956 264 codex
986 240 1007 263 a
1036 227 1164 262 multis
1185 226 1356 267 collatus,
1379 225 1478 272 quod
1500 225 1670 261 diversae
1696 239 1775 261 ma-

266 306 337 329 nus
372 301 572 334 testantur,
606 301 779 328 exaratus
809 293 847 326 in
875 292 985 327 Italia
1014 290 1167 325 saeculo
1190 289 1277 324 XV.
1305 297 1467 324 exeunte
1496 298 1561 325 aut
1591 289 1775 325 XV1.in-

267 365 394 392 eunte.
454 357 595 392 Nescio
622 369 669 392 an
691 355 939 391 Pirkhaimeri
960 353 1148 401 quondam
1172 352 1298 391 fuerit.
1317 364 1429 399 quem
1450 354 1620 400 suspicor
1640 365 1683 388 ex
1710 353 1776 388 illo

266 420 399 456 codice
427 421 590 468 primum
618 419 870 466 Theophrasti
901 418 1150 453 Characteres
1180 417 1353 452 edidisse.
1416 416 1591 465 Longum
1622 417 1670 452 sit
1701 417 1775 452 sin-

265 484 355 533 gula
374 495 685 523 commemorare,
708 495 805 530 quae
834 482 906 518 hoc
926 481 1122 517 volumine
1147 481 1409 521 continentur,
1431 481 1624 528 opuscula.
1688 480 1776 516 Bre-

265 548 375 583 vibus
407 559 605 594 exsequar.
665 545 764 581 Sunt
794 545 848 580 ibi
880 543 1076 592 epistolae,
1099 556 1193 591 quas
1222 543 1338 579 Aldus
1373 543 1502 586 edidit,
1533 544 1649 579 Attici
1678 543 1777 593 frag-

265 619 395 646 menta
413 623 481 658 pro
503 611 675 650 Platone,
698 621 794 656 quae
813 608 979 644 servavit
998 607 1197 649 Eusebius,
1221 607 1375 656 Georgii
1397 606 1597 649 Scholarii,
1617 607 1778 643 Gemisti

267 673 473 714 Plethonis‚
490 673 699 708 Andronici
715 672 874 715 Callisti,
892 671 1142 713 Bessarionis,
1159 671 1320 706 Joannis
1342 669 1560 721 Saguntini,
1579 670 1780 706 Michaelis

266 736 391 778 Pselli,
413 736 576 777 Libanii,
598 736 755 777 Juliani,
777 735 950 775 Luciam,
973 734 1137 783 Synesii‚
1157 734 1423 782 Theophrasti,
1444 734 1672 775 Aristotelis,
1695 735 1778 769 Pla-

266 801 367 836 tonis
402 808 438 836 et
473 800 602 836 nescio
634 811 796 847 quorum
832 798 1056 848 fragmenta.
1115 798 1382 833 'l'umultuarie
1415 810 1502 834 eum
1535 798 1779 846 pervolutans

265 863 389 912 reperi
411 862 609 911 epistolam
627 862 780 903 Juliani,
799 874 895 910 quae
916 862 955 896 in
977 861 1204 898 collectione
1222 861 1446 909 Spanhemii
1469 870 1525 897 est
1545 861 1607 908 58.
1621 874 1659 909 p.
1676 872 1779 907 443„

265 927 477 976 pleniorem
499 926 683 973 exemplis
699 925 929 974 vulgaribus.
988 924 1063 960 Sed
1083 925 1186 960 illam
1209 924 1408 972 epistolam
1429 925 1615 974 integram
1636 925 1780 960 dudum

268 990 386 1026 edidit
415 988 662 1029 Muratorius‚
694 988 793 1023 unde
822 988 975 1035 repetiit
1006 987 1205 1023 Fabricius
1236 988 1332 1024 Bibl.
1357 988 1422 1024 Gr.
1441 988 1516 1023 vol.
1542 999 1576 1034 7.
1604 1000 1690 1037 pag.
1719 989 1780 1034 84.

269 1054 372 1089 Alias
397 1053 565 1100 quinque
595 1051 759 1087 ineditas
784 1051 926 1086 Julian]
957 1051 1134 1099 epistolas
1163 1050 1301 1087 ibidem
1332 1052 1467 1099 reperi,
1490 1064 1583 1099 quas
1598 1052 1778 1100 XVytten·

270 1116 405 1153 bachio
426 1127 525 1157 meo,
547 1114 673 1150 futuro
693 1114 715 1149 J
720 1114 836 1149 uliani
856 1115 1115 1155 restauratori,
1135 1127 1299 1151 reservo.

175 1232 256 1256 xcn
964 1222 997 1263 ξ.
1028 1231 1091 1266 31.

863 1293 1008 1329 Indices
1036 1294 1181 1341 aliquot.

326 1370 473 1406 Addam
495 1382 597 1406 nunc
617 1370 763 1406 indices
783 1377 859 1405 tres
876 1384 883 1404 :
914 1370 1080 1417 primum
1101 1368 1330 1405 divisionum
1351 1371 1549 1417 majorum,
1567 1381 1660 1415 quas
1681 1368 1781 1404 codi-

273 1435 325 1470 cis
356 1434 530 1469 Bavarici
562 1434 751 1482 margines
785 1433 979 1475 exhibent,
1013 1432 1148 1468 litteris
1183 1431 1375 1479 alphabeti
1405 1432 1542 1467 Graeci
1577 1432 1782 1481 majoribus

272 1505 436 1533 notatas.
505 1496 632 1532 Codex
667 1497 730 1531 ille
765 1496 904 1543 duplex
941 1508 1061 1544 genus
1095 1496 1325 1532 divisionum
1360 1495 1534 1531 exhibet:
1576 1496 1781 1536 minorum,

273 1573 365 1607 quas
394 1561 432 1595 in
457 1559 538 1606 ipso
559 1567 666 1595 texto
692 1559 851 1598 reddidi,
874 1559 938 1594 ubi
959 1559 1107 1607 signum
1138 1558 1208 1594 hoc
1230 1560 1246 1602 ξ
1268 1558 1520 1604 conspicitur;
1552 1565 1631 1592 tum
1663 1560 1781 1606 majo-

272 1636 370 1664 rum,
394 1635 486 1670 quas
507 1635 609 1658 nuuc
631 1623 743 1658 simul
764 1634 896 1658 omnes
916 1622 988 1657 hoc
1008 1622 1094 1657 loco
1115 1621 1418 1669 repraesentabo.
1477 1621 1653 1656 Lacunas
1673 1621 1783 1670 hujus

272 1686 446 1722 laterculi
467 1686 497 1720 si
519 1686 583 1733 qui
603 1685 930 1733 deprehendentes
959 1684 1211 1725 mirabuntur,
1233 1684 1414 1719 monendi
1443 1684 1481 1719 hi
1511 1692 1612 1725 suut,
1634 1685 1673 1719 in
1700 1684 1783 1732 ipso

274 1750 404 1786 codice
425 1750 571 1785 litteras
592 1751 774 1796 quasdam
795 1748 1014 1791 desiderari,
1037 1761 1058 1784 a
1077 1749 1231 1784 librario
1260 1761 1325 1795 per
1350 1748 1646 1795 imprudentiam
1668 1749 1783 1784 omis-

273 1825 344 1855 sas,
366 1812 457 1848 alias
478 1825 500 1847 a
519 1812 736 1860 bibliopego
764 1812 944 1847 chartulis
975 1811 1218 1861 agglutinatis
1239 1812 1476 1847 oblitteratas
1497 1824 1591 1847 esse.
1651 1813 1782 1848 Brevi-

273 1877 401 1912 oribus
430 1875 665 1911 orationibus
695 1875 881 1923 ejusmodi
910 1883 1024 1910 notae
1053 1875 1236 1910 litterales
1266 1874 1477 1922 adscriptae
1507 1883 1615 1910 erant
1643 1876 1783 1912 nullae.

274 1940 470 1975 Clausulas
500 1939 662 1975 orationi
690 1938 911 1986 unicuique,
943 1939 1113 1986 exceptis
1141 1939 1199 1977 iis,
1231 1951 1327 1986 quae
1357 1938 1403 1974 ad
1432 1951 1583 1974 caussas
1617 1939 1784 1986 privatas

273 2004 479 2051 pertinent,
500 2003 538 2037 in
568 2001 640 2036 isto
665 2001 798 2037 codice
828 2002 1058 2050 subscriptas
1087 2001 1281 2037 indicandi
1311 2002 1458 2037 numeri
1477 2015 1655 2038 versuum
1679 2014 1781 2051 ergo,

275 2075 366 2114 quot
396 2078 527 2102 versus
557 2066 649 2100 olim
680 2073 824 2101 veteres
854 2066 1017 2102 orationi
1047 2066 1184 2113 cuique
1217 2066 1471 2113 imputabant,
1497 2078 1572 2113 quo
1601 2066 1648 2102 de
1677 2078 1783 2102 more

275 2130 364 2164 satis
398 2141 417 2164 e
446 2129 622 2177 Diogene
653 2128 807 2165 Laertio
842 2138 1002 2171 constat,
1033 2129 1116 2165 illas
1149 2129 1338 2166 clausulas
1375 2130 1414 2164 in
1454 2130 1614 2166 materia
1653 2130 1785 2166 critica

277 2192 478 2227 exhibebo.

328 2255 356 2290 I.
379 2255 623 2302 Conspicitur
646 2256 776 2303 itaque
796 2257 834 2291 in
863 2257 993 2292 codice
1017 2257 1202 2292 Bavarico
1224 2269 1243 2292 e
1270 2258 1422 2305 regione
1447 2257 1664 2299 verborum,
1686 2269 1784 2304 quae

274 2330 309 2366 p.
332 2318 394 2353 66.
417 2318 593 2354 editionis
613 2327 766 2354 nostrae
787 2331 899 2354 versu
915 2331 950 2366 9.
973 2319 1163 2369 leguntur,
1185 2321 1334 2369 signum
1356 2328 1394 2356 A.
1420 2330 1479 2367 72,
1502 2333 1526 2366 4
1547 2327 1583 2354 Β.
1616 2320 1677 2360 80,
1699 2332 1719 2366 3
1745 2327 1783 2355 A.

277 2381 403 2428 83,12
429 2388 464 2416 Β.
505 2393 638 2428 94,17
662 2389 699 2416 Α.
740 2383 802 2429 96,
830 2394 873 2418 22
897 2389 933 2417 B.
976 2395 1060 2429 103,
1083 2395 1102 2430 3
1128 2390 1166 2418 Δ.
1210 2396 1294 2431 113,
1322 2394 1365 2430 25
1389 2392 1427 2418 A.
1469 2394 1553 2429 117,
1577 2394 1596 2429 3
1620 2389 1657 2418 B.
1699 2395 1781 2424 120,

280 2456 324 2479 20
347 2451 384 2480 Γ.
424 2457 574 2491 124,15
599 2451 638 2479 Δ.
679 2456 762 2491 127,
790 2457 832 2490 27
857 2452 894 2480 E.
937 2457 1021 2493 135,
1044 2458 1086 2492 13
1110 2453 1148 2481 A.
1190 2458 1274 2493 137,
1301 2459 1343 2482 22
1369 2453 1407 2483 B.
1446 2459 1531 2492 140,
1558 2446 1604 2480 26
1624 2453 1658 2480 Γ.
1701 2458 1783 2491 144,

280 2519 297 2553 7
320 2515 359 2543 Δ.
405 2508 560 2554 147,16
581 2515 620 2544 E.
668 2519 752 2555 150,
778 2520 825 2543 20
846 2516 880 2544 Ζ.
926 2521 1080 2556 155,17
1103 2517 1141 2545 A.

328 2571 373 2606 In
394 2572 564 2608 oratione
585 2584 652 2619 pro
674 2584 837 2608 corona:
874 2584 963 2618 232,
983 2585 1025 2620 13
1051 2580 1087 2609 Β.
1123 2574 1208 2620 238,
1230 2585 1268 2619 13
1289 2580 1325 2608 Γ.
1360 2585 1446 2619 240,
1467 2573 1603 2608 ultima
1623 2580 1661 2607 Δ.
1694 2583 1782 2621 245,

277 2642 296 2681 5
320 2641 358 2668 E.
398 2647 484 2682 254,
511 2648 556 2671 20
580 2643 622 2671 H.
667 2647 754 2684 259,
781 2647 797 2683 7
822 2643 862 2671 Θ.
909 2636 1059 2683 268,13
1085 2644 1126 2672 K.
1172 2648 1259 2684 271,
1285 2649 1329 2673 22
1353 2645 1390 2672 A.
1429 2648 1516 2684 275,
1538 2648 1581 2683 17
1605 2643 1652 2673 M.
1694 2648 1782 2684 279,

282 2697 325 2731 18
348 2703 389 2732 N.
430 2698 584 2745 285,19
605 2704 644 2734 Ξ,
689 2711 840 2747 294,13
866 2706 909 2734 Π.
950 2710 1037 2747 297,
1060 2701 1106 2735 16
1128 2707 1163 2736 P.
1202 2712 1294 2745 300,
1320 2713 1360 2736 2ι
1388 2707 1422 2735 Σ.
1464 2711 1554 2747 304,
1580 2712 1597 2735 2
1620 2706 1657 2735 T.
1693 2711 1783 2747 307,

280 2770 297 2805 7
320 2766 358 2795 Υ.
396 2772 553 2809 310,19
574 2767 613 2797 Φ.
653 2773 743 2808 313,
769 2774 814 2810 25
837 2769 878 2799 X.
917 2773 1009 2811 317,
1034 2776 1051 2799 2
1075 2770 1117 2800 Ψ.
1156 2776 1313 2811 320,10
1335 2771 1374 2799 Ω.
1414 2775 1504 2811 323,
1526 2764 1594 2799 ult.
1614 2771 1655 2799 A.
1692 2773 1782 2810 327,

278 2835 296 2868 5
322 2830 358 2858 B.

330 2885 374 2919 In
403 2888 574 2923 oratione
605 2889 650 2924 de
681 2889 775 2925 falsa
802 2891 1020 2939 legatione:
1064 2902 1155 2935 343,
1178 2891 1245 2927 ult.
1266 2898 1305 2926 A.
1337 2899 1426 2938 355,
1447 2903 1472 2936 4
1492 2897 1531 2925 E.
1568 2889 1656 2937 358,
1678 2889 1723 2924 16
1744 2896 1781 2925 Ζ-
