1914 3184
268 133 352 172 104
727 133 1082 175 PHILIPPICA
1117 133 1325 174 PRIMA.

267 251 348 291 395
374 240 539 285 exorto)
556 239 785 279 utebantur
806 239 946 278 oculos
963 239 1204 292 animosque
1223 238 1407 279 omnium
1422 239 1477 279 ad
1498 253 1540 279 se
1562 237 1778 285 convertit,

270 295 382 347 quod
404 299 446 334 et
467 295 602 347 major
623 300 715 335 erat
737 300 779 335 et
805 295 874 334 diu
904 295 943 334 in
968 295 1143 335 Graecia
1174 295 1264 348 ipsa
1289 294 1495 348 stipendia
1520 295 1709 334 merebat
1739 298 1782 333 et

270 350 482 402 Iphicrate
507 351 611 389 duce
641 350 755 390 brevi
778 355 966 404 tempore
995 365 1138 391 severa
1160 350 1377 404 disciplina
1407 351 1462 390 ad
1492 355 1655 391 tantam
1686 349 1782 390 belli

269 405 463 458 peritiam
485 406 672 445 eruditus
693 411 797 454 erat,
816 412 863 447 ut
884 407 936 446 ab
960 407 1150 446 omnibus
1171 407 1403 447 timeretur.
1465 407 1585 457 Quod
1606 406 1782 460 plerum-

269 476 349 514 que
371 461 481 500 circa
503 461 750 501 Corinthum
772 463 1030 507 versabatur„
1047 463 1090 502 τὸ
1113 463 1265 512 ξενικὸν
1283 464 1326 502 ἐν
1349 464 1523 516 Κορίνθῳ
1541 463 1781 502 vocabatur.

272 517 490 570 Aristoph.
510 517 621 556 Plut.
642 528 716 571 173
740 534 747 556 :
780 518 824 556 τὸ
848 517 878 557 δ’
903 519 945 557 ἐν
969 519 1144 572 Κορίνθῳ
1166 519 1318 568 ξενικὸν
1339 519 1410 570 οὐχ
1435 519 1544 560 οὗτος
1569 519 1779 569 (Πλοῦτος)

270 573 431 623 τρέφει;
463 573 676 612 SAUPP.
715 573 831 613 Oitat
853 574 892 612 h.
910 574 935 613 l.
955 574 1270 627 Harpocration
1289 589 1320 613 s.
1338 589 1373 613 V.
1392 576 1554 623 ξενικόν.
1588 573 1782 614 REISK.

326 632 393 678 4⁶5
423 640 484 667 20.
522 629 816 682 Πολύστρατος]
851 629 1164 683 Harpocration
1187 644 1217 669 s.
1241 630 1281 669 h.
1304 645 1339 669 v.
1361 636 1585 683 postquam
1612 630 1662 669 de
1684 629 1783 669 duo-

270 684 348 722 bus
369 683 459 723 aliis
483 684 735 737 Polystratis
757 686 962 738 expOSUIt,
988 688 1111 727 ἄλλος
1143 685 1172 725 δ’
1196 686 1244 726 ἂν
1276 689 1332 736 εἴη
1355 687 1633 736 Πολύστρατος
1656 686 1699 724 οὗ
1722 687 1784 725 καὶ

272 739 527 789 Δημοσθένης
558 743 791 790 μνημονεύει
825 738 874 781 ἐν
902 747 983 783 τοῖς
1005 746 1267 788 Φιλιππικοῖς,
1302 742 1432 793 λέγων
1465 742 1583 781 αὐτόν
1617 758 1711 781 ποτε
1741 743 1784 780 ἐν

274 797 449 848 Κορίνθῳ
471 797 624 845 ξενικὸν
645 797 817 847 τρέφειν.
848 798 995 847 μήποτε
1028 798 1161 847 μέντοι
1183 799 1349 837 ἐνταῦθα
1375 801 1435 837 δεῖ
1463 797 1629 849 γράφειν
1650 798 1781 836 Πολύ-

272 868 415 901 τροπον
433 852 518 891 ἀντὶ
539 856 606 891 τοῦ
625 854 921 904 Πολυστράτου.
944 856 1047 903 παρὰ
1062 855 1196 903 μηδενὶ
1218 854 1292 905 γάρ
1310 859 1434 904 φησιν
1451 855 1470 892 ὁ
1491 854 1659 902 Δίδυμος
1677 854 1783 903 εὑρη-

273 907 380 946 κέναι
407 908 474 947 τὸν
497 910 784 959 Πολύστρατον
805 909 1057 959 ἡγησάμενον
1083 912 1149 948 τοῦ
1177 911 1219 948 ἐν
1245 910 1416 962 Κορίνθῳ
1438 913 1600 958 ξενικοῦ.
1634 908 1784 961 quibus

270 962 406 1002 verbis
430 977 535 1016 quae
557 964 782 1011 adduntur,
806 966 875 1003 τὸν
893 966 1154 1015 Πολύτροπον
1174 967 1247 1015 μὲν
1268 966 1337 1004 οὖν
1359 967 1402 1004 ἐν
1423 968 1467 1019 τῇ
1488 963 1521 1009 ς’
1543 969 1620 1004 τῶν
1638 963 1785 1014 Ἐλλη-

274 1023 388 1057 νικῶν
412 1020 668 1070 Ξενοφῶντος
702 1021 825 1070 εὗρον,
849 1020 937 1059 ἀλλ’
962 1022 1049 1060 οὔτε
1071 1021 1113 1059 τὸ
1136 1021 1287 1070 ξενικὸν
1308 1024 1419 1060 τοῦτο
1451 1021 1599 1071 ἔφησεν
1621 1021 1641 1058 ὁ
1664 1022 1784 1061 Ξενο-

272 1078 359 1124 φῶν
379 1075 595 1125 τρέφεσθαι
615 1075 676 1114 ὑπ’
695 1075 915 1124 Ἀθηναίων
938 1075 1026 1115 οὔτε
1049 1076 1161 1118 αὐτὸς
1178 1076 1387 1121 Ἀθηναῖος
1408 1077 1454 1125 ἦν
1478 1078 1497 1114 ὁ
1518 1077 1782 1126 Πολύτροπος,

272 1144 354 1168 non
377 1129 570 1169 videntur
589 1131 643 1170 ab
668 1131 1007 1184 Harpocratione
1038 1132 1193 1184 scripta
1220 1146 1320 1171 esse.
1384 1131 1612 1185 Polystrati
1635 1145 1784 1171 nomen

272 1189 417 1225 tuetur
439 1186 745 1226 Demosthenes
779 1187 866 1241 ipse
901 1189 1000 1236 482,
1025 1190 1099 1226 26:
1146 1188 1328 1237 τιμῶντές
1362 1204 1454 1227 ποτε
1484 1187 1707 1237 Ἰφικράτην
1740 1187 1784 1227 οὗ

271 1246 393 1290 μόνον
415 1242 533 1281 αὐτὸν
555 1242 775 1291 ἐτιμήσατε,
798 1245 903 1282 ἀλλὰ
926 1244 986 1282 καὶ
1007 1244 1050 1282 δι’
1076 1245 1226 1282 ἐκεῖνον
1243 1243 1454 1293 Στράβακα
1477 1244 1537 1282 καὶ
1554 1244 1785 1293 Πολύστρα-

273 1313 353 1336 τον.
376 1297 446 1336 ubi
468 1313 503 1336 v.
531 1298 658 1337 Wolf.
721 1306 744 1320 ‘⁸
768 1299 904 1349 Quum
928 1299 961 1337 Τ
966 1299 1165 1338 heodecte
1191 1304 1299 1339 teste
1326 1299 1451 1352 (apud
1474 1299 1653 1338 Aristot.
1676 1299 1783 1338 rhet.

275 1364 312 1390 2.
339 1355 419 1405 23.)
446 1353 622 1393 sciamus
645 1354 925 1394 Athenienses
949 1355 1154 1401 Strabaei„
1177 1355 1384 1394 exereitus
1413 1355 1655 1394 conductitii
1677 1354 1782 1402 duci,

274 1408 485 1448 civitatem
519 1410 805 1463 impertivisseq
832 1412 924 1463 jure
958 1411 1180 1463 conjeceris
1213 1411 1339 1450 etiam
1363 1410 1661 1464 Polystratum,
1683 1410 1785 1449 mili-

274 1469 363 1503 tum
386 1466 735 1505 mercenariorum
765 1467 922 1511 ducem,
945 1472 1116 1506 auctore
1140 1466 1349 1519 lphicrate
1380 1467 1433 1506 ab
1458 1466 1784 1506 Atheniensibus

273 1520 445 1560 civit-ate
467 1521 667 1561 donatum
691 1525 820 1561 esse.”
884 1522 1095 1562 SAUPP.

330 1578 397 1626 46,
424 1589 488 1615 21.
513 1578 711 1632 Χαβρίας]
737 1578 984 1631 Quanquam
1009 1578 1243 1631 Iphicrates
1272 1593 1308 1617 a.
1332 1582 1413 1631 389
1437 1578 1629 1618 Athenas
1660 1578 1785 1619 rediit

275 1637 318 1671 et
340 1646 431 1670 cum
453 1646 605 1685 magna
622 1639 743 1686 parte
759 1634 937 1673 militum
955 1648 1122 1673 suorum
1145 1634 1185 1672 in
1204 1634 1522 1687 Hellespontum
1542 1634 1690 1673 missus
1708 1640 1782 1681 est,

274 1692 415 1726 tamen
437 1703 534 1740 pars
556 1689 762 1728 exercitus
779 1690 1023 1729 conductitii
1043 1690 1231 1729 Corinthi
1247 1690 1448 1729 mansisse
1468 1690 1639 1742 ejusque
1660 1690 1785 1743 impe-

274 1743 381 1781 rimn
416 1744 621 1783 Chabriae
655 1746 819 1784 videtur
851 1746 1114 1785 commissum
1150 1760 1239 1785 esse
1258 1763 1267 1790 ;
1315 1746 1363 1785 cf
1404 1746 1576 1785 Diodor.
1618 1759 1677 1795 14,
1717 1759 1783 1789 92.

276 1798 471 1838 Sehneid.
493 1800 544 1839 ad
571 1800 681 1840 Xen.
709 1801 815 1840 Hell.
837 1815 875 1854 5,
906 1815 937 1848 Ι,
969 1815 1027 1840 10.
1090 1801 1302 1840 SAUPP.

331 1856 398 1903 46,
438 1867 502 1907 23.
537 1856 1079 1910 Λακεδαιμονίους-ἐνίκων]
1117 1857 1350 1910 Iphicrates
1386 1872 1477 1896 cum
1514 1857 1705 1909 peltastis
1741 1863 1783 1897 et

276 1910 427 1950 Callias
448 1925 541 1950 cum
561 1913 746 1952 exercitu
770 1912 919 1952 civium
944 1913 1264 1952 Atheniensium
1285 1927 1444 1952 moram
1465 1913 1784 1952 Lacedaemoni-

276 1980 312 2004 οι
326 1980 393 2004 um
416 1967 682 2008 trucidarunt
703 1983 739 2007 a.
762 1981 857 2021 392,
877 1969 1082 2008 Chabriae
1104 1969 1256 2009 milites
1277 1969 1522 2009 conductitii
1545 1975 1587 2009 et
1610 1969 1784 2009 Demae-

276 2021 361 2060 neti
399 2022 552 2062 milites
585 2024 739 2063 scutati
773 2025 1011 2077 Gorgopam
1045 2025 1086 2063 in
1120 2025 1254 2064 insula
1280 2025 1444 2078 Aegina
1475 2024 1715 2064 devicerunt
1745 2039 1783 2065 a.

275 2078 371 2129 388,
394 2078 538 2117 eodem
560 2094 670 2118 anno
694 2079 916 2132 Iphicratis
948 2081 1152 2133 peltastae
1175 2081 1431 2120 Anaxibium
1463 2081 1504 2120 in
1527 2080 1784 2120 Chersoneso

276 2133 560 2185 1:›erdi‹lerunt.
623 2136 733 2174 Xen.
766 2135 875 2174 Hell.
898 2151 935 2181 4,
958 2149 997 2187 5,
1023 2149 1082 2189 13.
1119 2137 1155 2182 8,
1178 2149 1245 2190 35.
1277 2149 1317 2189 5,
1344 2150 1377 2181 1,
1407 2149 1467 2175 10.
1531 2136 1612 2175 Sed
1643 2150 1783 2176 morae

277 2188 384 2227 illius
419 2189 615 2230 interitus
648 2196 769 2230 tanta
803 2191 986 2230 Graecos
1018 2206 1160 2231 omnes
1195 2192 1472 2232 admiratione
1505 2192 1713 2239 affecerat,
1736 2197 1784 2231 ut

276 2243 383 2282 hanc
406 2245 622 2284 victoriam
644 2246 906 2298 potissimum
930 2247 1225 2287 Demosthenis
1248 2248 1387 2288 animo
1409 2249 1673 2287 obversatam
1694 2262 1784 2287 esse

276 2304 444 2352 putenm
480 2301 528 2338 cf.
554 2301 716 2340 Sievers
739 2302 834 2341 hist.
859 2302 1006 2341 Graec.
1028 2318 1067 2355 p.
1099 2316 1169 2355 123
1196 2318 1254 2355 sq.
1318 2303 1530 2342 SAUPP.

333 2357 400 2403 46.
432 2359 495 2395 26.
530 2358 566 2394 οἱ
596 2355 625 2394 δ’
663 2357 811 2409 ἐχθροὶ]
846 2358 1032 2396 Maxime
1068 2358 1297 2410 Philippus,
1330 2364 1548 2411 praeterea
1581 2358 1782 2406 Thebani,

277 2410 381 2454 Chii,
407 2410 572 2457 Rhodii,
597 2411 683 2452 Coi.
708 2412 912 2463 Byzantii,
937 2413 1019 2451 alii.
1084 2413 1304 2452 FRANK.

334 2468 400 2512 46,
426 2469 489 2504 28.
523 2465 787 2520 Ἀρτάβαζων]
826 2468 887 2507 De
910 2468 1089 2508 Charete.
1117 2469 1287 2521 ejusque
1318 2470 1503 2508 exercitu
1525 2469 1784 2509 conductitio

276 2521 448 2574 cogitat.
481 2522 692 2561 SAUPP.
756 2523 982 2563 Monuerat
1006 2524 1240 2564 Boehneck.
1265 2525 1434 2575 Quaest.
1457 2525 1534 2564 vol.
1562 2538 1596 2563 1.
1629 2540 1669 2577 p.
1690 2530 1783 2574 246.

278 2577 331 2615 V.
355 2577 526 2616 Diodor.
555 2579 616 2623 16,
643 2590 706 2617 22.

333 2644 399 2682 47,
431 2646 461 2671 1.
493 2633 662 2686 εἰκότως]
697 2633 968 2673 Defendendo
991 2635 1186 2675 Chareti:
1220 2636 1325 2675 solet
1345 2637 1455 2675 enim
1477 2635 1784 2675 Demosthenes

276 2687 385 2726 hunc
408 2687 701 2741 imperatorem
725 2690 786 2729 vel
807 2704 1005 2729 excusare
1029 2691 1089 2729 vel
1112 2691 1344 2730 defendere.
1407 2691 1619 2731 SAUPP.

332 2753 399 2794 47,
422 2755 461 2795 5.
484 2745 670 2796 ἐπόπτας]
696 2746 941 2797 suspectare&
964 2753 1205 2798 spectatores,
1228 2753 1334 2786 testes
1354 2746 1533 2786 oculatos.
1586 2746 1780 2785 Vocabu-

277 2797 361 2835 lum
383 2798 436 2837 ab
458 2799 700 2838 auctoribus
723 2801 925 2840 orationis
947 2801 1152 2853 pedestris
1174 2816 1255 2840 non
1273 2802 1439 2841 solitum
1458 2801 1551 2841 dici.
1598 2801 1782 2853 Aeschy—

277 2852 340 2890 lus
364 2853 502 2892 Prom.
529 2867 607 2904 299
628 2870 635 2892 :
670 2856 730 2894 καὶ
753 2856 802 2894 σὺ
832 2856 877 2904 δὴ
898 2858 1027 2895 πόνων
1050 2858 1151 2906 ἐμῶν
1171 2858 1272 2905 ἥκεις
1295 2859 1485 2906 ἐπόπτης;
1523 2856 1636 2894 Infra
1656 2871 1695 2908 p.
1713 2867 1780 2908 53,

280 2919 345 2947 21.
408 2908 710 2948 Demosthenes
743 2910 842 2950 dicit
874 2911 1077 2961 μάρτυρας.
1128 2912 1341 2951 SAUPP.
1404 2912 1468 2951 Ex
1500 2912 1539 2950 h.
1575 2911 1598 2949 l.
1633 2911 1782 2950 Demo-

278 2962 435 3002 sthenis
457 2964 675 3004 annotavit
698 2965 845 3004 Pollux
872 2979 906 3010 2,
932 2968 998 3018 58.
