1914 3184
296 121 352 159 80
719 122 1115 164 OLYNTHIACA
1152 123 1387 162 TERTIA.

352 237 419 277 34,
444 238 477 263 1.
502 224 522 264 ὃ
543 227 818 281 γὰρ-οἴεται]
855 228 1052 268 Imitatus
1069 234 1133 268 est
1151 228 1379 282 Dionysius
1399 228 1536 269 Halic.
1552 229 1603 269 de
1618 229 1805 284 Thucyd.

295 280 436 320 Judic.
453 294 562 334 c.34.
579 282 704 322 vol.6.
722 298 761 336 p.
774 285 867 335 898.
887 285 911 324 ἃ
925 287 998 336 γὰρ
1017 285 1181 326 ἕκαστος
1196 285 1294 324 εἶναι
1306 287 1495 335 βούλεται
1508 287 1595 336 περὶ
1613 286 1655 324 τὸ
1671 288 1806 337 φιλού-

293 338 414 386 μενόν
434 353 474 376 τε
497 339 558 378 καὶ
579 341 871 389 θαυμαζόμευου
892 341 958 391 ὑφ’
977 342 1125 385 ἑαυτοῦ,
1149 344 1267 380 ταῦτα
1289 343 1421 381 οἴεται.
1456 341 1786 382 SCHAEFER.

351 406 419 446 34,
445 405 481 444 7.
513 394 696 448 εὐχερῶς]
741 395 833 434 Νο11
871 401 935 435 est
968 396 993 435 i.
1016 412 1053 449 q.
1085 398 1265 442 εὐκόλως,
1299 398 1370 437 sed
1406 397 1491 437 fere
1525 398 1550 437 i.
1576 413 1614 451 q.
1642 400 1807 450 κούφως,

293 449 515 497 socorditer,
558 451 758 504 adjuncta
799 452 969 492 notione
1009 452 1344 506 vituperationis.
1425 453 1660 508 Hesychius
1695 468 1728 494 1.
1766 469 1806 508 p.

298 507 420 559 1538.
444 506 648 558 Εὐχέρεια·
673 511 874 558 κουφότης.
907 508 1238 549 SGHAEFER.

351 564 397 601 τὰ
419 566 576 601 τοιαῦτα
598 562 747 617 ὀνείδη]
774 563 837 604 Ut
865 564 1061 604 dicamini
1094 571 1268 619 propter
1298 566 1568 619 pecuniarum
1588 567 1807 620 penuriam

293 617 400 657 bello
426 618 542 670 justo
568 623 610 658 et
636 620 870 659 necessario
898 621 1051 669 deesse7
1079 627 1207 675 atque
1233 622 1354 675 culpa
1376 627 1517 662 vestra
1545 623 1807 663 committere

294 677 341 712 ut
363 674 462 713 socii
487 674 614 713 vestri
637 680 824 728 pereant.
858 677 1053 717 REISK.

353 730 599 784 Κορινθίους]
634 731 768 782 Quum
792 733 842 772 de
864 734 1004 774 subita
1026 734 1291 787 expeditione
1314 735 1584 788 cogitandum
1613 735 1680 783 sit⁷
1704 735 1807 775 haec

293 785 510 839 aptissime
547 789 771 828 referemus
807 790 862 828 ad
898 805 958 835 ea,
992 805 1098 844 quae
1127 790 1391 843 Thucydides
1419 805 1451 835 1,
1477 804 1564 845 105.
1588 796 1736 831 narrat-
1766 807 1804 831 a.

291 847 390 893 460.
416 843 600 883 evenisse
625 845 692 893 (cf.
717 845 900 898 Krnger,
928 846 1314 900 historiseh-philol.
1339 847 1456 886 Stud.
1481 862 1521 900 p.
1542 849 1667 897 162.).
1731 848 1806 887 Co-

293 898 452 942 rinthii.
469 900 579 952 quod
606 898 876 954 Megarenses
898 903 951 942 ad
976 903 1254 943 Athenienses
1277 904 1528 947 defecerant.
1552 904 1650 944 irati
1674 904 1806 958 irrup-

292 955 450 995 tionem
471 957 659 997 feeerunt
682 958 721 996 in
744 958 846 997 fines
868 960 1193 1013 Megarensium.
1257 961 1495 1013 sperabant
1516 961 1624 999 enim
1644 961 1732 1000 sore
1758 967 1806 1002 ut

294 1011 587 1059 Athenienses.
611 1014 678 1065 qui
706 1028 881 1068 magnas
903 1016 1045 1069 copias
1067 1021 1109 1056 et
1132 1017 1172 1055 in
1196 1017 1436 1070 Aegyptum
1463 1022 1505 1057 et
1535 1017 1575 1056 in
1598 1017 1807 1071 Aeginam

293 1067 508 1112 miserant.
532 1074 607 1109 aut
629 1069 824 1110 resistere
850 1087 931 1111 non
963 1078 1147 1125 possent.
1171 1078 1245 1113 aut
1268 1073 1410 1126 copias
1432 1088 1482 1113 ex
1505 1074 1671 1127 Aegina
1692 1089 1806 1113 revo-

293 1128 452 1163 carent.
515 1125 595 1164 Sed
626 1126 848 1179 Myr‹r›nide
880 1129 983 1167 duce.
1011 1133 1086 1168 τῶν
1112 1131 1152 1168 ἐκ
1181 1133 1246 1179 τῆς
1276 1132 1427 1171 πόλεως
1456 1131 1681 1169 ὑπολοίπων
1703 1133 1741 1169 οἵ
1765 1148 1807 1170 τε

292 1181 557 1231 πρεσβύτατοι
588 1184 647 1222 καὶ
676 1185 712 1222 οἱ
738 1185 921 1224 νεώτατοι
950 1200 1127 1238 propere
1158 1186 1333 1238 profecti
1366 1190 1464 1225 sunt
1495 1191 1536 1226 et
1566 1186 1806 1226 Corinthios

293 1237 504 1276 fuderunt.
569 1238 636 1277 Ad
667 1239 792 1278 aliam
827 1255 913 1279 rem
947 1241 1242 1281 Demosthenis
1278 1242 1412 1282 locum
1445 1243 1654 1295 pertinere
1687 1243 1807 1283 aiunt

293 1298 443 1332 auctor
483 1294 625 1334 scholii
666 1296 904 1349 Augustani
947 1302 989 1337 et
1030 1298 1155 1338 schol.
1192 1299 1394 1338 Aristidis
1430 1311 1468 1351 3.
1501 1314 1540 1352 p.
1572 1301 1668 1352 328.
1705 1299 1804 1339 Ddf.

294 1349 535 1390 Corinthios
571 1352 796 1404 aliquando
831 1354 1161 1395 Atheniensibus
1198 1355 1476 1399 interdixisse.
1512 1370 1563 1395 ne
1598 1355 1653 1395 ad
1688 1355 1806 1396 ludos

296 1406 494 1446 Isthmios
512 1408 712 1453 venirent.
728 1424 853 1461 quum
870 1416 1012 1451 autem
1031 1411 1310 1451 Athenienses
1327 1411 1535 1451 theoriam
1557 1426 1649 1451 cum
1671 1427 1806 1452 arma-

293 1462 349 1501 tis
381 1462 602 1511 misissent.
627 1465 867 1505 Usn‘inthios
899 1482 990 1506 eam
1021 1467 1251 1514 admisisse.
1275 1473 1462 1508 armatos
1494 1483 1590 1508 vero
1622 1468 1805 1508 rediisse.

296 1518 345 1557 In
379 1533 461 1571 qua
496 1535 541 1559 re
573 1521 842 1562 festinatione
878 1523 989 1563 haud
1025 1538 1278 1577 magnopere
1313 1538 1416 1577 opus
1451 1524 1578 1564 fuisse
1613 1529 1804 1578 apparet.

296 1575 508 1615 SAUPP.

351 1645 417 1685 34.
443 1635 480 1670 ὅ.
507 1633 736 1687 Μεγαρέας]
773 1634 838 1674 De
861 1650 905 1674 re
927 1635 1066 1689 aliqua
1096 1636 1247 1688 insigni
1271 1636 1435 1676 videtur
1457 1636 1583 1676 etiam
1607 1636 1673 1675 hic
1697 1637 1804 1691 eogi-

294 1688 469 1728 tandum
506 1704 607 1728 esse.
670 1689 783 1729 Nihil
815 1706 910 1731 vero
945 1691 1146 1745 insignius
1183 1692 1275 1732 rixa
1311 1692 1379 1731 illa
1415 1692 1733 1732 Atheniensium
1765 1699 1807 1734 et

297 1744 610 1798 Megarensium
647 1746 698 1785 de
738 1747 851 1801 agris
893 1748 1024 1787 saeris
1060 1749 1232 1788 dearum
1271 1749 1591 1788 Eleusiniarum.
1662 1750 1807 1803 Mega—

294 1815 436 1840 renses
468 1801 574 1841 enim
598 1817 723 1855 quum
745 1818 783 1842 a.
805 1806 901 1853 446.
925 1819 1069 1844 rursus
1100 1806 1153 1845 ab
1178 1805 1507 1845 Atheniensibus
1536 1805 1806 1846 descivissent

297 1857 448 1909 (Thuc.
474 1872 506 1905 1,
531 1872 541 1896 1
562 1861 657 1908 14.),
681 1874 807 1911 agros
830 1860 919 1899 illos
941 1861 1126 1900 aravisse
1147 1862 1436 1913 arguebantur
1460 1861 1611 1913 (Thuc.
1638 1875 1667 1907 1,
1695 1864 1804 1914 139.)

294 1918 337 1953 et
357 1915 447 1953 soni)
469 1915 757 1968 lssnortubusque
781 1917 834 1955 ab
860 1917 1189 1957 Atheniensibus
1205 1914 1373 1956 'Poriele
1403 1922 1577 1957 auctore
1607 1918 1807 1958 arceban-

294 1974 377 2010 tur.
442 1970 604 2010 Deinde
635 1987 760 2024 quum
794 1973 1153 2020 Anthemocritus.
1187 1974 1440 2014 caduceator
1473 1973 1805 2021 Atheniensium,

295 2026 336 2065 in
358 2026 510 2066 finibus
535 2028 846 2081 Megarensium
876 2029 1122 2069 interfectus
1143 2036 1253 2070 esset
1270 2030 1474 2079 (Pansan.
1498 2044 1527 2075 1,
1545 2032 1612 2083 36,
1630 2043 1668 2082 3.
1695 2030 1806 2070 Plut.

297 2083 446 2122 Pericl.
473 2096 540 2136 30.
574 2084 830 2138 Harimcrat.
861 2101 900 2139 p.
931 2099 993 2131 21.
1017 2088 1090 2139 3.),
1126 2101 1261 2126 nonne
1296 2092 1493 2139 putamus
1527 2086 1807 2126 Athenienses

295 2139 423 2178 armis
456 2140 589 2192 raptis
621 2142 831 2193 profectos
863 2157 952 2181 esse
982 2148 1024 2182 et
1056 2142 1254 2196 irrupisse
1281 2142 1321 2181 in
1342 2143 1445 2182 fines
1470 2142 1808 2196 Megarensium?

298 2195 412 2234 Satis
435 2200 550 2235 certo
572 2197 679 2235 enim
709 2197 861 2237 seimus
885 2199 1252 2238 Anthemoeritum
1284 2199 1509 2252 aliquando
1542 2198 1806 2238 interiectum

296 2265 397 2295 esse.
421 2266 547 2304 quum
572 2253 844 2306 Megarenses
870 2259 1069 2299 monewt.
1094 2270 1143 2293 ne
1165 2269 1289 2307 agros
1315 2269 1457 2295 sacros
1482 2259 1680 2299 ararent;
1718 2255 1807 2294 Me-

295 2322 494 2359 garenses
523 2308 614 2360 plus
646 2305 769 2348 semel
800 2310 985 2349 aravisse
1016 2325 1135 2349 nemo
1167 2306 1345 2350 tradidit
1376 2325 1451 2350 nec
1473 2310 1693 2350 verisimile
1715 2316 1803 2357 est;

298 2363 553 2403 Plutarchus
590 2371 737 2404 narrat
766 2365 790 2404 l.
821 2366 858 2404 d.
890 2366 1212 2406 Anthemocrito
1249 2381 1370 2406 caeso
1402 2367 1629 2406 Charinum
1666 2372 1807 2419 pertu-

296 2419 403 2465 lisse.
428 2425 473 2460 ut
504 2425 721 2473 praetores
753 2421 926 2473 singulis
957 2423 1077 2461 annis
1109 2422 1172 2461 bis
1205 2422 1245 2461 in
1272 2423 1374 2461 fines
1399 2422 1712 2473 Megarensium
1735 2423 1806 2462 im-

296 2476 550 2528 pressionem
591 2477 776 2517 sttcerent
808 2478 1013 2530 (Thucyd.
1041 2493 1079 2528 4.
1104 2480 1204 2527 66.).
1268 2478 1362 2518 Hoc
1402 2478 1666 2532 plebiscitum
1707 2484 1807 2519 ante

297 2532 462 2571 initium
493 2532 586 2571 belli
612 2533 953 2586 Peloponnesiaci
976 2535 1133 2574 factum
1156 2549 1245 2573 esse
1267 2549 1347 2573 non
1370 2549 1492 2587 posse
1513 2534 1617 2574 vidit
1641 2534 1711 2574 Fr.
1732 2534 1804 2574 W.

298 2588 461 2627 Ullrich
478 2589 572 2640 (das
591 2589 858 2643 Megarische
874 2590 1120 2643 Psephisma
1137 2605 1177 2644 p.
1193 2593 1295 2644 36).
1331 2591 1535 2630 Videmur
1552 2590 1681 2643 igitur
1697 2590 1806 2629 ordi-

297 2658 389 2683 nem
411 2659 549 2684 rerum
572 2645 680 2684 hunc
702 2645 828 2685 fuisse
844 2646 939 2699 jure
961 2647 1176 2700 conjicere.
1239 2647 1511 2700 Megarenses
1533 2652 1658 2686 arant
1680 2661 1806 2700 agros

297 2700 454 2739 deabus
492 2700 714 2740 Eleusiniis
755 2706 1037 2742 consecratos.
1107 2703 1171 2742 Ob
1208 2717 1299 2742 eam
1335 2717 1422 2742 rem
1453 2717 1491 2742 a.
1518 2715 1613 2755 432.
1645 2702 1806 2742 Pericle

296 2760 470 2795 auctore
491 2756 582 2795 foro
603 2761 645 2796 et
666 2758 872 2809 portubus
896 2758 1215 2798 Atheniensium
1240 2764 1451 2798 arcentur.
1512 2757 1804 2797 Anthemocri-

296 2817 365 2850 tus
392 2826 430 2851 a.
452 2825 548 2864 431.
571 2813 786 2852 caeditur:
822 2828 903 2866 quo
934 2829 1055 2853 caeso
1085 2814 1291 2855 Charinus
1332 2814 1592 2867 rogationem
1633 2814 1802 2866 perfert.

300 2867 443 2906 Prima
469 2868 648 2920 irruptio
669 2869 834 2909 videtur
865 2884 913 2909 ea
943 2870 1081 2918 fuisse,
1105 2871 1155 2909 de
1177 2885 1258 2923 qua
1282 2870 1466 2923 Thucyd.
1492 2883 1527 2915 2,
1550 2882 1616 2922 31.
1640 2875 1801 2909 narrat.

299 2923 367 2960 Ad
399 2937 489 2961 eam
531 2923 663 2975 ipsam
700 2924 808 2963 hunc
841 2924 1135 2965 Demosthenis
1176 2926 1309 2965 locum
1350 2926 1561 2979 pertinere
1600 2925 1800 2964 arbitror.
