1950 3210
488 145 561 183 ΗΕ
601 145 669 183 lm
684 145 785 184 Lm
830 145 1182 185 Lim-'A'rloNiL
1506 153 1588 191 ,377

78 249 240 289 Anecd.
271 249 397 290 llekk.
421 265 459 303 p.
482 263 577 302 301,
603 263 640 303 7.
674 256 715 290 et
756 251 983 291 lssocekhius
1016 251 1066 289 ‹le
1097 255 1249 291 Uet-on.
1278 254 1429 293 ,mn-n.
1455 256 1528 293 vol.
1554 270 1584 294 1.

77 319 116 357 p.
141 307 234 358 256.
278 305 526 345 SCHAEF.

134 374 230 414 433,
253 375 292 414 5.
316 361 513 415 ἔγραψεν]
549 363 793 402 Timarchus
816 371 932 416 puta.
979 363 1168 402 ulilfflx'.

133 429 229 469 433,
259 431 316 469 19.
338 417 429 471 μὲν]
466 418 558 457 Non
586 419 774 471 sequitur
795 419 905 471 quod
936 419 971 458 ci
1005 420 1255 472 respondeat
1284 422 1337 469 δὲ,
1360 422 1430 461 sed
1464 422 1585 473 hujus

78 472 165 511 vice
186 474 418 525 funguntur
441 475 501 513 καὶ
522 476 561 513 τί
579 478 718 520 ταῦτα;
743 476 924 514 ἀλλὰ--.
967 475 1116 515 seim
1128 475 1216 514 EF.

134 541 186 581 43
200 541 231 578 3,
252 541 316 568 20.
341 530 494 582 Νικίου]
535 530 776 577 Aeschines,
795 530 883 569 who
904 531 1072 570 adverts
1092 537 1137 571 to
1159 532 1243 571 this
1265 547 1438 585 passage
1460 548 1498 586 p.
1516 536 1582 583 48.

79 584 299 637 St.=315,
317 585 399 637 316
420 585 468 624 R.
493 585 656 625 instead
678 587 723 625 of
741 586 881 626 Nicias
902 586 1045 637 (which
1071 594 1237 635 cannot,
1262 588 1343 627 like
1367 591 1583 639 Κυρηβίων,

78 639 181 679 have
218 641 320 679 been
356 655 382 679 a
417 640 654 691 nickname)
690 642 839 695 speaks
871 643 917 681 of
946 658 971 682 a
1003 643 1345 686 brother-in-law,
1381 645 1434 698 by
1466 659 1586 684 name

80 695 242 744 Philon,
265 695 347 735 and
370 696 410 734 in
433 697 568 736 words
590 697 723 737 which
752 698 958 751 evidently
981 698 1089 738 shew
1112 699 1207 738 that
1240 700 1291 739 hc
1322 700 1406 739 had
1438 700 1587 740 shared

78 751 119 790 in
153 765 230 790 0111·
262 751 440 792 orafor's
475 753 616 792 abuso.
669 754 939 805 ἐκπέπληγμαι
972 756 1026 802 δὲ,
1060 756 1093 794 εἰ
1126 756 1174 794 σὺ
1209 758 1403 806 λοιδορεῖν
1428 758 1591 796 Φίλωνα

75 809 222 860 τολμᾷς
253 809 314 847 καὶ
344 812 465 847 ταῦτα
496 810 538 848 ἐν
562 813 642 850 τοῖς
670 810 971 851 ἐπιεικεστάτοις
987 809 1206 860 Ἀθηναίων
1230 829 1261 850 κ.
1279 828 1311 851 τ.
1334 818 1371 851 λ.
1434 813 1587 851 Domo-

74 863 242 903 sthencs
273 864 360 903 also
396 864 605 904 mentions
640 865 800 913 l’hilon,
829 865 880 905 (lc
907 865 1056 906 Coron.
1086 881 1124 919 p.
1149 879 1245 918 329.
1272 868 1308 918 ξ.
1331 870 1426 920 385.
1450 868 1587 908 whose

79 924 278 973 property
300 920 531 960 Aeschines
553 920 771 960 inherited.
835 921 924 961 The
945 936 1065 961 name
1087 924 1132 961 of
1159 923 1230 962 the
1257 923 1379 962 other
1399 924 1587 963 brother-

75 975 215 1016 in-law
237 990 318 1016 was
352 976 595 1030 Epicrates:
631 977 958 1031 Harpocration,
981 977 1404 1028 Ἐπικράτης-ἄλλος
1432 980 1463 1019 (3⁵
1481 981 1588 1019 ἐστὶν

76 1030 318 1083 Ἐπικράτης,
343 1033 534 1085 Αἰσχίνου
555 1035 622 1072 τοῦ
641 1033 799 1084 ῥήτορος
825 1033 1022 1083 κηδεστὴς,
1046 1035 1095 1075 ὡς
1116 1037 1300 1084 δηλοῦται
1320 1035 1380 1075 ὑπ’
1399 1037 1515 1075 αὐτοῦ
1547 1037 1590 1075 ἐν

77 1088 122 1137 τῇ
144 1089 232 1139 περὶ
252 1091 317 1137 τῆς
337 1091 657 1139 παραπρεσβείας
678 1090 873 1143 ἀπολογία
896 1092 954 1143 (p.
972 1091 1055 1142 316
1079 1090 1166 1142 R.).
1208 1091 1318 1133 οὗτος
1338 1091 1472 1140 μέντοι
1495 1093 1588 1131 ἐπώ-

79 1160 200 1194 νυμον
222 1143 304 1196 εἶχε
327 1145 545 1195 Κυρηβίων.
609 1145 685 1185 Sec
707 1145 794 1185 also
817 1146 857 1185 in
882 1147 1098 1197 Κυρηβίων.
1162 1146 1251 1186 The
1282 1147 1527 1201 soubriquet
1554 1147 1588 1186 is

78 1199 246 1240 derived
266 1201 373 1239 from
400 1200 564 1251 κυρήβια
596 1201 824 1254 (fimfures,
849 1200 968 1253 bran)
996 1201 1129 1242 Arist.
1156 1201 1233 1255 Eq.
1259 1214 1350 1256 254.
1374 1203 1587 1257 denoting,

77 1256 302 1310 according
326 1262 372 1296 to
395 1256 566 1309 Ulpian,
591 1257 827 1311 something
860 1257 931 1297 vile
962 1258 1047 1297 (6)ch
1075 1258 1282 1298 wortliless.
1332 1260 1443 1310 λέγει
1474 1261 1515 1298 δὲ
1546 1260 1590 1299 τὸ

79 1311 256 1363 κάθαρμα
277 1313 339 1352 καὶ
361 1312 527 1354 εὐτελές·
561 1313 724 1364 κυρήβια
744 1316 818 1364 γὰρ
840 1316 887 1353 τὰ
909 1313 1214 1365 ἀποκαθάρματα
1235 1318 1301 1354 τοῦ
1321 1316 1429 1355 σίτου
1451 1315 1589 1366 λέγου-

79 1384 158 1408 σιν.
201 1368 328 1408 From
350 1368 509 1409 Cratin.
532 1368 700 1422 Fragm.
722 1369 875 1409 Incert.
897 1380 959 1420 27.
1022 1369 1111 1409 The
1132 1370 1271 1410 father
1292 1371 1337 1410 of
1354 1371 1483 1418 these,
1506 1371 1591 1411 and

78 1423 371 1465 father-in-law
402 1425 448 1463 of
474 1425 717 1473 Aeschines,
738 1440 819 1465 was
849 1425 1129 1472 l'hiloslemus,
1152 1426 1288 1466 whose
1319 1427 1420 1466 kind
1451 1427 1589 1466 offices

79 1480 162 1520 had
188 1481 293 1520 been
319 1481 570 1521 serviceable
600 1480 642 1520 in
672 1481 838 1535 getting
869 1495 945 1521 our
975 1484 1153 1521 orator’s
1184 1496 1304 1522 name
1335 1482 1517 1522 enrolled
1549 1483 1590 1521 in

78 1536 151 1577 the
170 1536 424 1590 ληξιαρχικὸν
444 1541 720 1588 γραμματεῖον,
740 1537 774 1576 if
790 1551 848 1577 we
869 1551 941 1577 arc
965 1542 1007 1577 to
1029 1537 1162 1578 credit
1188 1537 1252 1577 his
1273 1538 1387 1578 rival.
1433 1538 1591 1578 SHIL-

81 1592 247 1633 LETO.

135 1661 231 1703 433,
257 1661 322 1689 21.
355 1649 621 1702 Κυρηβίωνος]
657 1648 802 1690 Citant
833 1649 872 1689 h.
899 1649 924 1689 l.
948 1649 1236 1704 Hermogenes
1265 1665 1304 1704 p.
1331 1661 1428 1704 317.
1460 1651 1590 1690 Athe-

79 1719 208 1746 naeus
229 1706 267 1745 6.
289 1720 328 1758 p.
354 1717 433 1754 242
457 1705 510 1745 D.
554 1705 750 1746 REISK.

135 1774 232 1815 433,
249 1773 313 1814 23.
337 1761 429 1800 ἄνευ
451 1764 517 1800 τοῦ
539 1761 762 1814 προσώπου]
796 1760 950 1801 Discas
972 1761 1067 1800 hinc
1089 1761 1132 1800 τὸ
1155 1761 1340 1810 κωμάζειν
1358 1762 1450 1802 ἄνευ
1472 1779 1590 1813 προσ-

81 1818 185 1858 ώπου
206 1816 332 1856 fuisse
353 1816 568 1856 hominum
588 1816 739 1856 frontis
760 1816 996 1869 perfrictae.
1039 1816 1289 1856 SCHAEF.

140 1874 201 1913 καὶ
231 1873 270 1912 τί
297 1875 440 1919 ταῦτα;
472 1871 655 1925 ἆλλὰ-]
688 1873 891 1921 ἀποδίωξις
927 1873 987 1911 καὶ
1023 1873 1305 1922 ἀποσιώπησις,
1335 1873 1454 1925 quasi
1492 1888 1591 1926 prae

80 1927 368 1983 indignatione
383 1927 545 1982 flagitia
559 1927 775 1981 Aphobeti
792 1942 1116 1967 commemorare
1134 1942 1216 1967 non
1233 1928 1379 1981 possit.
1398 1928 1589 1968 WOLF.

81 1987 119 2025 τί
137 1988 280 2030 ταῦτα;
317 1983 482 2023 Scilicet
503 1983 620 2035 λέγω.
681 1983 791 2034 Quid
812 1998 888 2037 ego
909 1983 1011 2023 haec
1033 1983 1196 2024 minuta
1219 1998 1507 2033 commemoro,
1526 1985 1590 2025 cui

81 2042 136 2082 ad
156 2039 348 2095 graviora
368 2039 678 2093 properandum
700 2039 753 2078 sit
771 2040 781 2079 Ξ
826 2039 1019 2079 REISK.

139 2095 550 2148 ἀλλὰ-Ἀφόβητον]
588 2095 821 2135 Referenda
852 2095 955 2134 haee
986 2100 1081 2135 sunt
1115 2101 1154 2135 et
1188 2096 1477 2150 conjungenda
1500 2111 1593 2135 cum

82 2151 390 2206 superioribus:
434 2151 520 2202 περὶ
555 2151 736 2201 πορνείας
773 2151 1093 2201 ἔλεγεν-δυοῖν
1128 2153 1200 2200 μὲν
1237 2155 1442 2197 κηδεσταῖν
1477 2169 1592 2203 παρε-

82 2208 456 2258 στηκότοιν-ἁλλὰ
486 2206 554 2246 τὸν
581 2207 758 2257 ἀδελφὸν
783 2205 1140 2257 ὁρῶνἈφόβητον,
1171 2221 1264 2246 cum
1294 2207 1591 2260 indignatione.

82 2264 307 2311 Accusavit,
331 2263 478 2316 inquit,
502 2262 713 2302 Aeschines
740 2261 999 2302 Timarchum
1033 2263 1311 2316 impudicitiae
1341 2277 1474 2302 coram
1501 2263 1594 2303 clico-

83 2320 151 2360 bus
184 2320 266 2360 suis
298 2317 493 2371 affinibus,
527 2319 653 2358 Nicia
689 2325 723 2357 et
752 2317 974 2371 Cyrebione,
1007 2319 1127 2358 multo
1160 2318 1456 2373 impar-ioribus.
1512 2320 1598 2359 Sed

81 2377 150 2417 7200
170 2389 323 2430 parum
348 2381 411 2414 est.
466 2374 682 2414 Accusavit
706 2388 791 2414 ceum
821 2375 941 2414 eliam
971 2388 1101 2414 coram
1132 2389 1198 2414 suo
1217 2376 1360 2427 δἴναῗνσ
1380 2374 1592 2428 Aphobew.

82 2434 266 2473 Amare!
315 2430 673 2470 MARKLAND.
741 2430 904 2470 Scilicet
939 2432 1141 2482 κατηγόρει
1171 2431 1371 2482 Τιμάρχου
1404 2432 1594 2483 Αἰσχίνης

85 2490 146 2529 καὶ
178 2490 294 2539 ἔλεγε
324 2490 455 2526 ταῦτα.
522 2486 582 2525 At
613 2486 821 2526 enimvero
855 2486 1034 2526 fidenter
1069 2492 1238 2539 poterat
1269 2486 1500 2525 Aeschines
1527 2487 1593 2525 Ti-

84 2544 300 2584 marchum
345 2556 538 2582 accusare
584 2542 638 2581 ad
677 2542 851 2581 fratrem
897 2556 1015 2580 suum
1057 2542 1342 2594 Aphobetum,
1385 2541 1592 2581 hominem

84 2598 362 2640 castissimum
383 2603 510 2651 atque
532 2597 852 2644 sanctissimum,
871 2597 1105 2650 respiciens,
1160 2597 1234 2636 Est
1259 2611 1477 2650 peramara
1500 2598 1593 2637 sub-

86 2654 279 2696 sannatio
302 2655 493 2694 fratrum.
555 2653 671 2692 Tunc
695 2653 963 2692 Timarchum
988 2653 1171 2692 audebas
1197 2667 1394 2692 accusare
1426 2652 1592 2705 impuri-

85 2711 188 2752 tatis
209 2711 424 2750 immemor
444 2708 586 2749 fratris
608 2714 730 2748 tanta
751 2708 895 2748 famosi
919 2708 1173 2761 impuritate,
1192 2715 1236 2747 ut
1261 2722 1360 2762 prae
1379 2708 1592 2761 Aphoboti

85 2767 254 2821 flagitiis
277 2765 525 2805 Timarchea
546 2765 823 2804 evanescant?
865 2763 1059 2803 REIJSK.

142 2836 238 2876 433,
265 2833 328 2875 23.
350 2822 429 2861 ἄνω
450 2821 649 2873 ποταμῶν]
690 2820 959 2860 Paroemiaca
990 2819 1143 2859 locutio
1173 2819 1345 2859 Graecis
1377 2827 1590 2873 ururpata.

86 2884 131 2918 ut
169 2884 283 2932 puto,
313 2878 402 2931 jam
431 2881 529 2917 ante
555 2876 819 2930 Aeschylum,
844 2890 867 2915 a
894 2890 974 2929 quo
999 2876 1118 2929 vulgo
1150 2880 1356 2929 repetunt.
1408 2876 1459 2914 V.
1484 2876 1593 2916 Boisx

806 2946 874 2984 PP
