1914 3184
270 155 351 196 126
882 153 962 192 DE
996 151 1165 192 PACE.

326 264 392 315 63,
418 274 482 311 24.
507 259 841 314 ἀναγκαιοτάτων]
867 259 975 299 Nam
996 257 1181 311 navigiis,
1205 271 1312 310 quae
1333 256 1523 310 Byzantii
1544 256 1778 310 intercipie—

268 319 382 366 bant,
405 318 659 357 frumentum
680 331 702 355 e
721 316 859 355 Ponto
880 314 1164 353 invehebatur.
1228 312 1390 352 FRAN
1396 313 1451 352 K.

326 376 392 427 63,
413 387 476 427 25.
500 375 586 424 περὶ
607 376 672 422 τῆς
696 373 737 411 ἐν
760 375 936 421 Δελφοῖς
958 369 1084 422 σκιᾶς]
1107 369 1223 409 Oitat
1244 369 1282 407 h.
1306 369 1330 408 l.
1355 368 1608 422 Harpocrat-
1631 383 1671 408 v.
1691 370 1779 419 περὶ

268 434 330 480 τῆς
347 433 389 470 ἐν
400 433 576 480 Δελφοῖς
590 431 710 469 σκιᾶς.
737 426 980 466 scholiastes
998 425 1270 478 Aristophan.
1282 425 1407 478 Vesp.
1422 439 1460 463 v.
1475 437 1564 477 191.
1584 424 1777 465 REISK.

269 486 419 526 Sedem
443 485 483 524 in
503 483 859 537 Amphictyonum
879 496 1073 522 consessu
1096 482 1286 521 umbram
1307 480 1488 534 appellat
1511 485 1666 529 orator,
1690 495 1779 521 rem

267 541 533 582 contentione
555 555 637 579 non
659 539 838 594 dignam,
862 552 955 578 eum
975 538 1028 578 ab
1050 551 1098 577 eo
1119 537 1301 577 tenenda
1329 541 1451 585 esset,
1474 536 1543 590 qui
1569 537 1657 590 jam
1677 542 1778 577 ante

267 602 433 638 tantam
462 596 696 650 potentiam
727 598 973 635 consecutus
1003 593 1160 633 fuisset.
1222 592 1367 646 Atqui,
1395 593 1472 633 hac
1503 593 1651 632 umbra
1681 607 1776 633 eon-

267 668 394 700 cessa‚
418 656 630 692 veterator
655 651 721 691 ille
744 650 963 704 Philippus
989 649 1285 690 auctoritatem
1314 648 1469 689 viribus
1495 649 1649 689 addere
1679 649 1776 702 legi-

266 711 426 762 busque
439 713 481 748 et
495 708 673 748 decretis
688 707 888 747 scelerata
902 705 1072 746 consilia
1083 706 1281 759 adjuvare
1294 706 1501 759 sperabat.
1522 705 1591 745 SE
1598 704 1772 746 AGER.

268 765 384 805 Diar.
420 764 588 805 Classie.
616 776 684 817 52.
718 778 758 816 p.
789 764 882 816 236.
949 763 999 802 V.
1027 762 1188 802 Aneed.
1217 762 1349 802 Bekk.
1385 776 1424 815 p.
1454 774 1547 816 243.
1583 775 1614 801 s.
1647 760 1774 801 schol.

269 822 435 861 Platon.
456 835 495 874 p.
517 831 614 874 317.
638 820 769 860 Bekk.
830 818 1161 860 SOHAEFER.
