1934 3179
251 122 334 162 574
656 122 734 162 DE
769 122 963 162 FALSA
999 123 1352 163 LEGATIONE.

255 225 310 276 (ξ.
334 226 426 278 129)
452 225 613 280 though
637 226 942 268 Demosthenes
970 229 1141 268 chooses
1171 232 1216 267 to
1248 228 1400 267 extend
1430 227 1494 267 his
1526 228 1756 269 confession

251 285 296 319 to
317 280 389 320 the
411 286 497 321 rest
519 282 565 321 of
590 282 663 322 the
690 284 996 323 ambassadors.
1047 299 1243 346 προσηκεν
1266 285 1359 334 (not
1380 283 1618 335 προσηκει)
1609 299 1642 324 15
1663 299 1755 338 pro-

250 336 375 389 bably
397 338 498 376 used
519 342 564 377 to
587 338 741 391 qualify
762 339 834 378 the
857 339 1166 392 exaggeration.
1213 338 1523 378 SHILLETO.

307 405 402 444 431,
427 403 464 442 7.
490 392 676 446 ἀπάγειν]
712 394 822 432 Ad
804 394 971 443 απάγειν
992 394 1156 433 videtin
1184 394 1456 442 referendum,
1481 395 1622 447 quod'
1613 409 1655 434 m
1677 395 1755 435 Ba-

250 447 376 486 varici
408 447 594 501 margine
625 448 737 488 circa
768 449 874 488 hanc
905 449 1115 503 regionem
1146 449 1232 489 sine
1263 454 1378 496 nota,
1401 464 1481 502 quo
1512 450 1754 503 pertiner,et

250 501 308 541 sic
339 507 431 542 crat
462 508 705 542 exalatum:
741 506 987 555 ἐφηγεῖσθαι,
1021 505 1254 555 γράφεσθαι
1288 504 1521 552 δικάζεσθαι.
1558 506 1754 545 REISK.

253 557 568 598 Ind.G1aecit.:
602 559 660 598 ad
687 559 931 612 supplicizwn
962 574 1111 612 rapere.
1158 560 1210 599 V.
1233 560 1331 599 ibid.
1350 575 1385 600 v.
1412 561 1614 612 ἀπαγωγή.
1676 561 1755 601 Ba-

251 627 273 652 v
276 613 376 652 z¹11ici
409 613 607 652 scholium
640 614 739 666 quid
770 614 848 654 sibi
880 615 978 655 velit
1009 615 1161 654 docent
1186 615 1346 654 Anecd.
1370 615 1500 655 Bekk.
1530 631 1568 669 p.
1595 630 1691 666 414,
1717 617 1753 656 8.

251 668 366 708 Conf.
391 669 510 708 Orat.
534 684 567 708 c.
592 669 773 710 Androt.
796 685 835 723 p.
859 671 953 717 601
979 682 1043 710 20.
1088 671 1344 710 SCHAEF.

307 737 403 776 431,
438 725 474 763 8.
506 725 811 779 ὑμεῖς-ὅντες]
854 702 981 765 Plelie
1016 728 1124 775 ὑμεῖς
1157 728 1194 765 οἱ
1227 727 1490 776 μὲν-ὅντες.
1556 727 1608 765 V.
1640 726 1754 767 Bosii

250 779 396 832 Ellips.
419 795 458 832 p.
481 792 577 832 329.
602 794 632 819 5.
656 780 745 820 coll.
773 781 862 820 Ind.
886 782 940 821 ad
963 781 1139 821 Porsoni
1163 781 1327 822 Hecub.
1343 797 1382 835 p.
1397 795 1487 821 111.
1506 782 1546 821 b.
1569 782 1632 821 ed.
1655 787 1753 822 tert.

253 834 366 887 Lips.
410 836 666 874 SCHAEF.

306 903 401 942 431,
426 904 461 942 9.
487 892 645 930 ἐκείνων
670 895 742 931 τῶν
763 893 913 942 ἀνδρῶν
935 894 1060 945 ὄντες]
1099 892 1263 932 Scilicet
1284 895 1371 932 υἱοί.
1434 892 1529 932 Filii
1553 893 1622 946 qui
1654 894 1755 934 estis

250 945 411 984 illorum
433 946 495 984 vir
497 960 627 994 orum,
651 946 721 999 qui
744 947 998 1000 Epicratem,
1021 962 1046 987 a
1063 962 1144 1000 quo
1165 962 1187 987 e
1211 948 1361 988 Piraeo
1383 962 1454 987 rur
1457 962 1526 987 sus
1547 948 1588 987 in
1610 949 1755 988 urbem

250 1006 388 1040 essent
419 1001 596 1049 reducti,
627 1002 968 1042 condemnarunt.
1012 1003 1205 1042 REISK.
1269 1003 1415 1043 Malim
1449 1006 1488 1053 ἐξ
1515 1005 1685 1053 ἐκείνων,
1708 1010 1756 1043 ut

249 1071 288 1109 p.
310 1069 408 1107 441,
433 1069 497 1109 25.
531 1056 727 1096 Αο5011111.
750 1073 788 1110 p.
813 1059 878 1105 60,
900 1070 960 1106 ¹7·
1023 1058 1062 1095 V
1066 1059 1220 1112 ulgata,
1258 1059 1416 1111 opinor,
1445 1060 1644 1099 vertenda
1676 1064 1753 1107 est,

248 1113 317 1165 qui
342 1126 387 1151 ew
416 1126 543 1151 eorum
571 1126 731 1151 womero
755 1114 854 1152 estis.
890 1113 1061 1153 DOBR.
1124 1114 1202 1164 Qui
1233 1115 1334 1154 haec
1365 1115 1446 1154 alio
1477 1119 1664 1167 tempore
1693 1129 1755 1154 re-

248 1167 450 1207 tractavit
482 1174 505 1189 ‘¹
529 1168 611 1207 Sed
643 1168 862 1208 Demosth.
887 1184 925 1221 p.
952 1181 1066 1219 1224.
1096 1169 1186 1209 init.
1216 1171 1425 1212 Πασίωνος
1456 1170 1566 1210 εἶναι.
1622 1170 1682 1210 Of.
1713 1185 1752 1223 p.

254 1234 372 1275 1252,
403 1235 467 1263 20.
522 1223 574 1262 V.
600 1223 774 1263 Porson.
800 1224 855 1263 ad
882 1224 1037 1264 Athen.
1060 1238 1123 1264 10.
1150 1240 1188 1278 p.
1211 1238 1295 1275 424
1318 1227 1367 1264 F.
1401 1226 1618 1278 Aristoph.
1647 1225 1752 1265 Rau.

247 1291 344 1331 534.
376 1289 473 1331 590.
504 1280 640 1331 (582.)
663 1278 884 1329 Ἀλκμήνης
926 1280 1020 1328 ἔσει,
1058 1280 1136 1319 11151
1177 1280 1395 1334 legendum
1433 1281 1641 1330 ἁλκμήνης.
1675 1282 1753 1320 Αν.

252 1335 376 1384 704.’'

304 1403 400 1443 431,
422 1403 483 1428 10.
506 1390 574 1429 τὸν
595 1392 667 1437 μὲν
689 1391 912 1443 εὐεργέτην]
949 1391 1190 1443 Respondet
1211 1391 1278 1431 τὸν
1301 1393 1342 1431 δὲ
1357 1390 1593 1441 Ἀτρομήτου
1614 1406 1649 1431 v.
1670 1404 1734 1441 24.

307 1446 369 1484 καὶ
391 1445 484 1499 τῶν]
520 1445 588 1484 Ad
611 1446 823 1499 vulgatam
855 1446 1104 1499 scripturam
1133 1448 1192 1486 καὶ
1218 1447 1285 1486 τὸν
1307 1446 1551 1486 Schaeferus
1582 1452 1755 1487 annota—

249 1499 320 1539 vit.
365 1500 589 1539 “Subaudi
623 1503 894 1552 καταγαγόντα
926 1503 993 1540 τὸν
1018 1505 1149 1551 δημον.
1203 1502 1256 1541 V.
1279 1517 1318 1555 p.
1340 1514 1435 1554 430,
1458 1504 1495 1541 6.
1558 1502 1755 1555 Elliptiea

249 1555 414 1603 locutio,
438 1556 509 1594 sed
532 1570 644 1601 usus,
667 1560 714 1595 ut
745 1557 958 1609 probabile
979 1561 1057 1604 est,
1081 1562 1169 1596 tam
1189 1556 1430 1610 frequentis,
1454 1562 1500 1597 ut
1522 1557 1609 1610 ejus
1632 1558 1754 1611 signi-

248 1610 391 1650 ficatio
412 1611 616 1650 neminem
638 1612 754 1664 inger
757 1612 836 1651 ct?7

312 1680 408 1719 431,
440 1680 500 1705 11.
532 1669 600 1705 τοῦ
625 1670 826 1716 δημοτικοῦ
853 1669 919 1705 τοῦ
947 1667 1022 1706 ἀπὸ
1052 1669 1184 1716 Φυλης
1215 1669 1501 1718 καταγαγόντος
1521 1667 1589 1707 τὸν
1610 1669 1748 1721 δῆμον]

251 1721 394 1761 Delevi
425 1726 650 1774 praeeunte
682 1722 878 1761 Dobraeo
911 1723 971 1761 καὶ
1002 1727 1098 1775 post
1131 1726 1333 1771 δημοτικοῦ
1365 1723 1405 1761 111
1439 1722 1554 1762 libris
1589 1723 1753 1771 lectum,

251 1790 333 1815 non
356 1777 465 1829 quod
491 1776 727 1830 ignorarem
750 1791 855 1829 quae
885 1777 925 1816 in
957 1777 1230 1817 annotatione
1250 1777 1303 1817 ad
1325 1792 1364 1830 p.
1387 1779 1481 1828 664,
1503 1791 1542 1826 4.
1565 1779 1756 1832 exposita

250 1837 362 1880 sunt,
386 1832 458 1871 sed
479 1833 590 1885 quod
611 1832 859 1885 particulam
879 1832 1014 1871 minus
1033 1837 1179 1886 aptam
1203 1832 1437 1885 judicarem
1458 1833 1552 1872 huic
1573 1834 1663 1874 loco
1684 1835 1755 1873 ubi

250 1888 377 1927 verba
410 1891 477 1927 τοῦ
507 1888 582 1927 ἀπὸ
613 1890 745 1937 Φυλῆς
777 1890 1066 1939 καταγαγόντος
1096 1889 1164 1927 τὸν
1195 1891 1314 1937 δῆμον
1344 1888 1550 1928 rationem
1574 1890 1756 1929 reddunt

251 1943 538 1996 praecedentis
560 1942 733 1996 epitheti
756 1948 823 1982 τοῦ
845 1946 1059 1993 δημοτικοῦ.
1121 1944 1255 1996 Saepe
1276 1948 1417 1983 autem
1439 1944 1496 1984 sic
1524 1959 1550 1984 a
1575 1944 1755 1984 librariis

250 2003 465 2051 peccatum
501 2003 566 2038 est
601 1999 793 2038 addenda
830 2000 891 2038 καὶ
921 1998 1138 2051 particula,
1162 1999 1272 2038 velut
1299 2014 1337 2051 p.
1365 2012 1460 2052 940,
1486 2012 1550 2039 20.
1582 2001 1756 2051 ἀδελφὸς

252 2055 312 2093 καὶ
344 2055 582 2104 κληρονόμος
613 2054 699 2095 ἑνὸς
723 2058 798 2093 τῶν
821 2055 999 2104 ἐμπόρων
1020 2058 1087 2093 τοῦ
1117 2056 1314 2103 λαβόντος
1334 2054 1422 2105 παρ’
1437 2055 1543 2104 ἡμῶν
1563 2057 1610 2094 τὰ
1641 2057 1755 2104 ἐμπο-

249 2111 336 2159 ρικὰ
372 2110 561 2161 χρήματα,
597 2109 665 2148 ubi
703 2110 764 2148 καὶ
798 2114 897 2149 ante
933 2112 999 2148 τοῦ
1032 2109 1152 2162 vulgo
1192 2109 1344 2149 lectum
1380 2110 1480 2161 ejeci
1512 2110 1755 2149 auctoribus

306 2232 403 2272 431,
425 2230 484 2272 15.
508 2220 577 2258 τὸν
594 2219 660 2270 ἀφ’
676 2219 881 2270 “Αρμοὸιόυ
900 2219 1323 2273 καὶἈριστογείτονος]
1347 2222 1407 2260 καὶ
1420 2219 1756 2271 Ἀριστογείτονος

250 2275 453 2314 omittunt
488 2274 648 2327 aliquot
681 2274 790 2321 libri,
828 2275 877 2314 de
909 2290 989 2327 quo
1024 2275 1179 2314 dictum
1215 2275 1256 2313 in
1289 2275 1563 2315 annotatione
1598 2275 1754 2316 critica.

251 2336 275 2352 “
293 2330 382 2368 Τ110
421 2343 562 2369 names
598 2330 643 2368 of
677 2329 795 2368 these
830 2330 1042 2369 miscalled
1083 2329 1262 2383 patriots
1297 2331 1380 2369 and
1412 2331 1626 2370 worthless
1661 2345 1755 2370 men

250 2399 354 2425 were
377 2399 422 2424 so
443 2384 676 2437 intimately
696 2384 931 2424 associated
963 2385 1004 2423 in
1035 2385 1107 2424 the
1137 2385 1272 2424 minds
1304 2386 1350 2424 of
1374 2400 1427 2425 an
1450 2386 1661 2425 Athenian
1683 2400 1754 2425 au-

250 2441 403 2486 dience,
436 2440 532 2479 that
567 2440 665 2492 they
696 2440 817 2478 could
854 2440 1003 2492 hardly
1038 2440 1089 2479 be
1130 2440 1340 2479 disunited
1376 2455 1475 2480 even
1517 2441 1557 2479 in
1593 2441 1694 2480 such
1730 2456 1755 2480 a

250 2510 426 2549 passage
459 2510 506 2534 as
543 2495 614 2534 the
649 2500 830 2547 present.
893 2495 1002 2547 (The
1037 2495 1184 2535 reader
1215 2495 1294 2534 will
1330 2496 1532 2549 probably
1562 2496 1754 2536 recollect

249 2551 345 2591 that
373 2551 445 2590 the
477 2550 631 2590 heiress
662 2550 708 2589 of
735 2565 759 2589 a
792 2555 965 2603 partner
991 2551 1030 2589 in
1064 2565 1088 2590 a
1118 2551 1244 2590 noted
1275 2551 1367 2589 firm
1399 2551 1580 2604 rejoiced
1610 2551 1651 2590 in
1682 2551 1754 2590 the

250 2620 370 2646 name
392 2606 497 2644 Miss
517 2608 570 2644 A.
593 2606 678 2645 ancl
699 2606 748 2645 B.
755 2608 770 2656 )
822 2606 898 2645 See
922 2606 1118 2659 Leptines
1138 2606 1304 2659 passim.
1367 2606 1624 2658 (Dinarchus
1646 2606 1753 2645 how-

250 2676 345 2701 evei
369 2676 402 2700 0.
426 2661 643 2700 Demosth.
666 2676 705 2713 p.
730 2662 795 2713 98.
821 2663 881 2701 St.
893 2663 996 2711 :46
1020 2661 1070 2699 R.
1095 2661 1206 2711 ἐὸεθη
1227 2666 1303 2701 τῶν
1322 2661 1388 2711 ἀφ’
1405 2661 1611 2712 Αρμοὸίου
1642 2678 1755 2712 γεγο-

250 2719 372 2756 νότων
394 2718 446 2757 εἷς
469 2718 564 2755 κατὰ
586 2716 629 2754 τὸ
652 2716 726 2755 σὸν
747 2718 991 2767 πρόσταγμα,
1015 2716 1146 2755 which
1168 2731 1343 2770 passage
1373 2716 1407 2756 is
1432 2717 1612 2756 referred
1633 2722 1678 2756 to
1700 2717 1753 2768 by

250 2772 322 2811 the
344 2771 498 2810 Zurich
530 2771 698 2810 editors
706 2773 721 2819 )
783 2771 1025 2825 According
1049 2776 1094 2811 to
1118 2771 1285 2824 Ulpian,
1309 2772 1393 2812 this
1416 2787 1497 2812 was
1522 2772 1751 2819 Proxenus,

249 2827 320 2865 the
357 2826 531 2866 admiral
566 2826 735 2879 already
770 2827 1006 2867 mentioned
1040 2828 1077 2876 ξ.
1106 2830 1173 2878 56.
1206 2829 1241 2880 ξ.
1268 2829 1334 2880 58.
1397 2828 1474 2868 See
1506 2827 1752 2866 Boehnecke

251 2881 586 2930 1.),1111(·511011.1·01.
613 2895 641 2920 1.
668 2897 705 2934 p.
729 2884 822 2933 654.
866 2881 1172 2921 SHILLETO.
