1950 3210
539 149 612 189 ΗΕ
647 149 723 189 FA
736 149 838 189 LSA
879 149 1237 190 LEGATIONE.
1563 153 1647 193 527

125 255 323 307 προσθήκη
355 257 563 306 πεποίηκεν
595 256 781 307 ἔγκλημα,
805 257 863 295 ὅτι
893 258 991 305 μετὰ
1018 255 1186 295 Φωκέων
1217 255 1368 295 ἅλωσιν
1397 261 1643 297 συνειστιᾶτο

125 315 176 366 τῷ
199 315 318 351 ταῦτα
340 312 557 361 ποιήσαντι.
592 313 674 364 ἔχει
696 314 736 351 δὲ
760 314 822 351 καὶ
843 312 910 351 τὸν
931 313 1075 362 τρόπον
1095 313 1139 362 (f.
1162 311 1279 350 (locst
1290 320 1321 339 Π]
1345 313 1564 364 ἐγκαλεῖν),
1586 314 1644 353 ὅτι

127 369 186 407 καὶ
209 369 425 420 συνηύχετο
448 369 508 407 καὶ
531 370 804 415 συνεπαιώνιζε
827 369 1024 421 Φιλίππῳ.
1080 367 1274 407 RlsslSK.

181 426 276 477 ,380³
303 437 369 465 22.
401 424 541 477 Jnnge
565 426 692 463 ἐλθὼν
715 427 767 465 εἰς
788 427 834 463 τὰ
857 426 1036 464 ἐπινίκια.
1100 423 1356 464 SGIIAEF.

180 482 275 533 380,
302 481 365 518 26.
408 480 563 533 ηὔχετο]
606 482 821 532 συνηύχετο
856 480 1099 520 scholiastes
1137 479 1420 534 Hermogenis
1456 480 1479 519 l.
1516 496 1550 520 c.
1589 482 1642 521 ad

126 551 161 575 v.
189 549 252 576 22.
315 535 566 575 SGHAEF.

182 592 276 645 380,
303 604 368 642 27.
402 592 462 631 καὶ
483 593 715 642 φιλοτησίας
743 593 945 646 προῦπινε]
980 592 1227 632 Athenaeus
1258 606 1319 631 11.
1344 608 1382 646 p.
1404 606 1485 646 502
1516 594 1559 633 Β.
1583 594 1642 634 sic

125 648 281 701 scripta
302 647 404 687 citat
423 663 430 685 τ
465 648 526 686 καὶ
548 649 787 698 φιλοτησίαν
808 650 1031 698 προῦπινεν.
1067 648 1264 689 SCIIAE
1274 649 1321 688 F.

181 705 279 757 381,
310 717 338 743 1.
362 707 441 745 τοῖς
463 708 605 745 κοινοῖς
626 708 706 745 τοῖς
726 704 921 755 ὑμετέροις
944 705 1186 756 γράμμασιν]
1216 704 1443 757 Sophocles
1466 706 1568 745 Oed.
1594 705 1642 745 Τ.

131 762 249 810 1481.
282 761 349 801 τὰς
370 761 546 810 ἀδελφὰς
567 759 685 799 τάσδε
709 762 776 801 τὰς
799 762 892 810 ἐμὰς
913 761 1043 812 χέρας.
1106 760 1360 800 SCllAEF.

182 818 276 869 381,
304 828 339 855 2.
373 817 414 855 ἐν
434 817 484 869 τῷ
505 814 680 869 μητρῴῳ]
717 816 803 855 Ubi
827 816 997 856 tabulae
1019 816 1210 869 publicae
1232 818 1519 857 servabantur.

182 874 202 911 ὁ
225 871 428 925 δημόσιος]
462 872 502 911 S.
525 872 673 921 οἰκέτης
693 871 715 921 ἢ
738 875 887 914 δοῦλος.
926 872 1113 911 WOIAE.
1176 873 1305 912 Recte
1329 887 1427 913 Sanc
1450 873 1641 914 W⁷‹)lfius.

125 928 274 978 οἰκέτης
294 927 633 981 subintelligitur,
657 942 732 981 pro
755 943 836 982 quo
864 928 1048 968 scholion
1073 928 1243 981 Ulpiani
1274 944 1491 982 perperam
1515 930 1642 971 habet

125 984 239 1026 οἶκος.
288 984 341 1024 V.
360 984 533 1024 Dorvill.
551 984 605 1024 ad
629 984 845 1024 Chariton.
868 1000 907 1038 p.
934 997 1025 1037 292.
1053 987 1108 1039 (p.
1132 987 1226 1037 376.
1247 986 1309 1025 ed.
1332 985 1459 1039 Lips.)
1497 986 1570 1025 TA
1584 987 1643 1025 Y-

127 1040 254 1080 LOR.
315 1041 471 1081 Orator
498 1040 661 1080 addidit
689 1040 750 1091 ἐφ’
774 1041 1076 1096 οἶς-τέτακται,
1101 1056 1182 1095 quo
1212 1041 1346 1081 minus
1374 1041 1643 1083 dubitaretur

126 1096 379 1137 Aeschinem
411 1096 661 1151 legationem
698 1111 792 1136 vere
829 1098 1040 1151 ejurasse:
1089 1097 1241 1151 quippe
1278 1098 1412 1151 major
1443 1104 1507 1138 est
1539 1099 1642 1139 fides

125 1153 375 1201 tabularum,
399 1168 502 1206 quas
525 1152 711 1207 publicus
733 1153 917 1193 cust0‹IIt
939 1154 1183 1194 tabularius.
1249 1154 1498 1194 sCl-lAEF.

183 1210 278 1262 ι381,
301 1223 339 1262 3.
372 1208 582 1261 ψήφισμα]
617 1209 718 1248 This
750 1210 948 1250 recorded
980 1210 1052 1250 the
1078 1210 1165 1250 fact
1187 1210 1283 1250 that
1306 1210 1536 1250 Aeschines
1560 1226 1641 1251 was

126 1265 275 1305 unable
306 1271 350 1305 to
381 1280 433 1319 go
465 1280 517 1305 011
549 1266 621 1305 the
647 1266 851 1319 embassy,
874 1267 957 1306 and
985 1267 1057 1307 the
1086 1267 1360 1307 substitution
1383 1268 1429 1307 of
1456 1267 1518 1307 his
1547 1267 1641 1306 bro-

125 1322 254 1362 ther's
278 1336 411 1362 name.
469 1321 697 1361 Aeschines
719 1322 894 1376 charges
916 1323 1221 1363 Demosthenes
1243 1323 1344 1362 with
1366 1323 1521 1377 having
1542 1324 1641 1363 read

125 1378 219 1432 only
249 1383 346 1432 part
378 1379 424 1418 of
446 1378 531 1417 this
559 1377 769 1431 psephism
790 1393 829 1431 p.
854 1392 920 1426 40·
946 1379 1153 1431 St.=270
1176 1379 1225 1418 R.
1260 1381 1320 1419 καὶ
1350 1380 1575 1431 ψήφισμα
1597 1381 1641 1419 τὸ

124 1436 198 1484 μὲν
219 1435 404 1485 ἀνέγνως,
427 1435 469 1473 τὸ
492 1436 532 1474 δὲ
553 1434 756 1485 ὑπερέβης.
782 1434 1095 1475 SHILLETO.
1137 1435 1190 1475 V.
1210 1435 1443 1475 Boehneck.
1469 1436 1641 1486 Quaest.

126 1490 203 1530 vol.
232 1504 261 1530 ι.
285 1505 323 1544 p.
346 1504 443 1540 411.

181 1547 372 1600 ἄντικρυς]
412 1548 469 1585 H.
492 1546 516 1585 l.
551 1546 759 1601 significat
795 1546 1018 1601 sigillatim,
1052 1547 1320 1600 peculiariter
1356 1547 1433 1587 hoc
1470 1562 1552 1587 uno
1591 1549 1641 1588 de

125 1602 260 1650 titulo,
295 1602 452 1642 scilicet
486 1602 742 1656 ejurationis,
780 1603 831 1643 de
867 1602 1166 1657 probabilitate
1201 1603 1495 1657 ejurationum,
1535 1619 1642 1658 quac

125 1658 208 1699 sint
238 1658 458 1713 legitimae,
487 1673 592 1712 quae
623 1659 923 1712 reprobandae,
952 1664 995 1699 et
1022 1660 1073 1699 de
1101 1660 1245 1713 poenis
1271 1659 1312 1699 in
1339 1660 1641 1714 delinquentes.

125 1715 187 1755 Et-
208 1715 286 1754 hoc
308 1715 569 1768 plebiscitum
591 1730 734 1754 rursus
756 1730 876 1755 versu
901 1718 940 1755 8.
965 1715 1221 1770 designatur.
1273 1716 1468 1756 REISK.
1533 1717 1642 1757 Mul-

123 1776 214 1812 tum
249 1771 418 1811 fallitur.
481 1771 736 1826 Intelligitur
771 1771 1010 1825 psephisma
1041 1772 1091 1811 de
1124 1772 1344 1811 Aeschinis
1377 1772 1543 1812 nomine
1574 1773 1642 1813 de—

123 1827 246 1867 lendo
275 1827 316 1866 in
349 1827 540 1880 catalogo
571 1827 805 1881 legatorum
835 1827 1044 1881 legatique
1074 1842 1246 1867 munere
1277 1828 1568 1868 transferendo
1600 1829 1642 1869 in

124 1883 231 1922 illius
252 1883 437 1922 fratrem.
467 1883 520 1922 V.
536 1898 573 1936 p.
590 1895 686 1937 379,
709 1894 770 1936 17.
813 1883 943 1924 Recte
965 1883 1170 1924 intellexit
1186 1883 1378 1923 Wolfius.
1412 1884 1455 1922 V.
1476 1890 1562 1924 not.
1580 1900 1640 1939 sq.

127 1939 380 1980 SCHAEF.

181 1995 268 2046 περὶ
288 1996 422 2035 τούτου
444 1999 511 2034 τοῦ
533 1996 740 2049 ὀνόματος]
768 1995 808 2035 S.
832 1998 900 2034 τοῦ
921 1997 1113 2048 Αἰσχίνου
1141 1997 1404 2046 ἐξομόσαντος
1430 1996 1500 2046 τὴν
1521 2013 1641 2048 πρεσ-

123 2053 255 2101 βείαν.
319 2051 509 2091 WOLF.

181 2109 277 2161 381,
301 2108 336 2146 8.
370 2110 417 2147 τὰ
438 2107 659 2161 γράμματα]
696 2107 888 2161 Intellige
919 2107 1209 2161 protocollum‚
1234 2123 1316 2162 quo
1348 2122 1413 2148 res
1444 2115 1642 2150 enarrata

124 2168 200 2211 est,
229 2163 387 2204 scilicet
416 2163 668 2203 Aeschinem
700 2168 874 2217 propter
907 2164 1098 2203 morbum
1130 2164 1383 2218 legationem
1411 2164 1527 2204 obire
1558 2180 1641 2205 non

123 2219 309 2273 potuisse
342 2226 385 2260 et
421 2220 597 2260 fratrem
634 2220 838 2273 hujusque
872 2220 1001 2259 filium
1038 2228 1080 2260 et
1116 2220 1324 2260 medicum
1359 2221 1413 2261 ad
1450 2228 1641 2261 senatum

123 2275 298 2325 misisse,
335 2276 405 2329 qui
446 2276 524 2316 hoc
565 2275 811 2316 indicarent.
866 2275 1209 2318 BOEHNECK.
1288 2277 1458 2328 Quaest.
1493 2277 1569 2318 vol.
1610 2291 1640 2317 1.

157 2364 164 2372 .
187 2345 284 2383 411.

124 2347 150 2386 p
179 2389 276 2441 381,
309 2401 367 2428 ιι.
400 2388 721 2442 κράτος-νίκην]
757 2388 899 2429 Altius
920 2402 1094 2443 surgens
1115 2389 1265 2439 oratio,
1288 2394 1336 2430 ut
1358 2390 1463 2430 solet
1486 2404 1576 2430 esse
1598 2389 1640 2429 in

123 2443 311 2484 formulis
333 2458 513 2498 precum.
575 2445 826 2485 SCHAEF.

181 2501 277 2553 381,
309 2513 366 2551 ¹7·
400 2500 561 2553 τούτων]
595 2502 675 2541 Est
696 2501 884 2541 neutrius
904 2502 1080 2554 generis.
1143 2501 1391 2541 SGHAEF.

181 2557 278 2609 381,
304 2569 367 2595 21.
400 2557 496 2606 ὑπὲρ
517 2557 677 2610 τούτων]
699 2561 775 2596 τῶν
802 2560 871 2596 νῦν
898 2556 1171 2608 γεγενημένων
1194 2558 1236 2596 ἐν
1257 2559 1437 2596 Φωκεῦσι
1457 2555 1479 2606 ἢ
1501 2558 1639 2596 Φιλίπ-

124 2629 198 2651 που
221 2613 283 2651 καὶ
305 2612 509 2661 Θηβαίων.
544 2611 738 2651 WOLF.
802 2611 986 2651 Dubium
1011 2619 1076 2652 est
1103 2613 1156 2652 ad
1178 2626 1281 2665 quos
1302 2612 1520 2660 referatur,
1540 2612 1639 2651 Phi-

124 2667 334 2721 lippumne
356 2672 398 2706 et
418 2666 652 2714 Thebanos,
667 2681 746 2718 pro
767 2667 841 2715 his,
858 2682 912 2707 an
933 2668 988 2706 ad
1003 2667 1297 2716 Athenienses,
1313 2668 1452 2707 horum
1474 2668 1638 2708 nomine.

125 2723 320 2763 REISK.
372 2722 587 2762 Posterius
609 2722 762 2762 malim.
799 2722 1050 2764 SOHAEF.
1116 2724 1199 2763 Hic
1222 2738 1385 2777 quoque
1406 2724 1551 2763 τούτων
1571 2738 1640 2777 ge-

125 2779 235 2818 neris
265 2779 454 2819 neutrius
476 2792 565 2818 esse
587 2784 698 2819 recte
725 2783 865 2818 monet
890 2778 1078 2826 Shilleto,
1102 2779 1171 2833 qui
1194 2779 1318 2820 vertit
1341 2779 1521 2833 toachz’ny
1541 2779 1641 2820 these

126 2841 297 2875 matters.

653 2972 679 2988 m
707 2965 779 2995 Non
797 2965 891 2995 deest*
930 2963 1117 2994 SCHAEF.
