1950 3210
547 131 624 170 DE
661 131 730 170 ΓΑ
745 131 846 170 LsA
887 131 1244 171 'LEGAT1‹)N1·3.
1564 138 1646 174 5813

136 239 172 275 et
193 234 380 288 diripere.
443 234 520 273 Usi
548 240 645 274 sunt
677 234 716 273 in
740 235 825 274 'hoc
854 249 975 274 sensu
1001 235 1132 274 LXX
1162 236 1584 289 intcrp1·ct‹*s,Exo‹l
1606 253 1644 291 3

140 303 205 331 22.
231 307 291 330 και
314 290 532 339 ἐπιθησετε,
559 293 618 330 καὶ
640 290 906 330 συσκευάσετε
934 292 1022 332 τοὺς
1049 293 1290 341 Αἰγυπτίους.
1357 293 1390 331 1
1399 293 1437 331 bi
1466 294 1533 332 ι1111
1558 312 1646 334 σκυ-

135 348 306 386 λεύσατε
327 360 377 385 ex
398 347 660 399 glossemate.
711 346 869 386 Verum
892 347 959 387 ill-i
981 347 1094 400 prior
1113 351 1179 386 τοῦ
1201 348 1509 396 συσκευάζεσθαι
1532 351 1646 390 notio

136 401 274 455 potius
297 407 360 441 est
384 402 717 447 Demostheniffl
736 408 783 443 ut
806 403 844 442 in
870 403 960 443 init.
980 404 1007 440 (
1005 403 1537 453 11οτεοιιοείῐιιηιοῑείμει
1558 407 1647 455 ἡσυ-

136 459 230 510 χίαν
254 459 483 500 Φίλιππος’
471 475 709 509 (ιγει--μητε
737 459 1011 506 συσκευάζεται
1039 476 1186 501 παιτας
1215 477 1262 499 αι
1266 461 1439 510 θρωπους
1462 461 1524 510 εφ
1541 463 1646 510 ὑμᾶς.

137 513 263 553 TAY
271 513 398 552 LOR.
460 514 713 561 Uonvasare,
737 515 1007 567 compilare,
998 530 1037 554 111
1070 515 1296 555 mnntimun
1329 516 1532 563 imorvim
1557 524 1647 557 tan-

137 583 263 623 quam
289 569 401 609 fures
428 570 560 610 solent
585 571 698 610 furta
733 571 885 623 raptim
916 572 1080 611 auferre
1107 572 1364 612 lirzstinnutos.
1430 573 1649 613 Sententia

136 631 225 665 est:
259 625 340 665 alia
363 625 636 679 Peloponnesi
660 626 813 680 oppida
845 642 895 667 cx
924 627 1015 667 aliis
1046 627 1122 667 sibi
1153 628 1360 667 ‹loviiwire
1386 633 1428 668 ct
1455 629 1494 667 in
1526 630 1648 668 servi-

136 685 272 721 tutem
295 683 550 735 pertrahere.
584 683 776 722 RlssIsK.
839 684 954 723 Conf.
978 699 1015 736 p.
1039 687 1134 737 358,
1157 697 1217 734 ¹4-

193 739 289 791 438,
314 750 372 790 15.
394 739 480 780 τοὺς
509 739 677 789 μακροὺς
702 740 763 778 καὶ
791 740 931 781 καλοὺς
952 738 1113 792 λόγους]
1151 740 1233 779 Alii
1266 739 1358 779 libri
1390 741 1476 782 τοὺς
1509 742 1649 783 καλοὺς

137 794 199 833 καὶ
219 794 387 845 μακροὺς
407 796 562 846 λόγους,
586 809 667 847 quo
690 795 834 835 ordine
855 795 947 835 libri
971 796 1115 849 optimi
1139 811 1176 849 p.
1200 810 1296 849 344,
1322 808 1378 835 12.

192 851 289 903 438,
312 851 370 889 16.
389 850 431 889 τὸ
450 851 669 890 Μιλτιάδου
691 852 752 890 καὶ
770 852 1102 905 Θεμιστοκλέους]
1141 852 1333 905 Ulpium:
1371 854 1559 892 ἐπιόντων
1573 857 1647 892 τῶν

137 905 298 955 Μήδων,
325 907 489 959 ἐξαρχῆς
521 908 582 946 καὶ
613 909 632 946 ὁ
661 908 876 957 Μιλτιάδης
907 911 1065 959 δραμεῖν
1097 908 1205 950 εὐθὺς
1235 909 1296 948 ἐπὶ
1327 908 1394 948 τὸν
1422 912 1648 958 Μαραθῶνα

137 963 365 1014 ἐψηφίσατο
403 964 464 1003 καὶ
503 964 554 1013 μὴ
590 963 801 1013 ἀναμένειν
838 964 908 1005 ἕως
949 968 1201 1015 συλλεγῶσιν
1236 966 1272 1003 οἱ
1308 965 1647 1016 συμμαχήσαντες.

135 1018 194 1058 διὸ
226 1020 287 1059 καὶ
319 1020 493 1069 νενίκηκε
523 1021 654 1069 μόνος.
699 1021 719 1058 ὁ
742 1021 782 1059 δὲ
806 1023 1079 1069 Θεμιστοκλῆς
1111 1022 1204 1059 κατὰ
1237 1023 1308 1071 γῆν
1330 1022 1456 1071 ἄπορα
1483 1020 1649 1069 βλέπων

135 1076 183 1113 τὰ
211 1074 418 1126 πράγματα
444 1077 739 1125 συνεβούλευσε
764 1077 837 1126 μὲν
858 1077 1017 1126 ἀφεῖναι
1042 1076 1112 1125 τὴν
1133 1078 1264 1122 πόλιν,
1294 1079 1346 1118 εἰς
1368 1080 1574 1127 Σαλαμῖνα
1606 1078 1647 1116 δὲ

134 1133 437 1180 μετοικισθῆναι.

192 1187 291 1239 438,
312 1199 372 1238 17.
395 1187 514 1227 τὸν...
530 1219 537 1226 .
553 1189 684 1241 ὅρκον]
727 1188 900 1241 Lycurg.
924 1201 958 1226 c.
984 1187 1174 1227 Leocrat.
1198 1203 1237 1241 p.
1259 1200 1348 1241 157.
1372 1188 1484 1228 St:
1500 1190 1575 1239 189
1598 1188 1646 1227 R.

134 1243 225 1292 ὑμῖν
246 1242 319 1293 γάρ
343 1245 450 1282 ἐστιν
470 1244 593 1293 ὅρκος,
621 1244 665 1283 ὃν
687 1245 875 1294 ὀμνύουσι
905 1242 1046 1285 πάντες
1077 1245 1113 1283 οἱ
1143 1248 1311 1287 πολῖται,
1340 1246 1496 1284 ἐπειδᾶν
1521 1246 1574 1285 εἰς
1605 1244 1648 1282 τὸ

135 1299 387 1350 ληξιαρχικὸν
412 1304 676 1350 γραμματεῖον
709 1302 938 1351 ἐγγραφῶσι
972 1300 1031 1338 καὶ
1064 1300 1209 1350 ἔφηβοι
1246 1300 1448 1351 γένωνται,
1476 1300 1570 1350 μήτε
1601 1302 1649 1339 τὰ

136 1356 220 1406 ἱερὰ
241 1355 347 1394 ὅπλα
369 1360 644 1407 καταισχυνεῖν
664 1355 758 1406 μήτε
780 1355 849 1405 τὴν
871 1355 978 1405 τάξιν
995 1356 1166 1401 λείψειν,
1187 1357 1345 1405 ἀμυνεῖν
1368 1358 1407 1396 δὲ
1430 1356 1474 1410 τῇ
1497 1358 1648 1406 πατρίδι

136 1412 198 1450 καὶ
219 1412 362 1460 ἀμείνω
383 1413 642 1461 παραδώσειν.
707 1411 795 1451 The
817 1411 918 1451 oath
940 1411 973 1450 is
995 1411 1122 1450 found
1145 1411 1185 1450 in
1210 1411 1358 1450 Pollux
1381 1414 1417 1459 8,
1446 1425 1532 1464 105,
1556 1413 1645 1452 106.

136 1466 214 1506 See
237 1466 415 1515 Clinton,
442 1467 490 1506 F.
515 1467 571 1506 H.
590 1468 666 1508 vol.
694 1481 729 1507 2.
754 1483 793 1521 p.
815 1480 910 1521 352.
955 1467 1265 1507 SHILLETO.

191 1523 370 1575 438,19,
395 1525 559 1575 ἐρυθρὰν
581 1523 798 1578 θάλατταν]
834 1523 1105 1577 Significatur
1125 1528 1241 1563 terra
1270 1524 1450 1563 maxime
1473 1529 1648 1571 remota,

134 1582 283 1632 estque
304 1579 463 1619 dictum
483 1581 765 1630 ὑπερβολικῶς.
809 1579 919 1620 SCH
926 1579 1063 1618 A.EF

190 1636 286 1688 44³3ss
313 1647 378 1689 23.
407 1637 426 1674 ὁ
456 1637 496 1674 δὲ
523 1637 754 1686 πρεσβεύων
776 1653 808 1675 κ.
826 1652 860 1675 τ.
877 1635 934 1706 λ]
974 1634 1086 1674 Hinc
1110 1635 1326 1675 Philemon
1351 1650 1389 1688 p.
1413 1648 1481 1690 32.
1503 1635 1649 1676 citavit

134 1690 260 1730 haec:
294 1693 314 1730 ὁ
337 1693 378 1731 δὲ
406 1693 639 1741 πρεσβεύων
660 1693 850 1744 Αἷσχινης
871 1696 981 1733 οὑτος
1004 1692 1132 1730 ἐλθὼν
1151 1695 1229 1732 πῶς
1256 1708 1329 1740 μεν
1351 1708 1412 1730 και
1437 1692 1532 1731 ἅττα
1552 1693 1647 1731 ποτὲ

134 1746 331 1800 διελέχθη.
394 1747 554 1787 Eadem
576 1747 761 1788 citarunt
782 1747 938 1787 scholia
960 1747 1176 1800 Platon.p
1182 1759 1234 1799 3
1239 1760 1279 1800 5
1304 1747 1472 1786 Ruhnk.
1490 1762 1530 1800 p.
1549 1759 1646 1800 371.

134 1801 267 1842 Bekk.
297 1803 387 1856 (qui
420 1803 538 1842 dedit
568 1805 735 1855 οὑτοσί).
774 1802 1026 1843 SCHAEF.
1089 1762 1176 1842 Dep
1184 1802 1407 1842 Aeschinis
1440 1803 1647 1857 legatione

134 1872 171 1898 v.
196 1859 233 1910 ξ.
253 1872 316 1899 10.
360 1858 672 1899 SHILLETO.

191 1915 289 1968 438,
321 1927 385 1964 27.
417 1914 642 1967 βάρβαρον]
677 1914 790 1954 That
820 1913 958 1967 Philip
985 1929 1069 1954 was
1100 1918 1175 1954 not
1205 1929 1231 1954 a
1262 1913 1493 1963 barbarian,
1526 1928 1574 1953 01·
1604 1914 1646 1953 in

134 1970 256 2010 other
276 1971 410 2010 words
432 1985 515 2010 was
535 1985 560 2010 a
574 1970 745 2020 ”Ελλην,
768 1970 802 2009 is
824 1970 934 2010 clear
954 1970 1060 2010 from
1083 1970 1291 2010 Herodot.
1311 1983 1351 2023 5,
1378 1982 1442 2011 22.
1496 1970 1646 2009 Demo-

134 2026 303 2066 sthenes
335 2026 573 2080 constantly
597 2026 709 2080 gives
740 2025 826 2065 him
858 2026 943 2066 this
973 2040 1118 2065 name:
1151 2026 1228 2066 but
1257 2026 1309 2065 he
1332 2032 1490 2079 “every
1512 2026 1647 2065 where

134 2082 298 2135 speaks,
322 2087 397 2122 not
418 2082 464 2121 of
487 2082 559 2122 the
580 2096 690 2128 man,
714 2082 790 2122 but
812 2082 859 2121 of
881 2082 952 2122 the
973 2081 1086 2134 king.
1109 2081 1181 2121 the
1203 2082 1315 2121 chief
1331 2082 1376 2121 of
1392 2082 1464 2122 the
1486 2082 1645 2129 nation,

134 2138 218 2178 and
249 2138 478 2178 attributes
508 2137 563 2178 its
591 2138 809 2177 character
834 2142 879 2177 to
907 2137 993 2176 him
1014 2137 1114 2177 with
1145 2138 1304 2190 perfect
1330 2137 1482 2190 justice
1513 2137 1554 2176 iu
1585 2151 1647 2176 re—

135 2199 253 2247 spect
273 2194 319 2233 of
335 2193 399 2233 his
421 2195 625 2247 subJect.’⁷
660 2193 828 2233 Thirlw.
849 2206 890 2246 5.
912 2205 1007 2246 322.
1051 2193 1362 2233 SHILLETO.

191 2263 291 2304 439,
316 2263 351 2290 2.
381 2250 401 2290 ὃ
427 2251 626 2300 δὲ-ἕφη
662 2254 869 2302 συντυχεῖν
890 2248 1046 2303 γὰρ-]
1086 2249 1151 2289 Ut
1186 2249 1436 2303 singularem
1471 2250 1648 2289 somnam

135 2306 360 2346 schematis
393 2306 514 2359 hujus
551 2305 772 2359 ε511ῖειοῒίοἰ
804 2305 912 2345 adde
944 2304 1150 2345 Reizianis
1177 2305 1228 2345 de
1254 2305 1430 2346 Accent.
1454 2305 1646 2345 Inclinat.

135 2377 174 2416 p.
198 2364 264 2415 98.
308 2362 419 2402 SCH
423 2362 557 2401 AEF.

192 2432 289 2472 439,
312 2432 351 2471 3.
372 2417 641 2471 Ἀτρεστίδας]
671 2417 923 2468 Ἀτρεστίδας
947 2418 1166 2459 Μαντινεὺς
1190 2419 1364 2469 λοχαγός
1391 2422 1647 2457 memoratur

136 2475 178 2514 in
199 2475 248 2514 fr.
269 2474 490 2528 Theophili
512 2473 655 2513 comici
677 2488 743 2526 ap.
767 2473 923 2513 Athen.
950 2486 1011 2512 10.
1035 2488 1076 2526 p.
1098 2484 1178 2524 417
1204 2473 1255 2511 A.
1304 2473 1478 2512 DOBR.

193 2544 289 2584 439,
314 2542 352 2580 7.
381 2530 511 2579 ἐπειδη
533 2532 574 2569 δὲ
601 2530 782 2582 ἀκοῦσαι]
826 2530 888 2568 De
918 2529 995 2569 hac
1027 2533 1240 2568 st‘21uetu1a
1261 2543 1296 2567 V.
1321 2529 1450 2567 Dobr.
1473 2528 1527 2567 ad
1548 2527 1646 2566 Ali-

137 2587 274 2640 stoph.
299 2586 364 2626 Pl.
384 2599 503 2626 1112.
533 2585 589 2637 (in
612 2585 828 2638 Aristoph.
851 2599 891 2638 p.
913 2586 1038 2634 141.).

192 2643 371 2696 439,16.
402 2643 463 2682 καὶ
492 2641 780 2692 μάλα-καλὰ]
819 2640 1006 2679 Advelte
1042 2657 1103 2679 και
1137 2639 1244 2689 μάλα
1271 2638 1352 2689 (vel
1379 2639 1567 2685 mammae)
1592 2638 1646 2678 ab

135 2698 344 2753 adjectivo
366 2712 440 2737 suo
463 2697 710 2750 sejunctum.
754 2695 1005 2736 SCHAEF

193 2767 293 2817 439,
318 2766 379 2794 20
413 2753 487 2804 αρά
517 2753 803 2804 γε-τούτοις,
793 2752 824 2804 ,]
867 2751 1035 2791 Scilicet
1067 2751 1304 2802 ἐδημηγόρει.
1339 2749 1448 2803 quod
1481 2763 1506 2789 a
1539 2762 1647 2788 com-

137 2809 251 2849 muni
271 2824 292 2849 e
309 2823 429 2849 veisu
454 2820 513 2859 17.
536 2808 666 2848 tacite
687 2812 729 2847 et
750 2807 815 2846 hic
833 2812 896 2847 est-
916 2807 996 2846 itei
998 2806 1164 2852 andum
1183 2810 1224 2845 et
1247 2805 1299 2845 ad
1317 2806 1423 2845 ἀλλὰ
1440 2818 1560 2844 versu
1580 2816 1643 2845 21.

140 2865 334 2906 REISK.
