1914 3184
260 119 270 158 l
887 122 1149 163 REISKII

959 276 987 316 ξ.
1023 284 1079 316 14.

376 345 436 380 De
462 345 646 381 codicibus
674 347 926 394 manuscriptis
948 346 1209 388 Demosthenis,
1233 346 1355 393 quibus
1382 347 1582 394 superiores
1609 346 1665 381 usi

880 415 960 444 sunt
990 410 1154 444 editores.

315 484 440 519 Venio
462 497 564 520 nunc
585 485 629 520 ad
653 485 803 520 codices
824 484 969 519 calamo
992 491 1177 525 exaratos,
1197 484 1332 531 quibus
1352 492 1417 520 aut
1438 485 1500 520 alii
1520 485 1565 520 ad
1584 484 1774 520 edendum

261 555 299 583 et
332 548 616 583 emendandum
647 548 963 587 Demosthenem,
997 555 1063 582 aut
1093 560 1164 597 ego
1198 547 1236 582 in
1268 547 1338 582 hac
1373 547 1575 583 condenda
1608 546 1774 583 editione

260 624 348 646 usus
368 624 463 652 sum,
487 620 552 647 aut
573 625 735 659 quorum
758 612 802 647 ad
826 624 894 646 nos
914 612 1090 659 pervenit
1109 611 1255 647 notitia.

200 693 246 715 Lv
314 675 463 718 Quibus
497 688 516 711 e
549 675 746 711 codicibus
778 675 901 711 Aldus
935 688 1043 711 suum
1080 676 1384 712 Demosthenem
1421 675 1594 716 ediderit,
1630 674 1775 722 primus

259 738 447 774 editorum
478 739 663 779 oninium,
684 739 784 774 haud
814 747 988 780 constat3
1030 753 1200 776 unumne
1231 748 1381 775 secutus
1412 739 1644 787 exemplum,
1675 751 1721 774 an
1754 751 1774 774 e

257 802 427 849 pluribus
454 802 636 852 delegerit
660 803 868 839 lectionem
896 804 988 839 locis
1010 804 1224 852 quibusque
1254 804 1462 844 meliorem,
1486 816 1583 851 quae
1611 803 1682 839 sibi
1707 811 1774 838 aut

258 865 556 902 Carteromacho
577 867 782 908 videretur,
805 872 842 902 et
864 881 1030 915 quonam
1052 867 1103 903 illi
1128 869 1279 904 codices
1299 867 1525 904 devenerint
1543 882 1550 908 ;
1582 867 1775 915 supersint

257 929 395 971 adhuc,
430 943 476 966 an
511 931 706 978 perierint.
765 931 911 975 Quodsi
941 944 1037 967 unus
1070 931 1141 967 fuit
1172 932 1307 971 codex,
1339 944 1358 967 e
1388 944 1463 979 quo
1495 931 1773 967 Demosthenes

256 994 432 1041 primitus
463 1003 519 1030 est
548 995 595 1030 ab
616 995 716 1030 Aldo
747 995 882 1036 editus,
910 1009 986 1030 non
1018 1009 1065 1031 ex
1097 996 1262 1044 optimis,
1294 996 1358 1032 sed
1391 1008 1518 1043 neque
1548 1008 1567 1031 e
1597 995 1773 1043 pessimis

256 1058 339 1100 fuit,
371 1059 433 1094 sed
465 1071 484 1094 e
514 1071 653 1107 genere
682 1059 820 1094 medio.
877 1060 1013 1095 Tribus
1043 1073 1082 1096 se
1113 1061 1308 1096 codicibus
1338 1061 1376 1095 in
1408 1060 1625 1096 universum
1657 1058 1772 1094 fuisse

256 1136 367 1158 usum
397 1130 559 1158 testatur
580 1122 701 1158 Aldus
721 1123 758 1158 in
786 1123 925 1165 indice,
946 1124 1030 1159 loco
1057 1136 1114 1166 e0‚
1137 1136 1249 1171 quem
1270 1137 1384 1172 supra
1411 1123 1620 1159 attulimus.
1678 1123 1772 1158 Non

256 1186 377 1235 magis
397 1186 549 1227 scimus,
569 1187 723 1233 quinam
743 1186 885 1222 fuerint
906 1187 1069 1228 codices,
1088 1188 1225 1234 quibus
1245 1199 1334 1222 usus
1356 1195 1412 1223 est.
1433 1186 1660 1227 Felicianus,
1678 1194 1772 1234 quot

256 1263 428 1293 numero,
450 1250 552 1286 unde
573 1251 701 1292 sumti,
725 1264 800 1298 quo
822 1251 948 1287 delati.
998 1252 1156 1287 Certum
1177 1252 1249 1287 hoc
1271 1259 1341 1292 est,
1365 1251 1503 1286 multas
1524 1251 1642 1286 bonas
1662 1250 1772 1287 lecti-

257 1326 349 1350 ones
368 1314 474 1350 illine
494 1315 644 1362 petitas,
664 1315 804 1350 multos
824 1315 929 1351 locos
949 1315 987 1350 in
1011 1315 1148 1351 Aldina
1167 1316 1384 1351 laborantes
1406 1315 1494 1350 vitio
1515 1323 1668 1350 sanatos
1689 1326 1771 1350 esse

256 1377 429 1413 feliciter.
487 1379 603 1413 Paulo
638 1387 727 1415 ante
758 1379 992 1415 Felicianum
1024 1380 1194 1415 criticam
1224 1379 1568 1414 Demosthenicam
1600 1379 1773 1415 exercuit

256 1442 316 1477 Jo.
340 1442 580 1489 Obsopoeus‚
612 1455 688 1478 non
719 1442 933 1485 infeliciter,
962 1444 1078 1479 homo
1107 1444 1328 1484 industrius,
1359 1443 1515 1479 edendis
1546 1443 1702 1490 Polybio
1734 1450 1772 1478 et

257 1505 466 1541 Heliodoro
495 1506 640 1542 erotico
668 1507 714 1542 de
745 1506 864 1542 literis
893 1508 1036 1554 optime
1065 1508 1233 1547 meritus,
1255 1507 1320 1543 sed
1350 1507 1504 1556 ingenio
1532 1507 1665 1542 critico
1692 1519 1768 1541 non

255 1569 345 1604 satis
366 1569 572 1605 instructus
590 1585 597 1610 ;
630 1583 861 1618 quamquam
884 1571 948 1606 illo
970 1579 1140 1619 tempore
1162 1571 1307 1606 Graeca
1333 1571 1464 1606 critica
1484 1571 1770 1620 progerminare

256 1633 370 1669 modo
400 1633 617 1680 incipiebat.
674 1634 839 1670 Accedit
869 1635 970 1682 quod
1000 1635 1120 1671 codex
1146 1635 1260 1670 Dem.
1284 1635 1538 1674 Pannonicus,
1571 1635 1635 1682 qui
1666 1635 1699 1670 ei
1730 1635 1768 1670 in

254 1710 390 1733 manus
410 1706 579 1738 venerat,
602 1711 678 1733 non
701 1704 799 1734 esset
820 1699 988 1746 optimae
1010 1706 1135 1734 notae.
1167 1698 1331 1734 Videtur
1349 1699 1411 1734 ille
1433 1699 1553 1734 codex
1575 1697 1612 1734 in
1635 1699 1769 1734 biblio-

256 1762 406 1797 thecam
428 1762 654 1811 Augustam,
677 1775 775 1809 quae
796 1763 1050 1798 Vindobonae
1076 1771 1145 1803 est,
1166 1763 1293 1798 illatus
1321 1775 1414 1798 esse.
1472 1763 1609 1798 Paulus
1630 1763 1769 1798 Manu-

255 1826 329 1860 tius
364 1838 456 1861 num
491 1838 581 1861 suae
616 1826 773 1861 editioni
809 1827 960 1862 codices
994 1827 1210 1862 adhibuerit
1243 1839 1375 1869 novos,
1411 1839 1432 1861 a
1467 1827 1656 1862 Feliciano
1690 1840 1767 1863 non

255 1897 470 1936 usurpatOS,
503 1890 661 1924 dubium
693 1897 773 1931 est;
816 1899 852 1926 et
883 1903 1005 1938 paene
1039 1903 1189 1939 negem.
1249 1890 1408 1925 VVolfius
1443 1891 1488 1925 ad
1523 1904 1629 1926 suam
1665 1900 1769 1927 certe

254 1953 379 1988 nullos
406 1953 579 1988 adhibuit
606 1953 756 1989 codices
776 1953 924 1995 MStos,
948 1954 1049 2001 quod
1077 1954 1253 2002 equidem
1283 1957 1466 2003 majorem
1486 1955 1523 1990 in
1551 1955 1707 1990 modum
1729 1954 1766 1991 in

254 2030 299 2052 eo
330 2017 457 2057 miror,
485 2017 549 2064 qui
579 2025 744 2053 aetatem
777 2030 821 2054 ea
850 2018 888 2053 in
919 2019 1009 2054 urbe
1040 2019 1208 2068 degeret,
1237 2019 1303 2054 ubi
1333 2019 1441 2066 copia
1470 2019 1540 2067 ipsi
1571 2028 1670 2055 esset
1701 2032 1767 2055 sex

253 2082 428 2117 codicum
453 2081 854 2124 Demosthenicorum,
879 2091 916 2118 et
937 2084 972 2118 in
995 2083 1052 2119 his
1073 2084 1258 2123 omnium,
1281 2091 1471 2131 quotquot
1490 2083 1603 2119 hodie
1625 2083 1768 2132 cogniti

252 2145 362 2180 nobis
392 2158 550 2192 usquam
584 2153 748 2187 exstant,
778 2147 859 2182 sine
890 2147 1152 2183 controversia
1180 2147 1418 2189 nobilissimi,
1447 2147 1700 2195 antiquissimi
1731 2156 1769 2183 et

253 2208 563 2244 emendatissimi.
622 2209 768 2245 Sedens
793 2211 838 2246 ad
860 2210 1018 2252 fontem,
1042 2220 1107 2246 aut
1127 2211 1317 2257 ignoravit
1339 2225 1438 2253 eum,
1461 2219 1526 2247 aut
1547 2212 1601 2247 nil
1621 2211 1768 2247 curavit

252 2273 341 2308 inde
362 2272 523 2308 haurire.
564 2272 673 2316 Quae
694 2274 892 2309 secordia!
925 2275 1131 2322 Postquam
1147 2278 1228 2324 jam
1250 2288 1390 2311 excusa
1411 2283 1511 2311 esset
1531 2276 1630 2323 typis
1650 2275 1767 2311 editio

252 2350 330 2377 sua,
354 2345 434 2372 tum
465 2337 617 2372 demum
647 2337 684 2372 in
717 2347 884 2374 mentem
917 2340 951 2375 ei
980 2339 1098 2380 venit,
1124 2351 1205 2374 esse
1234 2339 1272 2374 in
1304 2339 1410 2381 urbe,
1434 2339 1498 2374 ubi
1527 2340 1656 2374 literas
1684 2339 1766 2386 ipse

174 2413 236 2436 Lvl
252 2401 400 2449 publice
427 2402 680 2448 profiteretur,
706 2403 945 2438 membranas
973 2403 1248 2439 Demosthenis
1274 2410 1456 2444 vetustas,
1477 2402 1575 2438 forte
1601 2415 1678 2438 non
1705 2403 1764 2438 in-

251 2466 395 2514 dignas,
428 2478 525 2512 quae
557 2465 832 2502 conferrentur.
893 2468 1094 2503 Commisit
1132 2467 1325 2516 negotium
1362 2467 1438 2508 alii,
1474 2466 1618 2502 homini
1653 2466 1766 2501 docto

252 2529 404 2576 quidem
432 2529 486 2564 illi
516 2542 639 2576 neque
669 2531 821 2579 ignavo,
845 2531 1092 2567 excusatione
1124 2544 1212 2566 usus
1239 2531 1427 2579 probabili
1457 2530 1597 2571 futura,
1621 2531 1649 2565 si
1676 2543 1767 2566 vcra

251 2593 393 2628 fuisset.
454 2593 594 2628 Verum
626 2595 815 2641 copiosius
846 2595 891 2631 de
927 2596 1102 2631 subsidiis
1135 2595 1334 2631 Demosth.
1366 2595 1489 2630 dicam
1522 2595 1634 2642 paulo
1664 2603 1763 2642 post,

252 2657 387 2704 quibus
408 2657 462 2691 uti
484 2658 670 2704 potuisset
693 2658 806 2701 Wolf,
828 2660 855 2694 si
878 2660 1075 2695 voluisset.
1117 2658 1191 2695 Sed
1214 2659 1474 2694 condonemus
1494 2659 1592 2694 hanc
1614 2659 1764 2706 culpam

252 2721 487 2755 multitudini
517 2720 703 2765 laborum,
733 2723 869 2769 quibus
899 2724 1057 2758 obrutus
1087 2731 1165 2758 erat
1196 2724 1316 2758 bonus
1346 2723 1410 2758 ille
1440 2723 1508 2763 vir,
1531 2730 1631 2757 sorte
1662 2735 1763 2764 usus,

253 2792 375 2818 aetate
401 2796 480 2825 sua,
504 2786 700 2820 communi
727 2786 840 2821 etiam
863 2787 975 2822 hodie
1002 2786 1089 2827 illis,
1112 2787 1174 2833 qui
1191 2789 1369 2835 jumenta
1395 2793 1482 2821 sunt
1508 2785 1762 2827 librariorum,

253 2859 414 2892 quorum
443 2848 641 2895 cupiditati
667 2862 822 2897 operam
853 2863 959 2885 suam
988 2851 1025 2885 in
1053 2851 1159 2886 libris
1185 2850 1342 2886 edendis
1370 2849 1611 2889 addixerunt,
1631 2856 1673 2883 ut
1699 2861 1764 2884 eos

251 2909 498 2956 locupletent,
520 2911 592 2958 ipsi
613 2912 765 2948 interim
787 2912 887 2948 fame
908 2921 1121 2960 pereuntes,
1139 2922 1216 2954 aut,
1233 2913 1264 2948 si
1285 2913 1383 2948 bene
1402 2924 1483 2948 rem
1504 2920 1654 2961 gerunt,
1676 2924 1762 2947 cum
