<?xml version="1.0" encoding="UTF-8"?>
<!DOCTYPE html PUBLIC "-//W3C//DTD XHTML 1.0 Transitional//EN"
    "http://www.w3.org/TR/xhtml1/DTD/xhtml1-transitional.dtd">
<html xmlns="http://www.w3.org/1999/xhtml" xml:lang="en" lang="en">
 <head>
  <title>
</title>
<meta http-equiv="Content-Type" content="text/html;charset=utf-8" />
  <meta name='ocr-system' content='tesseract 3.04.00' />
  <meta name='ocr-capabilities' content='ocr_page ocr_carea ocr_par ocr_line ocrx_word'/>
</head>
<body>
  <div class='ocr_page' id='page_1' title='image "./operaexrecension05demouoft_0301.png"; bbox 0 0 1935 3205; ppageno 0'>
   <div class='ocr_carea' id='block_1_1' title="bbox 327 749 1488 932">
    <p class='ocr_par' dir='ltr' id='par_1_1' title="bbox 327 749 1488 932">
     <span class='ocr_line' id='line_1_1' title="bbox 832 749 979 792; baseline 0 0"><span class='ocrx_word' id='word_1_1' title='bbox 832 749 979 792; x_wconf 89' lang='lat' dir='ltr'>XIII.</span> 
     </span>
     <span class='ocr_line' id='line_1_2' title="bbox 327 874 1488 932; baseline 0.003 -6"><span class='ocrx_word' id='word_1_2' title='bbox 327 875 428 926; x_wconf 92' lang='lat' dir='ltr'>DE</span> <span class='ocrx_word' id='word_1_3' title='bbox 476 874 576 925; x_wconf 78' lang='lat' dir='ltr'>RE</span> <span class='ocrx_word' id='word_1_4' title='bbox 622 875 954 927; x_wconf 87' lang='lat' dir='ltr'>PUBLICA</span> <span class='ocrx_word' id='word_1_5' title='bbox 995 877 1488 932; x_wconf 83' lang='lat' dir='ltr'>ORDINANDA.</span> 
     </span>
    </p>
   </div>
   <div class='ocr_carea' id='block_1_2' title="bbox 707 1022 1032 1042">
    <p class='ocr_par' dir='ltr' id='par_1_2' title="bbox 707 1022 1032 1042">
     <span class='ocr_line' id='line_1_3' title="bbox 707 1022 1032 1042; baseline 0 2163"><span class='ocrx_word' id='word_1_6' title='bbox 707 1022 1032 1042; x_wconf 95' lang='lat' dir='ltr'> </span> 
     </span>
    </p>
   </div>
   <div class='ocr_carea' id='block_1_3' title="bbox 142 1125 1664 2731">
    <p class='ocr_par' dir='ltr' id='par_1_3' title="bbox 142 1125 1664 2731">
     <span class='ocr_line' id='line_1_4' title="bbox 207 1125 1663 1179; baseline 0.003 -14"><span class='ocrx_word' id='word_1_7' title='bbox 207 1129 333 1165; x_wconf 87' lang='grc' dir='ltr'>ΠΕΡΙ</span> <span class='ocrx_word' id='word_1_8' title='bbox 356 1127 685 1165; x_wconf 70' lang='grc' dir='ltr'>ΣΎΝΤΑΞΕΩΣ</span> <span class='ocrx_word' id='word_1_9' title='bbox 708 1125 904 1176; x_wconf 75' lang='grc' dir='ltr'><strong>ΛΟΓΟΣ]</strong></span> <span class='ocrx_word' id='word_1_10' title='bbox 944 1127 1127 1175; x_wconf 79' lang='grc' dir='ltr'>Σύνταξις</span> <span class='ocrx_word' id='word_1_11' title='bbox 1154 1127 1266 1179; x_wconf 86' lang='lat' dir='ltr'>apud</span> <span class='ocrx_word' id='word_1_12' title='bbox 1292 1127 1518 1168; x_wconf 81' lang='lat' dir='ltr'>Isocratem</span> <span class='ocrx_word' id='word_1_13' title='bbox 1539 1129 1663 1169; x_wconf 74' lang='lat' dir='ltr'>tribu-</span> 
     </span>
     <span class='ocr_line' id='line_1_5' title="bbox 148 1181 1661 1237; baseline 0.004 -18"><span class='ocrx_word' id='word_1_14' title='bbox 148 1186 246 1229; x_wconf 75' lang='lat' dir='ltr'>tum,</span> <span class='ocrx_word' id='word_1_15' title='bbox 269 1183 337 1222; x_wconf 82' lang='grc' dir='ltr'>τὰς</span> <span class='ocrx_word' id='word_1_16' title='bbox 359 1181 560 1229; x_wconf 68' lang='grc' dir='ltr'>συντάξεις</span> <span class='ocrx_word' id='word_1_17' title='bbox 581 1181 728 1219; x_wconf 77' lang='grc' dir='ltr'>διδόναι</span> <span class='ocrx_word' id='word_1_18' title='bbox 747 1195 754 1217; x_wconf 86' lang='grc'>;</span> <span class='ocrx_word' id='word_1_19' title='bbox 789 1194 870 1232; x_wconf 86' lang='lat' dir='ltr'>quo</span> <span class='ocrx_word' id='word_1_20' title='bbox 893 1181 1058 1220; x_wconf 87' lang='lat' dir='ltr'>nomine</span> <span class='ocrx_word' id='word_1_21' title='bbox 1076 1182 1237 1230; x_wconf 79' lang='lat' dir='ltr'>Graeci,</span> <span class='ocrx_word' id='word_1_22' title='bbox 1260 1183 1484 1237; x_wconf 81' lang='lat' dir='ltr'>profligato</span> <span class='ocrx_word' id='word_1_23' title='bbox 1502 1185 1661 1233; x_wconf 81' lang='lat' dir='ltr'>Xerxe,</span> 
     </span>
     <span class='ocr_line' id='line_1_6' title="bbox 149 1236 1662 1289; baseline 0.003 -14"><span class='ocrx_word' id='word_1_24' title='bbox 149 1251 241 1275; x_wconf 88' lang='lat' dir='ltr'>eam</span> <span class='ocrx_word' id='word_1_25' title='bbox 262 1236 479 1289; x_wconf 88' lang='lat' dir='ltr'>pecuniam</span> <span class='ocrx_word' id='word_1_26' title='bbox 501 1236 721 1282; x_wconf 65' lang='lat' dir='ltr'>vocabant,</span> <span class='ocrx_word' id='word_1_27' title='bbox 745 1250 869 1287; x_wconf 86' lang='lat' dir='ltr'>quam</span> <span class='ocrx_word' id='word_1_28' title='bbox 890 1250 966 1288; x_wconf 89' lang='lat' dir='ltr'>pro</span> <span class='ocrx_word' id='word_1_29' title='bbox 989 1236 1224 1277; x_wconf 75' lang='lat' dir='ltr'><strong>defensione</strong></span> <span class='ocrx_word' id='word_1_30' title='bbox 1244 1239 1445 1279; x_wconf 78' lang='lat' dir='ltr'>Graeciae</span> <span class='ocrx_word' id='word_1_31' title='bbox 1466 1255 1491 1279; x_wconf 86' lang='lat' dir='ltr'>a</span> <span class='ocrx_word' id='word_1_32' title='bbox 1513 1241 1662 1281; x_wconf 85' lang='lat' dir='ltr'>barba-</span> 
     </span>
     <span class='ocr_line' id='line_1_7' title="bbox 147 1290 1662 1346; baseline 0.005 -17"><span class='ocrx_word' id='word_1_33' title='bbox 147 1292 204 1330; x_wconf 89' lang='lat' dir='ltr'>ris</span> <span class='ocrx_word' id='word_1_34' title='bbox 226 1292 465 1344; x_wconf 77' lang='lat' dir='ltr'>pendebant</span> <span class='ocrx_word' id='word_1_35' title='bbox 486 1290 826 1338; x_wconf 76' lang='lat' dir='ltr'>Atheniensibus,</span> <span class='ocrx_word' id='word_1_36' title='bbox 849 1291 1068 1343; x_wconf 87' lang='lat' dir='ltr'>repudiato</span> <span class='ocrx_word' id='word_1_37' title='bbox 1097 1293 1261 1333; x_wconf 90' lang='lat' dir='ltr'>nomine</span> <span class='ocrx_word' id='word_1_38' title='bbox 1282 1299 1358 1333; x_wconf 83' lang='grc' dir='ltr'>τῶν</span> <span class='ocrx_word' id='word_1_39' title='bbox 1380 1297 1577 1346; x_wconf 82' lang='grc' dir='ltr'>εἰσφορῶν</span> <span class='ocrx_word' id='word_1_40' title='bbox 1599 1299 1662 1336; x_wconf 88' lang='grc' dir='ltr'>καὶ</span> 
     </span>
     <span class='ocr_line' id='line_1_8' title="bbox 148 1346 1664 1405; baseline 0.003 -19"><span class='ocrx_word' id='word_1_41' title='bbox 148 1349 295 1398; x_wconf 89' lang='grc' dir='ltr'>φόρων.</span> <span class='ocrx_word' id='word_1_42' title='bbox 336 1346 631 1387; x_wconf 76' lang='lat' dir='ltr'>Grammaticis</span> <span class='ocrx_word' id='word_1_43' title='bbox 648 1351 712 1386; x_wconf 86' lang='lat' dir='ltr'>est</span> <span class='ocrx_word' id='word_1_44' title='bbox 728 1353 824 1399; x_wconf 74' lang='lat' dir='ltr'>apta</span> <span class='ocrx_word' id='word_1_45' title='bbox 841 1348 1050 1386; x_wconf 70' lang='lat' dir='ltr'>consecutio</span> <span class='ocrx_word' id='word_1_46' title='bbox 1067 1350 1284 1388; x_wconf 71' lang='lat' dir='ltr'>verborum.</span> <span class='ocrx_word' id='word_1_47' title='bbox 1324 1350 1457 1397; x_wconf 72' lang='lat' dir='ltr'>Alias,</span> <span class='ocrx_word' id='word_1_48' title='bbox 1472 1352 1664 1405; x_wconf 72' lang='lat' dir='ltr'>quicquid</span> 
     </span>
     <span class='ocr_line' id='line_1_9' title="bbox 148 1401 1660 1457; baseline 0.003 -16"><span class='ocrx_word' id='word_1_49' title='bbox 148 1403 286 1442; x_wconf 75' lang='lat' dir='ltr'>ordine</span> <span class='ocrx_word' id='word_1_50' title='bbox 296 1404 350 1455; x_wconf 73' lang='lat' dir='ltr'>fit</span> <span class='ocrx_word' id='word_1_51' title='bbox 370 1409 405 1442; x_wconf 75' lang='lat' dir='ltr'>et</span> <span class='ocrx_word' id='word_1_52' title='bbox 425 1409 524 1455; x_wconf 72' lang='lat' dir='ltr'>apte.</span> <span class='ocrx_word' id='word_1_53' title='bbox 541 1403 721 1451; x_wconf 74' lang='grc' dir='ltr'>σύνταξις</span> <span class='ocrx_word' id='word_1_54' title='bbox 742 1401 907 1441; x_wconf 86' lang='lat' dir='ltr'>dieitur.</span> <span class='ocrx_word' id='word_1_55' title='bbox 953 1402 1043 1456; x_wconf 78' lang='lat' dir='ltr'>Ego</span> <span class='ocrx_word' id='word_1_56' title='bbox 1060 1403 1376 1457; x_wconf 74' lang='lat' dir='ltr'>inscriptionem</span> <span class='ocrx_word' id='word_1_57' title='bbox 1393 1420 1442 1445; x_wconf 87' lang='lat' dir='ltr'>eo</span> <span class='ocrx_word' id='word_1_58' title='bbox 1463 1407 1598 1446; x_wconf 86' lang='lat' dir='ltr'>minus</span> <span class='ocrx_word' id='word_1_59' title='bbox 1613 1408 1660 1447; x_wconf 79' lang='lat' dir='ltr'>de</span> 
     </span>
     <span class='ocr_line' id='line_1_10' title="bbox 146 1457 1658 1515; baseline 0.003 -18"><span class='ocrx_word' id='word_1_60' title='bbox 146 1458 377 1497; x_wconf 75' lang='lat' dir='ltr'>ordinanda</span> <span class='ocrx_word' id='word_1_61' title='bbox 398 1457 599 1511; x_wconf 71' lang='lat' dir='ltr'>republica</span> <span class='ocrx_word' id='word_1_62' title='bbox 618 1466 778 1496; x_wconf 77' lang='lat' dir='ltr'>vertere</span> <span class='ocrx_word' id='word_1_63' title='bbox 800 1471 889 1496; x_wconf 79' lang='lat' dir='ltr'>sum</span> <span class='ocrx_word' id='word_1_64' title='bbox 904 1458 1073 1506; x_wconf 78' lang='lat' dir='ltr'>veritus,</span> <span class='ocrx_word' id='word_1_65' title='bbox 1093 1461 1204 1512; x_wconf 89' lang='lat' dir='ltr'>quod</span> <span class='ocrx_word' id='word_1_66' title='bbox 1223 1461 1391 1514; x_wconf 69' lang='lat' dir='ltr'>Olynth.</span> <span class='ocrx_word' id='word_1_67' title='bbox 1409 1461 1490 1500; x_wconf 92' lang='lat' dir='ltr'>III.</span> <span class='ocrx_word' id='word_1_68' title='bbox 1513 1465 1572 1515; x_wconf 92' lang='lat' dir='ltr'>(p.</span> <span class='ocrx_word' id='word_1_69' title='bbox 1592 1465 1658 1515; x_wconf 76' lang='lat'>38,</span> 
     </span>
     <span class='ocr_line' id='line_1_11' title="bbox 152 1512 1657 1571; baseline 0.004 -20"><span class='ocrx_word' id='word_1_70' title='bbox 152 1515 234 1565; x_wconf 83' lang='lat'>14.)</span> <span class='ocrx_word' id='word_1_71' title='bbox 259 1514 309 1553; x_wconf 91' lang='lat' dir='ltr'>de</span> <span class='ocrx_word' id='word_1_72' title='bbox 330 1514 394 1553; x_wconf 84' lang='lat' dir='ltr'>his</span> <span class='ocrx_word' id='word_1_73' title='bbox 417 1513 515 1566; x_wconf 86' lang='lat' dir='ltr'>ipsis</span> <span class='ocrx_word' id='word_1_74' title='bbox 542 1512 820 1553; x_wconf 70' lang='lat' dir='ltr'>theatralibus</span> <span class='ocrx_word' id='word_1_75' title='bbox 842 1513 1026 1566; x_wconf 85' lang='lat' dir='ltr'>pecuniis</span> <span class='ocrx_word' id='word_1_76' title='bbox 1052 1529 1192 1569; x_wconf 78' lang='lat' dir='ltr'>agens,</span> <span class='ocrx_word' id='word_1_77' title='bbox 1216 1517 1285 1565; x_wconf 82' lang='grc' dir='ltr'>τὴν</span> <span class='ocrx_word' id='word_1_78' title='bbox 1311 1518 1484 1566; x_wconf 78' lang='grc' dir='ltr'>ἀταξίαν,</span> <span class='ocrx_word' id='word_1_79' title='bbox 1508 1518 1657 1571; x_wconf 83' lang='lat' dir='ltr'>inquit,</span> 
     </span>
     <span class='ocr_line' id='line_1_12' title="bbox 146 1569 1658 1623; baseline 0.003 -15"><span class='ocrx_word' id='word_1_80' title='bbox 146 1570 299 1609; x_wconf 80' lang='grc' dir='ltr'>ἀνελὼν</span> <span class='ocrx_word' id='word_1_81' title='bbox 314 1571 368 1611; x_wconf 85' lang='grc' dir='ltr'>εἰς</span> <span class='ocrx_word' id='word_1_82' title='bbox 383 1570 492 1618; x_wconf 80' lang='grc' dir='ltr'>τάξιν</span> <span class='ocrx_word' id='word_1_83' title='bbox 508 1570 658 1620; x_wconf 79' lang='grc' dir='ltr'>ἤγαγον</span> <span class='ocrx_word' id='word_1_84' title='bbox 673 1569 743 1618; x_wconf 79' lang='grc' dir='ltr'>τὴν</span> <span class='ocrx_word' id='word_1_85' title='bbox 760 1569 890 1614; x_wconf 83' lang='grc' dir='ltr'>πόλιν,</span> <span class='ocrx_word' id='word_1_86' title='bbox 905 1570 976 1618; x_wconf 79' lang='grc' dir='ltr'>τὴν</span> <span class='ocrx_word' id='word_1_87' title='bbox 989 1571 1108 1619; x_wconf 80' lang='grc' dir='ltr'>αὐτὴν</span> <span class='ocrx_word' id='word_1_88' title='bbox 1123 1575 1191 1610; x_wconf 82' lang='grc' dir='ltr'>τοῦ</span> <span class='ocrx_word' id='word_1_89' title='bbox 1210 1576 1368 1621; x_wconf 75' lang='grc' dir='ltr'>λαβεῖν,</span> <span class='ocrx_word' id='word_1_90' title='bbox 1387 1577 1454 1611; x_wconf 81' lang='grc' dir='ltr'>τοῦ</span> <span class='ocrx_word' id='word_1_91' title='bbox 1475 1576 1658 1623; x_wconf 85' lang='grc' dir='ltr'>στρατεύ-</span> 
     </span>
     <span class='ocr_line' id='line_1_13' title="bbox 147 1624 1660 1681; baseline 0.003 -17"><span class='ocrx_word' id='word_1_92' title='bbox 147 1628 271 1670; x_wconf 82' lang='grc' dir='ltr'>εσθαι,</span> <span class='ocrx_word' id='word_1_93' title='bbox 287 1629 355 1664; x_wconf 83' lang='grc' dir='ltr'>τοῦ</span> <span class='ocrx_word' id='word_1_94' title='bbox 376 1625 553 1672; x_wconf 84' lang='grc' dir='ltr'>δικάζειν,</span> <span class='ocrx_word' id='word_1_95' title='bbox 573 1628 641 1663; x_wconf 84' lang='grc' dir='ltr'>τοῦ</span> <span class='ocrx_word' id='word_1_96' title='bbox 661 1628 788 1663; x_wconf 81' lang='grc' dir='ltr'>ποιεῖν</span> <span class='ocrx_word' id='word_1_97' title='bbox 809 1624 927 1672; x_wconf 73' lang='grc' dir='ltr'>τοῦθ’,</span> <span class='ocrx_word' id='word_1_98' title='bbox 942 1626 964 1664; x_wconf 86' lang='grc' dir='ltr'><em>ὅ</em></span> <span class='ocrx_word' id='word_1_99' title='bbox 984 1642 1019 1664; x_wconf 90' lang='grc' dir='ltr'>τι</span> <span class='ocrx_word' id='word_1_100' title='bbox 1043 1627 1123 1666; x_wconf 85' lang='grc' dir='ltr'>καθ’</span> <span class='ocrx_word' id='word_1_101' title='bbox 1142 1628 1296 1676; x_wconf 88' lang='grc' dir='ltr'>ἡλικίαν</span> <span class='ocrx_word' id='word_1_102' title='bbox 1317 1629 1481 1669; x_wconf 82' lang='grc' dir='ltr'>ἕκαστος</span> <span class='ocrx_word' id='word_1_103' title='bbox 1498 1630 1580 1681; x_wconf 81' lang='grc' dir='ltr'>ἔχει</span> <span class='ocrx_word' id='word_1_104' title='bbox 1598 1631 1660 1669; x_wconf 88' lang='grc' dir='ltr'>καὶ</span> 
     </span>
     <span class='ocr_line' id='line_1_14' title="bbox 145 1679 1658 1738; baseline 0.005 -20"><span class='ocrx_word' id='word_1_105' title='bbox 145 1681 235 1719; x_wconf 87' lang='grc' dir='ltr'>ὅτου</span> <span class='ocrx_word' id='word_1_106' title='bbox 267 1681 395 1731; x_wconf 85' lang='grc' dir='ltr'>καιρὸς</span> <span class='ocrx_word' id='word_1_107' title='bbox 430 1683 498 1730; x_wconf 81' lang='grc' dir='ltr'>εἴη,</span> <span class='ocrx_word' id='word_1_108' title='bbox 527 1680 636 1729; x_wconf 82' lang='grc' dir='ltr'>τάξιν</span> <span class='ocrx_word' id='word_1_109' title='bbox 667 1679 859 1728; x_wconf 75' lang='grc' dir='ltr'>ποιήσαςε</span> <span class='ocrx_word' id='word_1_110' title='bbox 894 1681 1004 1733; x_wconf 85' lang='lat' dir='ltr'>quod</span> <span class='ocrx_word' id='word_1_111' title='bbox 1038 1688 1151 1722; x_wconf 85' lang='lat' dir='ltr'>certe</span> <span class='ocrx_word' id='word_1_112' title='bbox 1183 1697 1266 1722; x_wconf 91' lang='lat' dir='ltr'>non</span> <span class='ocrx_word' id='word_1_113' title='bbox 1297 1690 1361 1723; x_wconf 80' lang='lat' dir='ltr'>est</span> <span class='ocrx_word' id='word_1_114' title='bbox 1392 1684 1503 1723; x_wconf 85' lang='lat' dir='ltr'>aliud</span> <span class='ocrx_word' id='word_1_115' title='bbox 1533 1700 1658 1738; x_wconf 85' lang='lat' dir='ltr'>quam</span> 
     </span>
     <span class='ocr_line' id='line_1_15' title="bbox 145 1735 1656 1790; baseline 0.005 -17"><span class='ocrx_word' id='word_1_116' title='bbox 145 1735 337 1775; x_wconf 87' lang='lat' dir='ltr'>ordinare</span> <span class='ocrx_word' id='word_1_117' title='bbox 368 1735 681 1788; x_wconf 80' lang='lat' dir='ltr'>rempublicam.</span> <span class='ocrx_word' id='word_1_118' title='bbox 745 1735 938 1775; x_wconf 83' lang='lat' dir='ltr'>Budaeus</span> <span class='ocrx_word' id='word_1_119' title='bbox 971 1737 1263 1790; x_wconf 72' lang='lat' dir='ltr'>descriptionem</span> <span class='ocrx_word' id='word_1_120' title='bbox 1287 1739 1330 1778; x_wconf 73' lang='lat' dir='ltr'>in</span> <span class='ocrx_word' id='word_1_121' title='bbox 1352 1740 1488 1779; x_wconf 68' lang='lat' dir='ltr'>classes</span> <span class='ocrx_word' id='word_1_122' title='bbox 1508 1742 1656 1780; x_wconf 62' lang='lat' dir='ltr'>cit-ium</span> 
     </span>
     <span class='ocr_line' id='line_1_16' title="bbox 144 1790 1656 1845; baseline 0.005 -16"><span class='ocrx_word' id='word_1_123' title='bbox 144 1790 292 1831; x_wconf 72' lang='lat' dir='ltr'>tributa</span> <span class='ocrx_word' id='word_1_124' title='bbox 324 1792 607 1845; x_wconf 68' lang='lat' dir='ltr'>cmfferemium</span> <span class='ocrx_word' id='word_1_125' title='bbox 639 1791 956 1844; x_wconf 86' lang='lat' dir='ltr'>interpretatur.</span> <span class='ocrx_word' id='word_1_126' title='bbox 992 1792 1183 1833; x_wconf 85' lang='lat' dir='ltr'>WOLF.</span> <span class='ocrx_word' id='word_1_127' title='bbox 1247 1794 1377 1834; x_wconf 81' lang='lat' dir='ltr'>Recte</span> <span class='ocrx_word' id='word_1_128' title='bbox 1403 1795 1582 1835; x_wconf 81' lang='lat' dir='ltr'>Wolfius</span> <span class='ocrx_word' id='word_1_129' title='bbox 1608 1797 1656 1837; x_wconf 78' lang='lat' dir='ltr'>do</span> 
     </span>
     <span class='ocr_line' id='line_1_17' title="bbox 144 1846 1653 1905; baseline 0.005 -21"><span class='ocrx_word' id='word_1_130' title='bbox 144 1846 343 1899; x_wconf 72' lang='lat' dir='ltr'>republica</span> <span class='ocrx_word' id='word_1_131' title='bbox 367 1848 608 1887; x_wconf 76' lang='lat' dir='ltr'>ordinanda.</span> <span class='ocrx_word' id='word_1_132' title='bbox 672 1847 738 1886; x_wconf 78' lang='lat' dir='ltr'>Sic</span> <span class='ocrx_word' id='word_1_133' title='bbox 772 1846 898 1886; x_wconf 88' lang='lat' dir='ltr'>etiam</span> <span class='ocrx_word' id='word_1_134' title='bbox 922 1847 1123 1887; x_wconf 83' lang='lat' dir='ltr'>Libanius</span> <span class='ocrx_word' id='word_1_135' title='bbox 1154 1849 1372 1890; x_wconf 83' lang='lat' dir='ltr'>intellexit.</span> <span class='ocrx_word' id='word_1_136' title='bbox 1437 1851 1490 1890; x_wconf 73' lang='lat' dir='ltr'>V.</span> <span class='ocrx_word' id='word_1_137' title='bbox 1515 1853 1653 1905; x_wconf 78' lang='lat' dir='ltr'>Argu-</span> 
     </span>
     <span class='ocr_line' id='line_1_18' title="bbox 144 1903 1654 1956; baseline 0.005 -16"><span class='ocrx_word' id='word_1_138' title='bbox 144 1903 410 1943; x_wconf 83' lang='lat' dir='ltr'>n1ent.Gonf.</span> <span class='ocrx_word' id='word_1_139' title='bbox 444 1918 483 1956; x_wconf 88' lang='lat' dir='ltr'>p.</span> <span class='ocrx_word' id='word_1_140' title='bbox 513 1904 601 1954; x_wconf 72' lang='lat'>167,</span> <span class='ocrx_word' id='word_1_141' title='bbox 625 1904 663 1941; x_wconf 85' lang='lat'>6.</span> <span class='ocrx_word' id='word_1_142' title='bbox 694 1904 782 1948; x_wconf 75' lang='lat'>168,</span> <span class='ocrx_word' id='word_1_143' title='bbox 809 1914 874 1941; x_wconf 78' lang='lat'>22.</span> <span class='ocrx_word' id='word_1_144' title='bbox 897 1917 952 1941; x_wconf 85' lang='lat' dir='ltr'>ss.</span> <span class='ocrx_word' id='word_1_145' title='bbox 986 1909 1028 1943; x_wconf 91' lang='lat' dir='ltr'>et</span> <span class='ocrx_word' id='word_1_146' title='bbox 1058 1905 1170 1944; x_wconf 85' lang='lat' dir='ltr'>alibi.</span> <span class='ocrx_word' id='word_1_147' title='bbox 1235 1906 1480 1946; x_wconf 81' lang='lat' dir='ltr'>Orationem</span> <span class='ocrx_word' id='word_1_148' title='bbox 1512 1914 1654 1947; x_wconf 89' lang='lat' dir='ltr'>autem</span> 
     </span>
     <span class='ocr_line' id='line_1_19' title="bbox 144 1957 1651 2011; baseline 0.004 -15"><span class='ocrx_word' id='word_1_149' title='bbox 144 1957 249 1997; x_wconf 88' lang='lat' dir='ltr'>hanc</span> <span class='ocrx_word' id='word_1_150' title='bbox 270 1973 352 1997; x_wconf 87' lang='lat' dir='ltr'>non</span> <span class='ocrx_word' id='word_1_151' title='bbox 382 1973 471 1998; x_wconf 83' lang='lat' dir='ltr'>esse</span> <span class='ocrx_word' id='word_1_152' title='bbox 494 1958 789 1998; x_wconf 86' lang='lat' dir='ltr'>Demosthenis</span> <span class='ocrx_word' id='word_1_153' title='bbox 820 1958 935 2005; x_wconf 72' lang='lat' dir='ltr'>satis,</span> <span class='ocrx_word' id='word_1_154' title='bbox 959 1959 1118 2011; x_wconf 77' lang='lat' dir='ltr'>opinor,</span> <span class='ocrx_word' id='word_1_155' title='bbox 1141 1975 1249 2000; x_wconf 90' lang='lat' dir='ltr'>nunc</span> <span class='ocrx_word' id='word_1_156' title='bbox 1281 1967 1459 2001; x_wconf 81' lang='lat' dir='ltr'>constat.</span> <span class='ocrx_word' id='word_1_157' title='bbox 1523 1964 1573 2001; x_wconf 69' lang='lat'>1³.</span> <span class='ocrx_word' id='word_1_158' title='bbox 1598 1964 1651 2002; x_wconf 77' lang='lat' dir='ltr'>A.</span> 
     </span>
     <span class='ocr_line' id='line_1_20' title="bbox 148 2012 1650 2068; baseline 0.004 -17"><span class='ocrx_word' id='word_1_159' title='bbox 148 2012 325 2053; x_wconf 78' lang='lat' dir='ltr'>Wolfius</span> <span class='ocrx_word' id='word_1_160' title='bbox 348 2015 582 2068; x_wconf 79' lang='lat' dir='ltr'>Prolegom.</span> <span class='ocrx_word' id='word_1_161' title='bbox 613 2014 667 2054; x_wconf 90' lang='lat' dir='ltr'>ad</span> <span class='ocrx_word' id='word_1_162' title='bbox 701 2013 865 2066; x_wconf 84' lang='lat' dir='ltr'>Leptin.</span> <span class='ocrx_word' id='word_1_163' title='bbox 900 2029 939 2066; x_wconf 88' lang='lat' dir='ltr'>p.</span> <span class='ocrx_word' id='word_1_164' title='bbox 971 2027 1049 2064; x_wconf 76' lang='lat'>74:</span> <span class='ocrx_word' id='word_1_165' title='bbox 1092 2022 1115 2037; x_wconf 68' lang='lat'>‘²</span> <span class='ocrx_word' id='word_1_166' title='bbox 1135 2016 1175 2054; x_wconf 71' lang='lat' dir='ltr'>Si</span> <span class='ocrx_word' id='word_1_167' title='bbox 1210 2016 1309 2068; x_wconf 88' lang='lat' dir='ltr'>quid</span> <span class='ocrx_word' id='word_1_168' title='bbox 1342 2017 1471 2061; x_wconf 70' lang='lat' dir='ltr'>video,</span> <span class='ocrx_word' id='word_1_169' title='bbox 1501 2018 1650 2065; x_wconf 74' lang='lat' dir='ltr'>oratio,</span> 
     </span>
     <span class='ocr_line' id='line_1_21' title="bbox 145 2068 1653 2124; baseline 0.005 -19"><span class='ocrx_word' id='word_1_170' title='bbox 145 2083 250 2120; x_wconf 92' lang='lat' dir='ltr'>quae</span> <span class='ocrx_word' id='word_1_171' title='bbox 281 2070 523 2110; x_wconf 85' lang='lat' dir='ltr'>inscribitur</span> <span class='ocrx_word' id='word_1_172' title='bbox 554 2071 641 2120; x_wconf 81' lang='grc' dir='ltr'>περὶ</span> <span class='ocrx_word' id='word_1_173' title='bbox 674 2068 902 2117; x_wconf 73' lang='grc' dir='ltr'>συντάξεως,</span> <span class='ocrx_word' id='word_1_174' title='bbox 927 2084 997 2109; x_wconf 81' lang='lat' dir='ltr'>seu</span> <span class='ocrx_word' id='word_1_175' title='bbox 1032 2071 1082 2110; x_wconf 88' lang='lat' dir='ltr'>de</span> <span class='ocrx_word' id='word_1_176' title='bbox 1105 2071 1280 2124; x_wconf 84' lang='lat' dir='ltr'>Republ.</span> <span class='ocrx_word' id='word_1_177' title='bbox 1304 2073 1547 2119; x_wconf 77' lang='lat' dir='ltr'>ordinanda,</span> <span class='ocrx_word' id='word_1_178' title='bbox 1573 2074 1653 2113; x_wconf 86' lang='lat' dir='ltr'>De-</span> 
     </span>
     <span class='ocr_line' id='line_1_22' title="bbox 143 2124 1653 2179; baseline 0.004 -17"><span class='ocrx_word' id='word_1_179' title='bbox 143 2125 369 2165; x_wconf 83' lang='lat' dir='ltr'>mosthenis</span> <span class='ocrx_word' id='word_1_180' title='bbox 391 2141 473 2166; x_wconf 90' lang='lat' dir='ltr'>non</span> <span class='ocrx_word' id='word_1_181' title='bbox 494 2131 569 2171; x_wconf 62' lang='lat' dir='ltr'>est,</span> <span class='ocrx_word' id='word_1_182' title='bbox 593 2126 665 2164; x_wconf 80' lang='lat' dir='ltr'>sed</span> <span class='ocrx_word' id='word_1_183' title='bbox 687 2139 736 2163; x_wconf 80' lang='lat' dir='ltr'>ex</span> <span class='ocrx_word' id='word_1_184' title='bbox 758 2124 849 2163; x_wconf 88' lang='lat' dir='ltr'>aliis</span> <span class='ocrx_word' id='word_1_185' title='bbox 872 2125 972 2177; x_wconf 77' lang='lat' dir='ltr'>ejus,</span> <span class='ocrx_word' id='word_1_186' title='bbox 995 2126 1174 2166; x_wconf 73' lang='lat' dir='ltr'>maxime</span> <span class='ocrx_word' id='word_1_187' title='bbox 1197 2127 1367 2179; x_wconf 71' lang='lat' dir='ltr'>Olynth.</span> <span class='ocrx_word' id='word_1_188' title='bbox 1386 2128 1467 2166; x_wconf 87' lang='lat' dir='ltr'>III.</span> <span class='ocrx_word' id='word_1_189' title='bbox 1494 2134 1535 2167; x_wconf 90' lang='lat' dir='ltr'>et</span> <span class='ocrx_word' id='word_1_190' title='bbox 1559 2129 1653 2168; x_wconf 78' lang='lat' dir='ltr'>Ari-</span> 
     </span>
     <span class='ocr_line' id='line_1_23' title="bbox 143 2180 1653 2235; baseline 0.004 -17"><span class='ocrx_word' id='word_1_191' title='bbox 143 2184 353 2221; x_wconf 84' lang='lat' dir='ltr'>stocratea</span> <span class='ocrx_word' id='word_1_192' title='bbox 398 2182 452 2221; x_wconf 89' lang='lat' dir='ltr'>ab</span> <span class='ocrx_word' id='word_1_193' title='bbox 493 2181 633 2234; x_wconf 80' lang='lat' dir='ltr'>aliquo</span> <span class='ocrx_word' id='word_1_194' title='bbox 680 2180 959 2220; x_wconf 79' lang='lat' dir='ltr'>declamatore</span> <span class='ocrx_word' id='word_1_195' title='bbox 1004 2182 1188 2221; x_wconf 84' lang='lat' dir='ltr'>consutis</span> <span class='ocrx_word' id='word_1_196' title='bbox 1234 2183 1383 2235; x_wconf 83' lang='lat' dir='ltr'>pannis</span> <span class='ocrx_word' id='word_1_197' title='bbox 1424 2185 1653 2224; x_wconf 76' lang='lat' dir='ltr'>(3011lecta.”</span> 
     </span>
     <span class='ocr_line' id='line_1_24' title="bbox 144 2235 1649 2291; baseline 0.004 -18"><span class='ocrx_word' id='word_1_198' title='bbox 144 2235 226 2274; x_wconf 88' lang='lat' dir='ltr'>Pro</span> <span class='ocrx_word' id='word_1_199' title='bbox 247 2237 519 2290; x_wconf 88' lang='lat' dir='ltr'>suppositicia</span> <span class='ocrx_word' id='word_1_200' title='bbox 549 2237 786 2276; x_wconf 82' lang='lat' dir='ltr'>habuerunt</span> <span class='ocrx_word' id='word_1_201' title='bbox 809 2235 936 2275; x_wconf 88' lang='lat' dir='ltr'>etiam</span> <span class='ocrx_word' id='word_1_202' title='bbox 966 2236 1035 2276; x_wconf 83' lang='lat' dir='ltr'>alii</span> <span class='ocrx_word' id='word_1_203' title='bbox 1067 2238 1198 2285; x_wconf 74' lang='lat' dir='ltr'>multi⁷</span> <span class='ocrx_word' id='word_1_204' title='bbox 1228 2238 1338 2278; x_wconf 87' lang='lat' dir='ltr'>inter</span> <span class='ocrx_word' id='word_1_205' title='bbox 1366 2253 1470 2291; x_wconf 78' lang='lat' dir='ltr'>quos</span> <span class='ocrx_word' id='word_1_206' title='bbox 1493 2239 1649 2279; x_wconf 83' lang='lat' dir='ltr'>Boeck-</span> 
     </span>
     <span class='ocr_line' id='line_1_25' title="bbox 143 2290 1649 2345; baseline 0.005 -17"><span class='ocrx_word' id='word_1_207' title='bbox 143 2290 234 2330; x_wconf 85' lang='lat' dir='ltr'>hius</span> <span class='ocrx_word' id='word_1_208' title='bbox 256 2292 306 2331; x_wconf 86' lang='lat' dir='ltr'>de</span> <span class='ocrx_word' id='word_1_209' title='bbox 321 2293 473 2332; x_wconf 86' lang='lat' dir='ltr'>Oeeon.</span> <span class='ocrx_word' id='word_1_210' title='bbox 494 2293 651 2332; x_wconf 81' lang='lat' dir='ltr'>Athen.</span> <span class='ocrx_word' id='word_1_211' title='bbox 673 2292 750 2331; x_wconf 75' lang='lat' dir='ltr'>vol.</span> <span class='ocrx_word' id='word_1_212' title='bbox 775 2305 806 2329; x_wconf 89' lang='lat'>1.</span> <span class='ocrx_word' id='word_1_213' title='bbox 829 2305 868 2343; x_wconf 89' lang='lat' dir='ltr'>p.</span> <span class='ocrx_word' id='word_1_214' title='bbox 886 2304 949 2340; x_wconf 87' lang='lat'>70.</span> <span class='ocrx_word' id='word_1_215' title='bbox 972 2304 1065 2332; x_wconf 78' lang='lat'>220.</span> <span class='ocrx_word' id='word_1_216' title='bbox 1084 2296 1175 2345; x_wconf 80' lang='lat'>238.</span> <span class='ocrx_word' id='word_1_217' title='bbox 1190 2307 1286 2344; x_wconf 78' lang='lat'>475.</span> <span class='ocrx_word' id='word_1_218' title='bbox 1322 2295 1649 2335; x_wconf 69' lang='lat' dir='ltr'>scHAEFER.</span> 
     </span>
     <span class='ocr_line' id='line_1_26' title="bbox 143 2345 1649 2399; baseline 0.004 -15"><span class='ocrx_word' id='word_1_219' title='bbox 143 2345 393 2387; x_wconf 86' lang='lat' dir='ltr'>Boehneckii</span> <span class='ocrx_word' id='word_1_220' title='bbox 415 2349 466 2388; x_wconf 86' lang='lat' dir='ltr'>de</span> <span class='ocrx_word' id='word_1_221' title='bbox 497 2349 574 2387; x_wconf 86' lang='lat' dir='ltr'>hac</span> <span class='ocrx_word' id='word_1_222' title='bbox 605 2347 794 2387; x_wconf 85' lang='lat' dir='ltr'>oratione</span> <span class='ocrx_word' id='word_1_223' title='bbox 817 2346 1051 2399; x_wconf 88' lang='lat' dir='ltr'>opinionem</span> <span class='ocrx_word' id='word_1_224' title='bbox 1082 2349 1402 2388; x_wconf 80' lang='lat' dir='ltr'>memoravimus</span> <span class='ocrx_word' id='word_1_225' title='bbox 1434 2350 1474 2388; x_wconf 91' lang='lat' dir='ltr'>in</span> <span class='ocrx_word' id='word_1_226' title='bbox 1505 2356 1649 2391; x_wconf 86' lang='lat' dir='ltr'>annot.</span> 
     </span>
     <span class='ocr_line' id='line_1_27' title="bbox 142 2401 1649 2459; baseline 0.003 -19"><span class='ocrx_word' id='word_1_227' title='bbox 142 2401 195 2440; x_wconf 89' lang='lat' dir='ltr'>ad</span> <span class='ocrx_word' id='word_1_228' title='bbox 217 2416 257 2454; x_wconf 90' lang='lat' dir='ltr'>p.</span> <span class='ocrx_word' id='word_1_229' title='bbox 284 2404 351 2451; x_wconf 67' lang='lat'>48,</span> <span class='ocrx_word' id='word_1_230' title='bbox 379 2407 440 2442; x_wconf 87' lang='lat'>16.</span> <span class='ocrx_word' id='word_1_231' title='bbox 503 2404 575 2442; x_wconf 84' lang='lat' dir='ltr'>Ad</span> <span class='ocrx_word' id='word_1_232' title='bbox 607 2409 772 2455; x_wconf 83' lang='lat' dir='ltr'>tempus</span> <span class='ocrx_word' id='word_1_233' title='bbox 803 2401 1005 2441; x_wconf 85' lang='lat' dir='ltr'>orationis</span> <span class='ocrx_word' id='word_1_234' title='bbox 1034 2404 1144 2456; x_wconf 89' lang='lat' dir='ltr'>quod</span> <span class='ocrx_word' id='word_1_235' title='bbox 1177 2404 1343 2449; x_wconf 69' lang='lat' dir='ltr'>attinet,</span> <span class='ocrx_word' id='word_1_236' title='bbox 1367 2410 1463 2457; x_wconf 83' lang='lat' dir='ltr'>post</span> <span class='ocrx_word' id='word_1_237' title='bbox 1486 2406 1649 2459; x_wconf 66' lang='lat' dir='ltr'>Olymp.</span> 
     </span>
     <span class='ocr_line' id='line_1_28' title="bbox 149 2457 1649 2512; baseline 0.003 -18"><span class='ocrx_word' id='word_1_238' title='bbox 149 2469 237 2507; x_wconf 73' lang='lat'>107,</span> <span class='ocrx_word' id='word_1_239' title='bbox 262 2470 298 2498; x_wconf 83' lang='lat'>2.</span> <span class='ocrx_word' id='word_1_240' title='bbox 322 2459 520 2512; x_wconf 82' lang='lat' dir='ltr'>script-ani</span> <span class='ocrx_word' id='word_1_241' title='bbox 552 2474 643 2498; x_wconf 85' lang='lat' dir='ltr'>eam</span> <span class='ocrx_word' id='word_1_242' title='bbox 673 2457 774 2510; x_wconf 78' lang='lat' dir='ltr'>fingi</span> <span class='ocrx_word' id='word_1_243' title='bbox 802 2463 921 2509; x_wconf 84' lang='lat' dir='ltr'>patet</span> <span class='ocrx_word' id='word_1_244' title='bbox 943 2472 992 2496; x_wconf 77' lang='lat' dir='ltr'>ex</span> <span class='ocrx_word' id='word_1_245' title='bbox 1024 2473 1063 2511; x_wconf 90' lang='lat' dir='ltr'>p.</span> <span class='ocrx_word' id='word_1_246' title='bbox 1097 2464 1182 2507; x_wconf 72' lang='grc'>108,</span> <span class='ocrx_word' id='word_1_247' title='bbox 1210 2474 1272 2511; x_wconf 76' lang='lat'>15.</span> <span class='ocrx_word' id='word_1_248' title='bbox 1298 2460 1367 2499; x_wconf 84' lang='lat' dir='ltr'>ubi</span> <span class='ocrx_word' id='word_1_249' title='bbox 1393 2460 1649 2499; x_wconf 83' lang='lat' dir='ltr'>Rhodiorum</span> 
     </span>
     <span class='ocr_line' id='line_1_29' title="bbox 142 2512 1648 2567; baseline 0.004 -18"><span class='ocrx_word' id='word_1_250' title='bbox 142 2512 395 2553; x_wconf 80' lang='lat' dir='ltr'>democratia</span> <span class='ocrx_word' id='word_1_251' title='bbox 411 2514 575 2554; x_wconf 85' lang='lat' dir='ltr'>sublata</span> <span class='ocrx_word' id='word_1_252' title='bbox 593 2517 861 2552; x_wconf 87' lang='lat' dir='ltr'>memoratur.</span> <span class='ocrx_word' id='word_1_253' title='bbox 913 2513 1027 2552; x_wconf 82' lang='lat' dir='ltr'>Conf.</span> <span class='ocrx_word' id='word_1_254' title='bbox 1050 2514 1103 2553; x_wconf 89' lang='lat' dir='ltr'>ad</span> <span class='ocrx_word' id='word_1_255' title='bbox 1126 2529 1164 2567; x_wconf 76' lang='lat' dir='ltr'>p.</span> <span class='ocrx_word' id='word_1_256' title='bbox 1190 2518 1276 2566; x_wconf 71' lang='lat'>196,</span> <span class='ocrx_word' id='word_1_257' title='bbox 1302 2530 1331 2553; x_wconf 85' lang='lat'>1.</span> <span class='ocrx_word' id='word_1_258' title='bbox 1351 2523 1392 2554; x_wconf 88' lang='lat' dir='ltr'>et</span> <span class='ocrx_word' id='word_1_259' title='bbox 1411 2515 1648 2555; x_wconf 84' lang='lat' dir='ltr'>Boehneck.</span> 
     </span>
     <span class='ocr_line' id='line_1_30' title="bbox 143 2566 1649 2622; baseline 0.003 -16"><span class='ocrx_word' id='word_1_260' title='bbox 143 2566 310 2616; x_wconf 70' lang='lat' dir='ltr'>Quaest.</span> <span class='ocrx_word' id='word_1_261' title='bbox 334 2569 410 2608; x_wconf 85' lang='lat' dir='ltr'>vol.</span> <span class='ocrx_word' id='word_1_262' title='bbox 439 2583 472 2608; x_wconf 81' lang='lat'>1.</span> <span class='ocrx_word' id='word_1_263' title='bbox 494 2584 534 2622; x_wconf 92' lang='lat' dir='ltr'>p.</span> <span class='ocrx_word' id='word_1_264' title='bbox 564 2582 664 2619; x_wconf 73' lang='lat'>172..</span> <span class='ocrx_word' id='word_1_265' title='bbox 689 2568 757 2620; x_wconf 93' lang='lat' dir='ltr'>qui</span> <span class='ocrx_word' id='word_1_266' title='bbox 779 2568 830 2607; x_wconf 90' lang='lat' dir='ltr'>ad</span> <span class='ocrx_word' id='word_1_267' title='bbox 855 2568 1133 2608; x_wconf 87' lang='lat' dir='ltr'>definiendum</span> <span class='ocrx_word' id='word_1_268' title='bbox 1159 2570 1359 2609; x_wconf 81' lang='lat' dir='ltr'>orationis</span> <span class='ocrx_word' id='word_1_269' title='bbox 1380 2577 1544 2622; x_wconf 82' lang='lat' dir='ltr'>tempus</span> <span class='ocrx_word' id='word_1_270' title='bbox 1567 2585 1649 2610; x_wconf 88' lang='lat' dir='ltr'>non</span> 
     </span>
     <span class='ocr_line' id='line_1_31' title="bbox 142 2621 1648 2678; baseline 0.004 -19"><span class='ocrx_word' id='word_1_271' title='bbox 142 2621 321 2663; x_wconf 82' lang='lat' dir='ltr'>debebat</span> <span class='ocrx_word' id='word_1_272' title='bbox 342 2624 403 2664; x_wconf 86' lang='lat' dir='ltr'>uti</span> <span class='ocrx_word' id='word_1_273' title='bbox 425 2625 474 2663; x_wconf 76' lang='lat' dir='ltr'>iis</span> <span class='ocrx_word' id='word_1_274' title='bbox 498 2639 602 2678; x_wconf 89' lang='lat' dir='ltr'>quae</span> <span class='ocrx_word' id='word_1_275' title='bbox 625 2625 675 2663; x_wconf 86' lang='lat' dir='ltr'>de</span> <span class='ocrx_word' id='word_1_276' title='bbox 700 2623 1018 2675; x_wconf 75' lang='lat' dir='ltr'>Megarensibus</span> <span class='ocrx_word' id='word_1_277' title='bbox 1039 2624 1141 2664; x_wconf 84' lang='lat' dir='ltr'>dicit</span> <span class='ocrx_word' id='word_1_278' title='bbox 1163 2630 1306 2663; x_wconf 85' lang='lat' dir='ltr'>orator</span> <span class='ocrx_word' id='word_1_279' title='bbox 1327 2639 1364 2676; x_wconf 91' lang='lat' dir='ltr'>p.</span> <span class='ocrx_word' id='word_1_280' title='bbox 1397 2638 1483 2677; x_wconf 67' lang='lat'>175.</span> <span class='ocrx_word' id='word_1_281' title='bbox 1510 2638 1574 2674; x_wconf 82' lang='lat'>24.</span> <span class='ocrx_word' id='word_1_282' title='bbox 1598 2626 1648 2665; x_wconf 90' lang='lat' dir='ltr'>de</span> 
     </span>
     <span class='ocr_line' id='line_1_32' title="bbox 143 2678 828 2731; baseline 0.001 -17"><span class='ocrx_word' id='word_1_283' title='bbox 143 2692 222 2728; x_wconf 81' lang='lat' dir='ltr'>quo</span> <span class='ocrx_word' id='word_1_284' title='bbox 244 2678 331 2717; x_wconf 89' lang='lat' dir='ltr'>loco</span> <span class='ocrx_word' id='word_1_285' title='bbox 354 2679 510 2719; x_wconf 88' lang='lat' dir='ltr'>dietum</span> <span class='ocrx_word' id='word_1_286' title='bbox 532 2680 585 2719; x_wconf 83' lang='lat' dir='ltr'>ad</span> <span class='ocrx_word' id='word_1_287' title='bbox 607 2694 646 2731; x_wconf 90' lang='lat' dir='ltr'>p.</span> <span class='ocrx_word' id='word_1_288' title='bbox 671 2693 738 2731; x_wconf 78' lang='lat'>34,</span> <span class='ocrx_word' id='word_1_289' title='bbox 767 2691 828 2716; x_wconf 83' lang='grc'>10.</span> 
     </span>
    </p>
   </div>
   <div class='ocr_carea' id='block_1_4' title="bbox 204 2843 1645 2895">
    <p class='ocr_par' dir='ltr' id='par_1_4' title="bbox 204 2843 1645 2895">
     <span class='ocr_line' id='line_1_33' title="bbox 204 2843 1645 2895; baseline 0.003 -16"><span class='ocrx_word' id='word_1_290' title='bbox 204 2843 291 2888; x_wconf 74' lang='grc'>166,</span> <span class='ocrx_word' id='word_1_291' title='bbox 321 2856 351 2881; x_wconf 91' lang='lat'>1.</span> <span class='ocrx_word' id='word_1_292' title='bbox 386 2847 466 2882; x_wconf 82' lang='grc' dir='ltr'>Τοῦ</span> <span class='ocrx_word' id='word_1_293' title='bbox 500 2845 691 2894; x_wconf 83' lang='grc' dir='ltr'>παρόντος</span> <span class='ocrx_word' id='word_1_294' title='bbox 727 2844 925 2895; x_wconf 78' lang='grc' dir='ltr'>ἀργυρίου]</span> <span class='ocrx_word' id='word_1_295' title='bbox 967 2844 1070 2882; x_wconf 85' lang='lat' dir='ltr'>Mox</span> <span class='ocrx_word' id='word_1_296' title='bbox 1097 2857 1131 2881; x_wconf 81' lang='lat' dir='ltr'>v.</span> <span class='ocrx_word' id='word_1_297' title='bbox 1161 2855 1220 2895; x_wconf 78' lang='lat'>13.</span> <span class='ocrx_word' id='word_1_298' title='bbox 1254 2844 1645 2893; x_wconf 74' lang='grc' dir='ltr'>τάργύριον-τοῦτο,</span> 
     </span>
    </p>
   </div>
   <div class='ocr_carea' id='block_1_5' title="bbox 139 2897 950 2946">
    <p class='ocr_par' dir='ltr' id='par_1_5' title="bbox 139 2897 950 2946">
     <span class='ocr_line' id='line_1_34' title="bbox 139 2897 950 2946; baseline 0.005 -13"><span class='ocrx_word' id='word_1_299' title='bbox 139 2897 226 2945; x_wconf 87' lang='grc' dir='ltr'>περὶ</span> <span class='ocrx_word' id='word_1_300' title='bbox 247 2898 290 2935; x_wconf 78' lang='grc' dir='ltr'>οὗ</span> <span class='ocrx_word' id='word_1_301' title='bbox 310 2900 565 2946; x_wconf 82' lang='grc' dir='ltr'>βουλεύεσθε.</span> <span class='ocrx_word' id='word_1_302' title='bbox 619 2898 950 2938; x_wconf 75' lang='lat' dir='ltr'>SCHAEFER.</span> 
     </span>
    </p>
   </div>
  </div>
 </body>
</html>
