1914 3184
301 159 427 199 xxxvi
928 157 1189 197 REISKII

299 268 444 302 editioni
479 267 646 308 Aldinae,
681 278 798 301 verum
835 268 939 301 etiam
973 267 1177 306 Basileensi,
1214 278 1303 312 quae
1333 270 1512 311 postrema
1545 270 1606 305 est,
1642 277 1709 300 non
1744 266 1818 299 sine

287 331 420 379 fructu
449 331 689 372 adhibenda-35
719 343 801 364 vam
831 330 866 364 in
896 335 1035 370 neutra,
1067 342 1160 376 quoe
1190 330 1246 364 hic
1274 330 1518 369 emendantur,
1549 333 1643 363 recte
1674 329 1815 363 habent.

301 394 375 430 Hic
406 402 463 429 est
492 394 624 429 titulus
655 393 841 441 opusculi,
866 393 912 429 de
944 406 1019 440 quo
1043 396 1124 442 jam
1154 393 1296 428 dudum
1328 391 1454 428 dicere
1484 391 1711 433 debuissem,
1743 391 1816 427 nisi

300 459 418 494 satius
453 458 647 494 duxissem
681 457 879 492 historiam
915 456 1124 492 editionum
1154 455 1429 492 Demosthenis
1464 468 1540 491 non
1574 456 1815 504 interrumpi.

301 523 445 558 Prodiit
464 523 537 557 hoc
559 520 783 568 opusculum
808 519 982 556 Basileae
1002 521 1167 568 primum
1187 521 1226 556 in
1248 527 1384 568 quarto
1404 519 1564 555 minimo
1584 532 1685 555 anno
1705 530 1816 566 1533.

300 586 472 635 Triginta
491 597 613 633 paene
635 585 745 620 annis
766 592 853 632 post
878 584 980 620 idem
1000 584 1111 620 &Vols
1126 584 1285 621 editioni
1311 596 1401 620 suae
1423 583 1697 619 Demosthenis
1716 582 1815 618 inse-

300 651 377 685 ruit
397 662 483 685 cum
506 647 632 695 aliqua
653 648 871 683 accessione
895 661 975 684 sua.
1034 649 1262 698 Obsopoeus
1282 649 1383 684 enim
1405 660 1491 684 cum
1513 647 1684 682 libellum
1705 658 1817 681 suum

302 713 541 760 Hieronymo
568 712 876 760 Baumgartnero
892 711 915 754 ἰ,
938 713 1099 761 patricio
1129 726 1172 749 ac
1202 713 1368 749 senatori
1394 711 1723 759 Norimbcrgensi,
1745 709 1815 745 ob-

301 777 462 816 tulisset,
495 775 604 812 Wolf
632 784 839 812 renovatae
874 776 1028 812 editioni
1058 777 1170 826 hujus
1202 776 1385 825 epistolae
1419 775 1673 812 dedicatoriae
1703 774 1816 809 aliam

299 853 408 876 suam
442 840 487 876 ad
521 840 629 875 istius
660 839 889 888 Hieronymi
919 841 1211 891 Baumgartneri
1239 841 1372 883 filium,
1402 840 1501 888 patri
1531 839 1814 888 cognominem,

300 905 508 940 Consulem
545 903 925 953 Norimbergensem,
961 905 1110 954 adjecit.
1178 906 1222 941 In
1258 906 1330 941 hoc
1367 904 1552 953 opusculo
1587 903 1814 949 Obsopoeus

300 969 407 1004 locos
438 980 515 1003 non
545 980 689 1015 paucos
710 968 981 1004 Demosthenis
1008 969 1134 1004 Aldini
1165 982 1184 1004 e
1214 969 1345 1005 codice
1376 967 1650 1015 manuscripto,
1682 966 1747 1013 qui
1775 966 1815 1001 in

299 1044 434 1068 manus
456 1035 536 1080 ejus
555 1038 715 1066 venerat
743 1043 763 1066 e
785 1031 996 1076 Pannonia,
1019 1033 1195 1075 correxit,
1217 1041 1283 1068 aut
1310 1033 1435 1068 saltim
1456 1032 1579 1067 varias
1606 1033 1686 1080 ejus
1705 1029 1813 1066 lecti-

299 1108 392 1131 ones
422 1095 643 1143 expromsit.
701 1095 830 1138 Quare
862 1097 1124 1133 Pannonicum
1157 1098 1258 1132 hunc
1289 1097 1460 1132 codicem
1491 1096 1595 1132 soleo
1624 1095 1814 1143 appellare

299 1159 345 1195 ad
373 1159 591 1206 exemplum
614 1158 770 1201 Wolfii;
804 1160 869 1206 qui
895 1160 1016 1196 codex
1042 1174 1117 1208 quo
1144 1161 1351 1203 devenerit,
1373 1160 1473 1196 haud
1501 1167 1663 1196 constat.
1721 1159 1811 1194 Non

298 1221 369 1259 fuit
392 1222 456 1258 ille
479 1223 632 1271 quidem
660 1223 828 1270 optimae
850 1232 990 1265 notae;
1021 1221 1135 1261 habet
1159 1233 1289 1260 tamen
1314 1224 1507 1260 interdum
1527 1223 1710 1260 lectiones
1734 1236 1813 1259 non

299 1287 613 1323 contemnendas,

163 1364 285 1387 xxxlv
353 1351 425 1387 Sed
456 1353 571 1388 redeo
604 1353 649 1389 ad
683 1365 778 1401 opus
801 1352 1045 1388 Wolfianum.
1103 1353 1227 1388 Erunt
1258 1353 1339 1388 sine
1370 1352 1485 1388 (lubio
1514 1352 1578 1399 qui
1609 1351 1809 1391 mirentur,

298 1415 412 1464 quod,
436 1428 522 1451 cum
552 1417 653 1452 inter
673 1425 839 1464 quatuor
857 1416 1022 1456 codices,
1045 1428 1064 1452 e
1087 1417 1224 1464 quibus
1252 1425 1452 1464 excerptae
1482 1416 1661 1451 dicuntur
1681 1415 1810 1451 variae

296 1480 483 1516 lectiones
504 1493 539 1528 p,
565 1480 752 1527 138—142.
776 1481 935 1529 positae,
954 1480 1210 1516 Felicianeam
1236 1481 1505 1521 nominassem,
1527 1492 1654 1515 rursus
1679 1487 1808 1515 tamen

296 1556 333 1590 p.
357 1554 438 1589 ¹37·
460 1552 665 1579 occurrant
680 1546 886 1580 varietates
908 1556 927 1579 e
950 1544 1175 1579 Felicianea.
1233 1545 1416 1579 Caussam
1436 1544 1490 1579 rei
1512 1544 1640 1591 accipe
1661 1555 1683 1578 a
1705 1543 1808 1578 brevi

295 1607 424 1643 Wolfii
457 1608 526 1643 hac
556 1607 813 1655 praefatione:
850 1608 975 1643 “Post
1003 1608 1248 1643 immaturum
1279 1608 1427 1643 obitum
1459 1608 1643 1657 ssolgangi
1666 1607 1805 1654 Empa-

296 1671 398 1707 cheri
420 1672 707 1707 Ti1·olensis—'’
730 1672 929 1708 Clauditur
965 1672 1036 1707 hoc
1068 1680 1288 1719 excerptum
1322 1672 1391 1707 hac
1421 1672 1611 1707 clausula:
1647 1672 1810 1719 “Atque

294 1736 387 1771 haec
417 1749 459 1770 ex
489 1736 802 1771 annotationibus
835 1736 930 1771 meis
963 1736 1001 1770 in
1033 1736 1263 1770 Felicianum
1296 1735 1465 1771 codicem
1502 1735 1686 1771 confectis
1720 1744 1809 1772 ante

295 1811 415 1834 annos
446 1811 505 1841 22,
529 1811 562 1845 3.
585 1800 719 1834 Nonas
740 1800 1100 1847 Decembr.1569.”
1159 1800 1309 1848 Ergone
1342 1812 1420 1835 non
1455 1808 1544 1835 sunt
1576 1800 1646 1834 hae
1680 1812 1809 1836 merae

294 1863 422 1897 variae
442 1862 627 1897 lectiones
650 1875 669 1898 e
692 1863 921 1901 Felicianea,
944 1862 1008 1897 sed
1029 1862 1266 1897 intermistae
1289 1874 1440 1909 quoque
1461 1870 1549 1897 sunt
1563 1862 1690 1898 Wolfii
1714 1875 1808 1898 con..

290 1926 493 1974 Jecturae?
552 1927 814 1962 Examinetur.
874 1926 1092 1973 Insequitur
1112 1926 1247 1973 duplex
1279 1926 1445 1962 accessio
1473 1939 1516 1961 ex
1542 1927 1708 1962 editione
1730 1928 1805 1962 Lu-

295 1991 447 2025 tetiana·
519 1991 644 2025 Prima
677 1991 900 2026 varietatem
937 1990 1112 2025 lectionis
1146 1990 1309 2033 exhibet,
1344 2003 1441 2037 quae
1476 1998 1532 2026 est
1565 1991 1604 2025 in
1639 1991 1808 2028 editione

294 2054 501 2089 Lutetiana
530 2055 576 2090 ab
594 2054 808 2089 Wolfiana:
843 2054 1017 2102 procedit
1046 2054 1141 2089 haec
1172 2066 1193 2088 a
1212 2062 1346 2101 p.159.
1371 2054 1415 2089 ad
1437 2065 1520 2100 174.
1578 2055 1711 2090 Altera
1742 2068 1806 2091 ac-

294 2118 414 2152 cessio
437 2118 489 2153 sic
511 2126 568 2153 est
587 2118 770 2166 inscripta
790 2118 904 2154 modo
926 2117 1157 2165 perobscuro
1178 2126 1215 2153 et
1231 2118 1369 2153 dubio:
1402 2118 1539 2154 Variae
1560 2118 1746 2155 lectiones
1768 2127 1807 2155 et

294 2188 409 2216 notae
439 2181 477 2215 in
508 2181 698 2216 orationes
719 2181 990 2217 Demosthenis
1012 2194 1031 2216 e
1053 2181 1258 2216 Lutetiano
1280 2181 1411 2217 codice
1432 2190 1648 2230 excerptae.
1708 2182 1807 2219 Sunt

294 2243 489 2278 enimvero
509 2244 580 2279 hae
601 2243 694 2278 nihil
715 2244 815 2279 aliud
834 2257 946 2291 quam
971 2245 1046 2284 ille,
1063 2257 1176 2291 quern
1197 2245 1389 2292 appellare
1410 2245 1513 2281 soleo
1530 2246 1678 2281 indicem
1695 2246 1806 2281 Lam·

296 2307 378 2346 bini,
401 2307 447 2341 de
470 2319 544 2353 quo
565 2319 701 2353 supra;
735 2308 798 2354 qui
822 2308 860 2342 in
883 2308 1027 2343 calcem
1050 2308 1226 2343 editionis
1248 2309 1523 2345 Lambinianae
1552 2313 1716 2358 rejectus
1737 2318 1804 2345 est.

295 2369 513 2405 Procedunt
534 2371 601 2404 hae
628 2383 650 2404 a
669 2383 705 2417 p.
726 2380 811 2417 175.
838 2372 883 2406 ad
903 2381 988 2417 177.
1048 2372 1080 2405 A
1100 2383 1136 2418 p.
1152 2372 1236 2418 178.
1259 2372 1447 2419 incipiunt
1467 2373 1593 2408 variae
1620 2373 1805 2410 lectiones

295 2433 438 2467 codicis
461 2434 669 2481 Augustani
692 2434 974 2469 membranacei
994 2434 1094 2469 illius
1115 2435 1269 2483 egregii,
1293 2447 1406 2482 quem
1428 2437 1583 2483 primum
1612 2437 1805 2484 appellare

295 2496 412 2531 soleo.
457 2497 572 2544 Cujus
593 2497 788 2532 historiam
807 2510 1082 2546 cognoscamus
1099 2510 1118 2533 e
1138 2498 1374 2545 praefatione
1388 2499 1517 2534 Wolfii
1538 2500 1582 2535 ad
1601 2512 1674 2541 eas,
1690 2513 1804 2547 quam

295 2567 413 2594 totam
435 2559 510 2594 huc
531 2561 857 2601 transscriberem,
881 2561 909 2595 si
932 2569 1095 2596 vacaret.
1152 2561 1249 2596 Tum
1278 2563 1491 2609 procedunt
1510 2563 1597 2599 illae
1617 2564 1804 2600 lectiones

295 2624 538 2671 Augustanae
559 2636 581 2658 a
600 2637 635 2672 p.
658 2633 850 2671 179-192.
908 2625 1166 2672 praescriptus
1190 2625 1235 2660 iis
1263 2633 1319 2661 est
1349 2625 1408 2661 hic
1435 2627 1590 2662 titulus:
1624 2628 1804 2663 Diversae

295 2686 459 2721 lectiones
486 2700 528 2721 ec
550 2689 779 2734 Avyustanae
808 2689 862 2723 rei
887 2689 1054 2734 publicae
1083 2688 1311 2723 bibliothecae
1340 2690 1456 2724 codice
1483 2691 1718 2726 vetustissimo
1748 2692 1802 2727 in-

336 2847 344 2869 i
371 2849 525 2888 Viderint,
557 2852 669 2890 quibus
701 2852 836 2883 familiae
866 2854 1014 2892 patriciae
1084 2854 1340 2892 Banmgartneri‚
1370 2854 1420 2884 cui
1450 2854 1600 2884 Erasmus
1626 2854 1802 2884 Roteroda-

295 2901 608 2942 Norimbergensium
644 2906 780 2935 notiores
811 2916 905 2944 qnam
936 2906 1014 2935 mihi
1081 2917 1151 2936 mus
1184 2907 1353 2937 editionem
1385 2907 1630 2946 Herwagiauam
1668 2908 1802 2946 primam

293 2960 380 2991 sunt,
397 2965 473 2984 num
490 2963 578 2994 pater
596 2957 645 2987 hic
661 2958 701 2988 sit
717 2958 799 2988 illius
816 2959 868 2988 Jo.
885 2959 1010 2998 Georgii
1082 2960 1247 2998 inscripsit,
