1914 3184
227 144 308 186 192
672 142 1023 182 PHILIPPICA
1059 139 1295 180 TERTIA.

229 248 387 287 tionem
425 248 475 287 de
511 247 588 286 hac
627 246 817 285 oratione
858 261 896 298 p.
942 247 1171 296 198—-206.
1214 248 1256 282 et
1291 257 1316 282 a
1348 242 1662 282 Funkhaenelio
1699 245 1741 279 et

230 303 441 342 Boeckhio
482 303 522 341 in
565 301 891 341 Zimmermanni
935 300 1078 339 Diario
1120 298 1354 338 studiorum
1396 297 1662 350 antiquitatis
1703 312 1740 335 a.

235 360 353 409 1841.
376 374 414 412 p.
437 370 689 410 305-—315.,
713 357 763 395 de
786 371 866 409 quo
890 356 1035 395 statim
1057 355 1231 394 dicetur.

296 427 383 461 121,
407 416 468 454 28.
494 412 614 465 ἔστω]
643 414 680 450 A
701 426 826 451 manu
844 426 922 450 rec.
947 425 1072 463 supra
1090 424 1250 449 versum
1269 409 1467 461 scriptum
1490 414 1554 448 est
1574 408 1615 446 in
1635 408 1676 447 S.
1700 414 1740 447 et

229 475 467 523 suspectum
500 474 576 512 est,
601 482 727 520 quum
755 481 828 506 nec
860 466 1133 520 psephismati
1166 480 1239 504 nec
1271 464 1487 504 columnae
1509 463 1740 508 conveniat,

229 531 277 566 ut
326 525 502 565 aliorum
552 522 789 575 hujusmodi
831 527 1194 562 monumentorum
1240 520 1551 573 comparatione
1601 519 1742 558 docuit

231 582 266 620 F
270 579 569 620 unkhaenelius
591 593 630 631 p.
653 590 749 631 310.
812 578 919 617 Nam
952 578 991 616 in
1025 577 1308 630 psephismate
1331 575 1531 629 scriptum
1553 589 1643 614 esse
1673 575 1741 613 de-

229 636 333 683 buit,
358 637 629 685 Θεμιστοκλῆς
660 633 1239 684 εἶπε-’Ἄρθμιον-*πολέμιον
1272 632 1370 671 εἶναι
1401 635 1468 670 τοῦ
1498 630 1616 680 δήμου
1647 634 1741 676 etc„

230 693 271 731 in
293 692 483 731 columna
505 704 601 729 vero
623 690 733 728 solus
756 689 853 742 poni
876 689 1020 728 debuit
1041 688 1322 727 nominativus
1344 687 1554 726 intellecto
1576 685 1742 737 ἀνεγρά-

231 755 285 797 φη
306 764 313 787 ;
349 748 448 786 ἔστω
470 760 566 785 vero
589 745 629 784 in
651 745 810 799 legibus
832 745 967 784 locum
988 744 1129 784 habet.
1193 743 1312 794 Quod
1334 742 1546 796 praecedit
1568 742 1743 781 vocabu-

230 805 314 842 lum
336 804 468 852 ἄτιμος
490 801 566 841 etsi
588 801 641 840 ab
666 801 948 840 Demosthene
971 800 1173 853 scriptum
1196 813 1285 838 esse
1310 798 1527 851 sequentia
1548 802 1742 851 arguunt,

231 864 372 899 tamen
394 856 579 897 dubitari
602 861 744 910 potest
764 871 817 896 an
839 856 880 895 in
914 857 1083 895 decreto
1105 860 1147 894 et
1169 855 1359 894 columna
1380 855 1457 893 11οο
1478 868 1532 893 an
1552 853 1634 893 alio
1655 853 1743 892 1000

231 913 412 968 positum
435 913 573 961 fuerit,
598 913 630 951 si
664 912 832 951 omnino
865 912 1048 965 positum
1069 911 1160 951 fuit.
1224 911 1331 951 Nam
1365 909 1405 948 in
1437 910 1571 949 altero
1594 909 1743 948 Demo-

231 970 390 1010 sthenis
407 970 497 1008 1000
515 974 557 1008 et
577 968 690 1022 apud
708 968 965 1007 Dinarchum
981 972 1025 1008 et
1042 967 1295 1007 Aeschinem
1312 980 1395 1005 non
1416 965 1572 1005 diserte
1593 979 1744 1004 memo-

231 1031 351 1066 ratur
387 1026 529 1074 ἀτιμία,
566 1038 698 1077 neque
734 1038 837 1077 opus
874 1028 977 1069 erat,
1016 1038 1142 1076 quum
1184 1023 1251 1075 qui
1292 1021 1479 1071 πολέμιος
1519 1025 1585 1060 τοῦ
1626 1020 1745 1070 δήμου

231 1081 514 1135 psephismate
548 1085 589 1119 ot
617 1080 808 1119 columna
840 1079 1003 1132 publice
1036 1079 1254 1132 proposita
1285 1082 1393 1117 esset
1425 1077 1673 1123 declaratus,
1696 1091 1744 1116 eo

232 1138 322 1191 ipso
345 1139 480 1187 ἄτιμος
502 1136 633 1183 fieret,
657 1140 704 1174 ut
725 1135 886 1175 monuit
911 1134 1250 1174 Funkhaenelius
1271 1149 1310 1187 p.
1333 1146 1429 1187 307.

294 1205 383 1237 122,
416 1206 446 1230 1.
470 1193 529 1231 ὅτι
547 1192 616 1231 τὸν
637 1191 787 1244 χρυσὸν
810 1209 841 1230 κ.
864 1208 896 1230 τ.
921 1192 980 1244 λ.]
1015 1190 1171 1244 Tangit
1192 1191 1229 1228 h.
1254 1190 1278 1229 l.
1304 1188 1514 1228 Aristides
1535 1203 1574 1242 p.
1603 1202 1692 1240 194.
1725 1190 1745 1227 ὁ

234 1248 490 1299 Δημοσθένης
522 1249 607 1287 ἀντὶ
628 1252 695 1286 τοῦ
729 1249 866 1293 εἰπεῖν,
888 1248 909 1286 ὁ
937 1246 1123 1298 ’Ἄρθμιος
1157 1246 1366 1295 ἐκολάσθη,
1392 1245 1522 1293 ἐπειδὴ
1550 1244 1747 1295 διέφθειρέ

232 1322 338 1346 τινας
372 1304 570 1356 χρήμασιν
601 1305 643 1343 ἐν
668 1303 976 1356 Πελοποννήσῳ,
1000 1304 1020 1342 ὁ
1052 1302 1081 1341 δ’
1116 1304 1158 1341 ἐν
1193 1301 1297 1353 γένει
1330 1301 1460 1345 εἰπὼν,
1494 1301 1553 1339 ὅτι
1582 1302 1747 1351 χρυσίον

233 1362 390 1410 ἐκόμισε
412 1362 516 1409 παρὰ
536 1359 749 1409 βασιλέως,
773 1360 990 1408 σεμνότητα
1013 1358 1234 1409 εἰργάσατο.
1297 1356 1490 1396 REISK.

294 1429 385 1462 122,
405 1418 442 1455 6.
469 1414 635 1468 ἀξίωμα]
667 1415 698 1453 Ι.
721 1429 760 1468 q.
783 1416 975 1466 φρόνημα.
1011 1412 1342 1453 SOHAEFER.
1406 1411 1656 1466 Βιζφιίΐαίωη
1676 1426 1747 1464 ap-

232 1472 360 1526 pellat
381 1471 548 1524 dignam
566 1470 777 1523 republica
798 1470 1003 1510 sentiendi
1021 1469 1253 1523 agendique
1269 1468 1486 1508 rationem.
1524 1467 1558 1506 F
1563 1467 1746 1506 R-ANK.

299 1539 384 1573 122,
414 1540 475 1565 11.
508 1530 620 1565 τοῦτο
641 1525 677 1578 ῥ’
703 1524 1466 1575 ἐστὶν-ἀτιμίαν-ἄτιμος-τεθνάτω]
1509 1523 1747 1563 Mirabilem

233 1585 340 1624 hanc
374 1588 416 1622 et
452 1581 683 1621 inauditam
720 1581 907 1620 vocabuli
941 1583 1073 1630 ἄτιμος
1106 1580 1496 1633 interpretationem
1528 1579 1747 1619 annotavit

237 1638 549 1692 Harpocration
580 1652 612 1676 s.
635 1637 671 1676 h.
696 1652 745 1681 11.,
780 1641 892 1676 τοῦτο
928 1638 1028 1678 ἰδίως
1060 1638 1171 1685 ἔταξε
1204 1636 1460 1686 Δημοσθένης
1486 1639 1746 1677 Φιλιππικοῖς.

236 1696 358 1747 ἤγουν
389 1694 435 1733 ὃν
467 1695 515 1732 ἄν
547 1710 600 1733 τις
632 1694 862 1733 ἀποκτείνας
893 1693 963 1744 οὐχ
995 1694 1193 1731 ὑπόκειται
1224 1694 1409 1744 ἐπιτιμίῳ.
1433 1695 1511 1730 etc.
1535 1691 1747 1743 secutique

237 1756 335 1791 sunt
368 1749 632 1796 recentiores,
656 1763 737 1788 non
772 1748 1043 1788 dissentiente
1066 1748 1353 1787 Schoemanno
1376 1747 1524 1799 Antiq.
1558 1747 1669 1800 publ.
1705 1762 1743 1800 p.

242 1820 333 1859 199.
399 1806 491 1844 Non
525 1805 660 1843 111111113
694 1804 899 1844 mirabilia
921 1810 1018 1843 sunt
1039 1804 1189 1856 quibus
1221 1803 1457 1842 defenditur
1476 1803 1746 1855 argumentis,

236 1861 467 1903 manifestis
502 1861 599 1900 nixa
630 1860 850 1904 erroribus,
875 1875 976 1913 quos
1004 1860 1093 1913 jain
1126 1859 1370 1913 Spengelius
1401 1859 1575 1898 notavit.
1640 1858 1746 1898 Nam

238 1919 348 1972 quod
385 1919 539 1967 ἀτιμίαν
575 1916 732 1956 usitata
767 1916 899 1969 accipi
935 1915 1241 1969 significatione
1276 1929 1398 1968 posse
1434 1919 1560 1968 negat
1591 1918 1748 1963 orator,

238 1974 336 2027 quia
358 1973 535 2012 hominis
553 1972 713 2011 Zelitae
736 1972 838 2011 nihil
860 1971 1096 2012 interfuerit
1113 1971 1276 2024 juribus
1298 1971 1376 2009 frui
1400 1970 1550 2010 civium
1572 1970 1749 2010 Atheni-

237 2030 409 2075 ensium,
432 2033 506 2069 aut
537 2043 619 2067 non
651 2028 852 2081 cogitavit
882 2033 956 2068 aut
988 2027 1196 2082 ignoravit
1226 2027 1336 2080 quod
1358 2026 1587 2065 Aeschines
1608 2026 1746 2075 refert,

236 2087 352 2139 cujus
370 2086 496 2125 verba
517 2099 643 2138 supra
665 2084 944 2137 apposuimus,
962 2083 1204 2124 Arthmiun]
1227 2096 1456 2137 111-0110110111
1474 2082 1598 2122 fuisse
1617 2081 1748 2121 Athe-

238 2142 454 2189 niensium,
491 2155 622 2193 eoque
660 2140 823 2179 nomine
855 2140 1019 2193 juribus
1055 2144 1098 2179 et
1138 2139 1362 2193 privilegiis
1402 2139 1629 2188 wpogezaelaea
1659 2152 1749 2177 0330

238 2213 372 2246 11311111,
408 2197 557 2250 quibus
591 2196 828 2249 privaretur
863 2211 989 2248 quum
1024 2196 1144 2235 fieret
1179 2197 1321 2245 ἄτιμος.
1385 2193 1546 2233 Deinde
1580 2193 1749 2234 infamia

238 2254 363 2293 etiam
383 2252 562 2306 posteris
581 2252 764 2291 Arthmii
787 2251 914 2306 infligi
932 2256 1111 2305 poterat,
1130 2255 1177 2290 ut
1199 2256 1310 2290 recte
1331 2249 1485 2289 dixerit
1504 2249 1749 2289 Demosthe-

239 2324 311 2349 nes
334 2308 949 2361 ἐχθρὸν-ἀνέγραψαν-αὐτὸν
965 2308 1024 2346 καὶ
1041 2307 1157 2358 γένος
1180 2308 1240 2346 καὶ
1262 2307 1440 2356 ἀτίμους;
1475 2305 1544 2345 illa
1559 2319 1656 2345 vero
1677 2305 1749 2344 im-

238 2365 372 2405 manis
413 2363 636 2403 crudelitas
677 2363 835 2410 fuisset,
870 2363 903 2402 si
948 2362 1224 2402 Athenienses
1265 2361 1542 2401 decrevissent
1582 2366 1629 2401 ut
1668 2375 1749 2400 non

241 2421 371 2460 30111111
395 2419 636 2459 Arthmium
659 2418 806 2471 ipsum,
829 2419 901 2458 sed
932 2418 1060 2458 etiam
1091 2422 1280 2470 posteros
1311 2417 1400 2469 ejus
1421 2417 1587 2470 impune
1608 2417 1750 2456 liceret

239 2476 439 2516 occidere.
501 2474 692 2527 Denique
724 2474 846 2527 plane
866 2473 1108 2513 incredibile
1128 2478 1193 2512 est
1214 2472 1255 2511 in
1279 2475 1408 2522 νόμοις
1429 2477 1604 2524 φονικοῖς
1624 2473 1750 2512 verba

239 2534 373 2582 ἄτιμος
404 2530 575 2570 τεθνάτω
608 2544 656 2569 eo
678 2544 797 2569 sensu
822 2529 935 2569 dicta
954 2529 1079 2569 fuisse
1100 2544 1181 2582 quo
1213 2530 1364 2578 νηποινὶ
1385 2529 1555 2568 τεθνάτω
1587 2528 1628 2567 111
1661 2528 1749 2582 lege

239 2589 349 2641 apud
374 2585 637 2627 Andocidem
671 2601 709 2639 p.
739 2599 799 2638 13,
830 2597 865 2636 7.
898 2585 1084 2636 πολέμιος
1117 2586 1215 2624 ἔστω
1251 2585 1471 2633 Ἀθηναίων
1505 2585 1565 2623 καὶ
1599 2584 1751 2633 νηποινὶ

239 2644 434 2683 τεθνάτωε
480 2642 588 2681 1111(10
626 2642 803 2681 fortasse
836 2641 1031 2694 conjicias
1064 2641 1105 2680 in
1141 2641 1232 2694 lege
1266 2640 1334 2680 illa
1370 2642 1502 2689 ἄτιμος
1540 2654 1622 2679 11011
1657 2653 1750 2679 011111

239 2699 410 2739 τεθνάτω
444 2698 712 2750 conjunctum
733 2697 870 2744 fuisse,
894 2698 966 2737 sed
1001 2697 1201 2750 scriptum
1228 2697 1361 2746 ἄτιμος
1392 2696 1492 2735 ἔστω
1516 2697 1576 2735 καὶ
1599 2696 1750 2745 νηποινὶ

240 2754 411 2794 τεθνάτω
432 2753 494 2793 vel
516 2753 646 2792 simile
669 2753 779 2806 quid.
842 2753 934 2792 Hos
963 2753 1091 2807 igitur
1111 2757 1198 2793 tarn
1220 2752 1434 2805 pudendos
1461 2765 1621 2790 errores
1643 2764 1749 2790 com-

241 2809 399 2849 misisse
433 2809 759 2848 Demosthenem
795 2813 917 2849 tanto
950 2809 1147 2861 majorem
1188 2808 1290 2848 facit
1328 2807 1604 2853 mirationem,
1639 2805 1749 2858 quod

358 2930 375 2947 a
392 2925 440 2955 De
455 2925 505 2954 his
520 2936 548 2955 v.
569 2926 679 2955 Meieri
699 2926 876 2955 Comment.
893 2926 931 2954 (10
947 2924 1108 2963 proxenia‚
1130 2923 1218 2952 Halie
1234 2923 1348 2953 editam
1367 2933 1393 2952 a.
1415 2923 1516 2960 1843„
1534 2932 1562 2960 p.
1584 2931 1630 2958 14.
