1934 3179
296 121 378 162 460
854 124 968 164 PRO
1000 123 1250 164 CORONA.

294 226 434 266 habet.
496 226 717 267 Caeterum
739 227 852 267 vides
881 226 923 266 in
952 227 1194 266 hexametro
1215 228 1347 276 μηδὲν,
1372 226 1412 264 in
1438 230 1699 279 pentametro
1721 227 1802 266 οὔτι

294 281 489 334 positum,
524 286 747 336 utrumque
781 287 907 322 recte.
968 284 1035 321 Ac
1066 283 1186 332 μηδὲν
1225 281 1408 334 positum
1449 286 1495 321 ut
1534 281 1576 320 in
1618 280 1802 335 generali

295 336 476 384 notione,
500 338 848 390 quemadmodum
870 337 956 390 ipse
974 337 1279 377 Demosthenes
1296 337 1475 389 explicat
1491 337 1534 375 τὸ
1550 338 1669 387 μηδὲν
1685 339 1802 387 ἁμαρ-

295 396 377 432 τεῖν
394 393 477 432 ἐστὶ
501 396 611 440 θεῶν,
627 392 672 431 οὔ
688 409 723 431 τι
745 396 886 443 φυγεῖν
900 406 996 431 vero
1017 392 1185 446 proprie
1206 396 1294 432 est:
1329 406 1404 431 77077
1425 392 1636 432 declinasse
1654 406 1686 431 s.
1704 391 1808 445 quod

295 447 495 487 declinare
529 461 606 487 77077
636 454 810 501 possunt.
843 448 1079 486 DISSEN.
1140 447 1408 501 Comparavit
1435 447 1625 487 Graefius
1652 447 1805 486 Home-

296 503 427 542 ricum
465 502 512 542 Il.
551 507 601 549 H.
643 503 736 542 288.
791 507 932 552 μοῖραν
976 502 1005 542 δ’
1048 502 1182 542 οὔτινά
1220 510 1318 554 φημι
1358 503 1611 554 πεφυγμένον
1645 501 1806 552 ἔμμεναι

298 559 459 608 ἀνδρῶν.

352 625 449 665 322,
477 626 538 665 19.
573 613 617 652 οὐ
643 613 694 666 τῷ
723 614 933 666 συμβούλῳ
955 613 1025 662 τὴν
1053 617 1118 652 τοῦ
1149 617 1361 664 κατορθοῦν
1388 613 1475 654 τοὺς
1502 612 1807 664 ἀγωνιζομένους

297 668 461 718 ἀνέθηκε
483 669 656 717 δύναμιν,
681 670 786 707 ἀλλὰ
807 672 885 710 τοῖς
907 668 1029 721 θεοῖς]
1055 668 1248 708 Efficitur
1268 669 1345 708 hoc
1368 668 1627 708 conclusione
1648 682 1699 708 ex
1720 682 1806 707 ver-

297 723 361 762 bis
383 723 708 777 epigrammatis.
772 723 879 763 Nam
902 723 935 762 si
954 724 1009 762 dii
1027 724 1100 763 soli
1119 724 1257 764 onmia
1272 723 1447 764 feliciter
1462 738 1605 777 gerere
1618 728 1805 776 possunt,

297 778 424 818 etiam
458 778 652 818 victorias
684 778 984 831 proeliantibus
1020 780 1094 819 soli
1128 784 1303 832 possunt
1334 779 1530 820 tribuere.
1571 779 1806 818 DISSEN.

298 833 505 874 Dissentit
535 834 816 888 Goettlingius
842 835 866 873 l.
889 849 922 873 c.
946 850 985 887 p.
1006 847 1045 887 5.
1079 836 1147 888 qui
1173 840 1338 875 servato
1363 835 1530 888 vulgato
1562 834 1705 885 ἔπορον
1734 836 1805 886 (sc.

297 891 333 928 οἱ
355 891 455 941 θεοὶ)
479 889 520 928 in
541 889 622 929 fine
646 890 960 943 epigrammatis
991 895 1033 930 et
1066 892 1109 930 ἐν
1135 894 1251 945 βιοτῇ
1282 905 1375 930 cum
1407 893 1616 942 κατορθοῦν
1641 890 1808 943 conjun—

296 959 409 997 gens,
433 945 544 997 quod
565 945 653 998 jam
680 946 771 985 aliis
799 946 1026 998 placuerat,
1049 947 1175 986 verba
1203 947 1285 985 ἐστὶ
1308 950 1406 986 θεῶν
1427 945 1540 985 dicta
1559 945 1712 998 accipit
1733 959 1808 998 pro

299 1001 383 1039 ἐστὶ
400 1004 499 1040 θεῶν
517 1002 637 1049 δόσις,
651 1001 761 1054 quod
782 1015 864 1039 non
886 1006 988 1054 puto
1009 1001 1075 1040 hic
1094 1001 1184 1040 fieri
1207 1016 1327 1054 posse
1348 1016 1422 1041 nec
1443 1001 1607 1054 putavit
1625 1000 1809 1040 Themis-

299 1055 394 1103 tius,
414 1056 530 1109 cujus
547 1057 673 1096 verba
693 1056 886 1110 apposita
908 1061 1005 1095 sunt
1026 1057 1078 1095 ad
1100 1072 1139 1109 p.
1162 1069 1256 1110 322,
1279 1071 1316 1106 4.

354 1124 450 1163 322,
476 1123 540 1160 27.
564 1113 613 1154 ὡς
635 1111 922 1165 διν-πολίτης]
949 1112 1135 1151 Subaudi
1165 1112 1262 1165 ἔχοι.
1325 1112 1377 1152 V.
1401 1117 1486 1152 not.
1513 1112 1567 1151 ad
1588 1127 1628 1165 p.
1653 1123 1745 1165 294,
1769 1124 1807 1162 9.

300 1166 552 1207 SOHAEF.

353 1235 449 1274 322,
475 1234 540 1272 29.
571 1222 714 1272 ἐπάρας
735 1223 805 1271 τὴν
826 1223 978 1275 φωνὴν]
1008 1223 1101 1262 Non
1122 1237 1265 1276 pressa
1287 1227 1329 1263 et
1350 1223 1555 1262 submissa
1576 1235 1675 1262 voce
1697 1236 1806 1269 usus,

299 1278 371 1317 sed
392 1277 559 1317 sublata
580 1277 748 1317 fortiter
768 1282 815 1317 ut
836 1278 876 1316 in
900 1293 943 1318 re
965 1279 1089 1318 laeta.
1151 1280 1388 1318 DISSEN.

354 1344 450 1386 323,
473 1346 503 1372 1.
526 1332 788 1386 λαρυγγίζων]
819 1335 1005 1373 Sonorcm
1026 1335 1128 1374 ‘vocis
1148 1341 1354 1374 ostentans.
1404 1334 1644 1373 Memorant
1662 1332 1810 1372 Pollux

302 1400 337 1435 2,
356 1400 465 1438 207.‚
484 1388 782 1441 Harpocratio‚
796 1389 944 1430 Thom.
960 1390 1074 1442 Mag.
1118 1389 1228 1429 Vide
1245 1394 1463 1442 praeterea
1481 1388 1650 1428 Ernesti
1670 1388 1808 1428 Lexic.

301 1443 494 1483 Technol.
519 1444 591 1482 Gr.
614 1443 770 1483 rhetor.
792 1459 832 1496 p.
860 1455 949 1497 195.
1012 1445 1246 1484 DISSEN.

356 1510 452 1551 323,
474 1512 513 1548 4.
551 1499 619 1537 τὸν
649 1500 726 1537 τῶν
757 1501 885 1548 νόμων
918 1501 978 1539 καὶ
1012 1503 1079 1549 τῆς
1113 1502 1311 1541 πολιτείας
1341 1499 1547 1551 φάσκοντα
1578 1498 1810 1552 φροντίζειν]

301 1553 532 1593 Aeschines
554 1568 629 1606 per
645 1558 781 1593 totam
799 1554 1031 1594 orationem
1049 1569 1167 1595 suam
1184 1560 1385 1608 tanquam
1403 1555 1659 1594 defensorem
1676 1555 1814 1608 legum

301 1614 344 1648 et
378 1609 657 1648 democratiae
680 1609 855 1649 Atticae
884 1624 926 1649 se
956 1610 1079 1663 gerit.
1142 1610 1252 1650 Vide
1284 1610 1413 1664 igitur
1440 1615 1487 1650 ut
1509 1610 1813 1650 Demosthenes

300 1664 443 1717 paucis
476 1664 610 1703 verbis
646 1664 909 1717 magnificam
946 1666 1123 1718 speciem
1160 1666 1308 1713 deleat,
1344 1666 1511 1705 inanem
1546 1669 1813 1718 praetextum

302 1734 392 1759 esse
413 1720 651 1759 ostendens.
714 1720 946 1759 DISSEN.

358 1787 454 1827 323,
479 1777 517 1815 6.
548 1775 898 1829 ταύτὰ-χαίρειν]
934 1776 1156 1816 Structura
1186 1777 1320 1829 poetis
1343 1790 1424 1815 non
1446 1776 1660 1823 inusitata,
1681 1775 1813 1814 multo

302 1830 436 1870 rarior
469 1831 509 1869 in
543 1831 741 1883 prosaicis
775 1831 1063 1884 scriptoribus,
1098 1846 1179 1884 qua
1214 1836 1262 1871 ut
1292 1836 1436 1871 orator
1471 1836 1671 1879 uteretur,
1703 1830 1813 1878 fecit,

303 1886 461 1938 opinor,
494 1886 713 1939 insequens
744 1886 909 1926 dativus
941 1891 1019 1928 τοῖς
1048 1891 1226 1928 πολλοῖς.
1288 1887 1412 1926 Adde
1443 1887 1553 1939 quod
1584 1886 1816 1926 orationem

303 1942 425 1994 hujus
456 1941 533 1981 loci
566 1942 690 1981 altius
722 1946 961 1995 surgentem
992 1942 1105 1981 color
1130 1941 1453 1982 constructionis
1484 1941 1672 1996 poeticus
1702 1941 1815 1981 haud

304 1997 489 2036 dedecet.
552 1997 802 2037 SGHAEF.

360 2066 456 2106 323,
474 2054 510 2091 8.
533 2055 576 2102 τῇ
597 2053 822 2103 προαιρέσει
838 2055 914 2091 τῶν
931 2053 1086 2106 κοινῶν]
1114 2052 1147 2091 Ι.
1164 2068 1202 2105 q.
1219 2053 1264 2102 τῇ
1286 2052 1510 2103 προαιρέσει
1526 2054 1591 2101 τῆς
1606 2052 1815 2093 πολιτείας

362 2175 457 2215 323,
486 2161 955 2216 Ι3τῇ-πραττομένῃ]
993 2162 1107 2202 Ordo
1145 2163 1489 2202 constructionis:
1538 2165 1582 2216 τῇ
1617 2164 1712 2201 κατὰ
1742 2162 1818 2200 τῶν

304 2216 513 2266 Ἑλλήνων
534 2217 776 2270 πραττομένῃ
798 2218 912 2271 ἀρχῇ.
977 2218 1160 2257 Inversio
1188 2218 1290 2258 haec
1312 2218 1469 2257 ordinis
1490 2222 1554 2256 est
1575 2232 1627 2257 ex
1647 2216 1819 2256 idioma-

306 2272 360 2311 tis
383 2272 571 2325 syntaxis
589 2273 798 2311 Graecae:
833 2287 884 2311 ne
906 2273 957 2311 de
975 2273 1143 2312 vocibus
1165 2273 1487 2326 transponendis
1504 2273 1672 2327 cogites.
1719 2271 1818 2310 Alia

306 2328 429 2379 hujus
450 2327 692 2366 inversionis
719 2328 906 2379 exempla
933 2328 1115 2380 reperies
1141 2343 1182 2380 p.
1214 2331 1305 2381 269,
1337 2341 1396 2369 72.
1421 2341 1518 2381 329,
1544 2341 1608 2380 29.
1630 2337 1725 2381 347,
1751 2329 1816 2367 28.

306 2385 402 2434 361,
428 2394 493 2434 25.
516 2384 611 2434 367,
640 2392 700 2434 15.
763 2382 1014 2422 SOHAEF.

363 2451 460 2490 323,
486 2450 548 2490 23.
584 2439 717 2484 καίτοι,
747 2437 793 2486 νὴ
821 2437 889 2476 τὸν
916 2437 1249 2488 Ἱ-Ιρακλέα-ἕως
1275 2440 1435 2479 δούλους
1463 2439 1668 2490 ἐποίησαν]
1705 2437 1819 2477 Citat.

308 2494 416 2532 hunc
438 2492 571 2532 locum
594 2492 817 2545 Dionysius
840 2492 1054 2532 Halicarn.
1077 2494 1152 2533 vol.
1177 2495 1215 2532 6.
1238 2509 1276 2547 p.
1300 2507 1393 2546 949.
1456 2493 1651 2532 REISK.

365 2561 461 2601 323,
488 2561 553 2601 25.
576 2549 638 2600 τὸ]
668 2550 721 2589 εἰς
742 2548 785 2587 τὸ
808 2548 1045 2601 Dionysius.
1107 2548 1300 2588 REISK.

364 2616 461 2657 323,
487 2616 550 2653 27.
575 2604 689 2656 εἰσιν]
713 2603 815 2653 ἦσαν
838 2604 1071 2656 Dionysius.
1134 2604 1327 2644 REISK.

365 2671 461 2711 323,
483 2660 546 2698 28.
572 2660 634 2698 ἐπὶ
653 2660 723 2707 τὴν
746 2659 938 2712 κεφαλὴν]
964 2660 1093 2699 Plane
1115 2659 1172 2699 sic
1189 2659 1362 2699 dicimus
1380 2659 1502 2698 eiozem
1521 2665 1639 2698 etwas
1653 2657 1737 2710 auf
1748 2658 1821 2696 (ten

342 2714 582 2767 ’ojy'sclmltl
596 2714 726 2767 (leben.
789 2714 1038 2754 SGHAEF.

366 2782 462 2821 324,
486 2771 522 2808 6.
560 2770 647 2810 τοὺς
668 2769 912 2821 ὑπάρχοντας
941 2771 1101 2811 πολίτας
1129 2769 1311 2822 explicat
1335 2769 1582 2808 Schaeferus
1608 2768 1707 2807 cives
1727 2781 1821 2806 suae

300 2825 508 2874 factionis.
575 2824 744 2863 M1lim:
777 2839 868 2876 «Jews
889 2838 1027 2877 capere
1044 2831 1242 2877 potemus,
1265 2825 1333 2877 qui
1353 2838 1390 2863 se
1416 2823 1547 2876 decipv
1568 2828 1818 2876 [7777976777777.

312 2879 549 2931 Sequuntur
581 2893 686 2917 nunc
716 2879 881 2918 nomina
906 2880 1092 2931 lnodztot
1096 2894 1159 2918 77777
1191 2880 1411 2920 77777Ζ707Ἣ77777
1437 2879 1487 2917 de
1520 2878 1668 2930 quibus
1699 2876 1817 2929 plura
