1914 3184
282 115 307 152 4
610 114 693 154 AD
727 113 957 154 LIBANII
992 112 1460 153 PROLEGOMENA.

281 235 346 260 τας
367 221 413 259 τὰ
440 219 666 270 δικαστήρια
689 221 895 270 δημοσίους
921 219 1141 268 συνήθειαν,
1166 218 1356 269 εὐπόρησε
1386 219 1530 271 χώρας,
1552 220 1595 259 ἐν
1620 217 1644 273 ᾗ
1673 220 1786 270 καθή-

278 292 394 324 μενος
414 277 434 315 ὁ
456 280 545 317 παῖς
565 276 716 325 ἀδήλως
737 277 943 316 ἀκούσεται
963 279 1039 314 τῶν
1058 274 1298 325 λεγομένων.

336 345 374 384 3,
414 345 450 384 3.
504 331 737 372 Annotatio
783 346 808 370 x
856 331 913 370 sic
960 330 1194 385 corrigatur
1244 336 1267 351 “
1289 330 1559 385 παραβαλεῖν]
1611 337 1786 383 παραλα-

277 391 369 437 βεῖν
391 387 465 427 Ο.”

336 444 456 498 αὐτῷ]
473 444 591 483 αὐτὸν
608 445 715 497 Aug.
736 458 816 483 sec.
834 447 876 482 et
893 443 980 482 cod.
997 456 1102 481 unus
1118 440 1289 495 Augeri.
1328 443 1419 482 Aut
1432 442 1509 482 hoc
1526 442 1787 496 probandum

278 499 498 539 videbatur
520 499 740 539 Schaefero
761 504 835 539 aut
857 499 956 552 αὐτῷ
988 502 1083 551 post
1115 500 1367 549 συγχωρῆσαι
1387 499 1636 551 ponendum,
1658 513 1684 538 a
1706 513 1787 552 quo

278 556 444 608 pendet.
507 555 667 595 Neutro
694 570 808 608 opus.
837 555 953 594 αὐτὸν
979 554 1048 606 (1111
1084 553 1349 606 scripserunt,
1377 554 1489 594 haud
1520 554 1644 594 dubie
1669 555 1787 594 αὑτὸν

278 611 507 674 voluerunt,
544 625 637 650 cum
669 615 921 661 παραβαλεῖν
956 609 1291 657 construendum,
1330 610 1440 663 quod
1473 610 1600 650 etiam
1636 610 1786 650 omisso

276 667 518 720 plonomine
538 667 732 707 reflexivo
753 666 961 707 accedendi
990 665 1333 720 significationem
1367 666 1507 706 habet.
1548 671 1787 719 παρατυχεῖν

277 724 321 778 τῇ
344 725 426 777 δίκη
449 723 554 763 dixit
578 723 689 763 Plut.
711 723 736 763 1.
759 738 792 763 0.

334 793 372 832 3,
397 765 432 820 6.
465 779 620 843 Ἰσαίῳ]
654 780 817 820 Isaeum
849 784 896 819 ut
932 778 1173 833 piimarium
1208 777 1397 818 nominat
1424 778 1670 832 magistrum
1703 779 1786 818 De—

278 835 517 883 mosthenis,
536 835 697 876 omissis
717 835 808 876 aliis
830 849 1004 889 quorum
1032 834 1093 874 vel
1115 834 1265 874 scholis
1286 833 1522 874 interfuisse
1538 834 1599 874 vel
1621 834 1786 889 scriptis

277 891 484 932 studuisse
506 892 835 933 Demosthenem
856 891 1021 931 aliunde
1043 895 1221 930 constat.

333 962 371 1002 3,
397 960 432 998 7.
472 951 568 988 κατὰ
599 952 673 988 τῶν
705 946 942 1000 ἐπιτρόπων]
998 947 1045 985 111
1085 947 1319 1000 Aphobum,
1364 946 1702 1000 Demophontem
1743 951 1787 988 et

278 1004 571 1058 Therippidem
602 1008 776 1044 tutores.
840 1003 937 1042 Vid.
972 1002 1118 1042 Liban.
1144 1002 1317 1056 Argum.
1347 1001 1388 1041 in
1411 1003 1578 1056 Aphob.
1606 1017 1639 1051 Ι,
1672 1008 1714 1043 et
1744 1017 1784 1057 3.

277 1065 319 1099 et
350 1060 391 1099 in
424 1060 662 1108 Onetorem,
696 1061 812 1113 cujus
853 1073 1036 1099 sororem
1078 1059 1284 1111 Aphobus
1318 1058 1644 1099 Demosthenem
1675 1060 1785 1100 frau-

276 1116 402 1156 dandi
424 1131 571 1157 caussa
592 1117 633 1156 in
664 1115 977 1156 matrimonium
998 1115 1188 1154 duxerat.
1251 1114 1348 1153 Vid.
1374 1114 1520 1154 Liban.
1544 1116 1720 1169 Argum.
1743 1116 1784 1155 in

279 1173 451 1213 Onetor.
483 1186 512 1212 1.
537 1179 579 1213 et
603 1186 638 1217 2.
662 1172 731 1212 ubi
755 1187 859 1225 quae
884 1171 950 1211 hic
974 1171 1139 1211 dixerat
1161 1170 1342 1224 repetiit.
1404 1171 1543 1224 Hujus
1573 1172 1632 1212 rei
1664 1187 1785 1226 argu-

277 1234 419 1269 menta
441 1229 639 1269 exhibent
661 1229 840 1282 quinque
861 1228 953 1267 illae
975 1227 1184 1267 orationes
1207 1227 1376 1280 optima.
1411 1227 1598 1267 VOEM.

331 1298 370 1338 3,
397 1298 460 1325 21.
493 1284 765 1338 σοφιστεύειν]
811 1284 842 1323 Ι.
866 1300 902 1337 q.
938 1284 1169 1323 rhetoricam
1206 1284 1351 1323 docere.
1413 1283 1473 1324 Cf.
1512 1284 1661 1324 Suidas
1694 1299 1725 1324 s.
1747 1299 1784 1324 v.

278 1345 452 1391 Δημοσθ.
491 1342 782 1393 μαχαιροποιός.
834 1339 989 1379 Zosimi
1014 1339 1116 1379 Vita
1151 1339 1269 1378 Dem.
1303 1354 1341 1393 p.
1372 1353 1460 1391 149.
1523 1339 1785 1394 Discipulum

276 1397 364 1450 ejus
406 1397 716 1437 celeberrimum
751 1396 1002 1436 Plutarchus
1036 1395 1110 1447 (V.
1145 1395 1295 1448 Pyrrhi
1327 1409 1360 1434 c.
1408 1409 1465 1446 ¹4·
1500 1400 1609 1449 sqq.)
1644 1397 1785 1450 prodit

278 1452 448 1493 Cineam
471 1453 727 1501 Thessalum,
751 1453 819 1507 qui
851 1452 960 1492 iuter
990 1466 1132 1491 omnes
1164 1466 1262 1491 suae
1293 1452 1448 1491 aetatis
1470 1452 1649 1492 disertos
1679 1468 1786 1493 unus

275 1514 476 1562 tanquam
499 1509 539 1548 111
561 1509 778 1549 simulacro
803 1508 1098 1548 Demosthenis
1119 1508 1398 1560 eloquentiam
1421 1513 1462 1548 et
1480 1508 1785 1549 vehementiam

275 1565 536 1605 auditoribus
558 1566 599 1605 111
620 1564 861 1605 memoriam
883 1564 1117 1604 revocabat.
1152 1563 1339 1603 VOEM.

332 1635 374 1675 3,
399 1634 462 1661 22.
485 1623 616 1673 ὥσπερ
637 1620 884 1674 γυμνασίοις]
919 1621 1030 1660 Plut.
1050 1621 1103 1659 V.
1129 1620 1344 1659 Demosth.
1368 1635 1400 1659 0.
1425 1623 1473 1659 6·.
1505 1619 1783 1672 Ἐγγυμνασά-

276 1695 392 1728 μενος
415 1680 510 1717 κατὰ
531 1678 598 1718 τὸν
620 1678 860 1727 Θουκυδίδην
884 1680 941 1729 (1,
971 1678 1053 1726 18.)
1077 1680 1161 1717 ταῖς
1181 1676 1371 1723 μελέταις.
1409 1676 1596 1716 VOEM.

363 1766 371 1782 ,
398 1746 462 1788 25.
495 1734 746 1784 ἀτονώτερος]
782 1734 1022 1783 ἀτονώτερον
1046 1734 1156 1786 Aug.
1180 1747 1257 1772 see.

333 1805 372 1841 4,
397 1791 433 1830 8.
467 1789 683 1843 καταβοάς]
719 1790 815 1828 Vox
844 1804 869 1829 a
897 1789 1137 1842 Thucydide
1170 1793 1383 1841 usurpata.
1419 1789 1490 1828 sed
1519 1804 1544 1829 a
1582 1789 1784 1843 Dionysio

277 1846 376 1886 Hal.
402 1847 535 1886 relata
566 1846 675 1886 inter
705 1847 1031 1896 γλωσσηματικίις
1051 1850 1094 1885 et
1117 1844 1440 1896 ἀπηρχαιωμένας
1461 1845 1537 1884 vol.
1562 1848 1598 1893 6,
1624 1861 1662 1898 p.
1687 1859 1782 1899 794.

276 1902 393 1942 Haec
414 1902 703 1956 glossematica
725 1907 767 1941 et
788 1901 975 1941 obsoleta
996 1906 1215 1954 tantopere
1237 1901 1481 1954 placuerunt
1504 1901 1783 1954 posteriorum

277 1958 483 2011 Sophistis
514 1962 761 2012 temporum.
794 1962 841 1997 ut
876 1957 924 1996 iis
952 1962 1153 2010 tanquam
1187 1956 1362 2011 gemmis
1398 1957 1629 1997 orationem
1664 1972 1782 1998 suam

275 2014 590 2068 distinguerent.
668 2015 761 2067 Ipse
801 2013 1027 2066 Dionysius
1064 2029 1097 2052 v.
1134 2013 1306 2062 καταβοή
1342 2013 1381 2051 111
1419 2028 1542 2066 opere
1582 2014 1782 2054 historico

275 2070 493 2123 aliquoties
514 2070 742 2124 usurpavit.
776 2069 1107 2109 SGHAEFER.

330 2139 369 2174 4.
397 2140 459 2167 12.
492 2126 666 2179 Πυθέας]
701 2126 842 2165 Homo
874 2130 1095 2171 veterator„
1128 2125 1422 2179 popularitatis
1453 2125 1680 2174 simulator⁷
1714 2127 1784 2180 qui

277 2182 600 2221 Demosthenem
627 2182 727 2221 furti
750 2181 964 2234 Harpalici
992 2195 1106 2221 reum
1132 2181 1216 2234 egit
1248 2181 1436 2221 oratione
1466 2182 1621 2235 scripta
1652 2188 1694 2222 et
1725 2183 1783 2222 in-

276 2237 418 2290 primis
450 2237 490 2275 in
522 2252 666 2277 caussa
694 2237 770 2276 fuit
795 2242 841 2276 ut
863 2237 896 2275 is
918 2237 1129 2276 exulatum
1162 2237 1263 2276 iret:
1304 2252 1339 2276 v.
1376 2237 1780 2279 Pseudo-Demosth-

278 2293 412 2345 Epist.
436 2308 474 2345 p.
504 2294 620 2343 1481.
683 2293 794 2332 Plut.
814 2293 867 2330 V.
895 2294 1111 2332 Demosth.
1134 2307 1166 2331 c.
1196 2295 1257 2331 16.
1291 2293 1483 2332 REJSK.

331 2362 454 2401 413.
487 2351 645 2400 λύχνων
676 2348 846 2401 ἀπόζειν]
889 2348 1000 2388 Plut.
1020 2349 1072 2387 V.
1106 2348 1323 2388 Demosth.
1357 2363 1389 2387 e.
1424 2349 1472 2387 8:
1517 2349 1674 2391 Πυθέας
1704 2351 1782 2390 ἐπι-

275 2406 463 2444 σκώπτων
487 2412 510 2423 “
528 2404 770 2456 ἐλλυχνίων”
793 2404 941 2454 ἔφησεν
964 2411 987 2423 “
1004 2406 1104 2451 ὄζειν
1125 2405 1238 2443 αὐτοῦ
1261 2407 1308 2443 τὰ
1330 2404 1612 2454 ἐι’Θυμήματα”.
1647 2408 1782 2446 τοῦτον

275 2462 346 2510 μὲν
387 2461 455 2499 οὖν
487 2460 681 2511 ἠμείψατο
718 2463 859 2510 πικρῶς
890 2462 910 2498 ὁ
947 2460 1213 2510 Δημοσθένης.
1267 2461 1351 2499 “01')
1390 2461 1508 2500 ταύτὰ
1542 2460 1640 2511 γὰρ”
1673 2461 1782 2502 εἶπεν

278 2517 399 2566 “ἐμοὶ
432 2516 491 2555 καὶ
524 2517 599 2560 σοὶ,
633 2517 660 2554 ὦ
695 2515 840 2560 Πυθέα,
875 2517 893 2554 ὁ
925 2517 1070 2567 λύχνος
1102 2517 1298 2555 σύνοιδε”.
1361 2515 1418 2555 Et
1440 2530 1473 2555 0.
1502 2529 1574 2554 11:
1610 2518 1714 2568 Πρὸς
1739 2519 1780 2557 δὲ

277 2572 344 2611 τὸν
378 2572 560 2621 κλέπτην,
595 2572 635 2613 ὃς
671 2573 949 2611 ἐπεκαλεῖτο
981 2575 1201 2623 χαλκοῦς,
1236 2572 1297 2611 καὶ
1332 2572 1449 2610 αὐτὸν
1483 2574 1535 2613 εἰς
1567 2574 1634 2614 τὰς
1665 2574 1781 2624 ἀγρυ-

277 2630 390 2669 πνίας
412 2628 526 2666 αὐτοῦ
561 2628 621 2666 καὶ
653 2628 938 2678 νυκτογραφίας
967 2629 1205 2678 πειρώμενόν
1236 2644 1270 2667 τι
1300 2628 1448 2679 λέγειν,
1478 2636 1501 2647 “
1521 2628 1644 2668 Οἶδα”
1673 2629 1781 2669 εἶπεν

296 2684 378 2722 ’ὅτι
400 2700 446 2722 σε
467 2687 575 2723 λυπῶ
596 2685 745 2735 λύχιον
768 2684 894 2722 καίων.
938 2682 1071 2733 Ύμεις
1092 2685 1144 2728 δε
1170 2682 1199 2722 ὼ
1225 2701 1272 2722 αι
1276 2687 1361 2735 δρες
1380 2683 1502 2733 ΑΘηι
1506 2701 1596 2729 αιοι,
1618 2684 1669 2733 μὴ
1692 2688 1781 2724 θαυ-

274 2739 409 2788 μαζετε
431 2742 498 2780 τὰς
519 2739 684 2790 γειομέι
689 2757 731 2780 ας
753 2741 912 2784 κλοπας,
931 2741 1025 2778 ὅται
1045 2740 1131 2781 τοὺς
1151 2741 1223 2789 μὲν
1246 2739 1412 2780 κλέπτας
1442 2742 1660 2791 χαλκοῦς,
1693 2741 1781 2782 τοὺς

277 2797 315 2833 οὲ
338 2796 490 2845 τοίχους
510 2797 694 2843 πηλίνους
715 2796 878 2846 ἕχωμει.

333 2865 370 2897 4
404 2853 461 2888 16
492 2852 590 2900 ὕδωρ
622 2868 668 2889 επ
673 2851 824 2899 ετηδευε
852 2868 918 2890 πιι
923 2851 994 2903 ειν]
1029 2851 1246 2890 Demosth.
1273 2865 1311 2903 p.
1340 2862 1404 2904 73,
1427 2863 1477 2903 3:
1513 2849 1709 2901 Λέγοντας
1730 2852 1779 2892 ὡς

278 2907 351 2955 ἐγὼ
372 2908 443 2953 μὲν
467 2908 561 2955 ὓδωρ
592 2908 711 2945 πίνων
734 2908 885 2947 εἰκότως
908 2908 1094 2948 δύσκολος
1127 2908 1186 2952 καὶ
1213 2907 1426 2956 δύο-τροπάς
1453 2907 1531 2955 εἶμί
1551 2922 1606 2947 τις
1634 2907 1778 2957 ἄνθρω-
