1914 3184
246 145 326 185 lxvi
871 145 1127 186 REISKH

246 250 402 286 mutatis
424 250 523 285 affixi
544 250 744 289 stellulam‚
769 263 862 297 quae
887 250 1059 285 insistere
1089 248 1282 296 paulisper
1309 255 1346 283 et
1375 248 1598 284 addubitare
1626 249 1745 284 lecto-

245 326 339 354 rem,
369 322 406 349 et
434 325 616 360 quaerere
642 314 787 362 jubeat,
817 321 851 348 ct
885 320 1117 360 exspectare,
1147 312 1268 347 donec
1298 311 1480 358 prodierit
1509 320 1639 348 noster
1667 312 1745 347 ani-

246 377 553 412 madversionum
589 376 975 411 Demosthcnicarum
1013 376 1121 416 liber,
1157 375 1373 421 priusquam
1403 375 1549 424 judicio
1584 388 1651 410 suo
1686 388 1746 411 me

246 440 453 476 confodiat.
512 441 622 475 Haud
650 453 709 474 mc
730 439 837 487 fugit,
862 452 998 487 magna
1024 450 1083 474 me
1104 439 1276 474 laborare
1298 438 1440 474 invidia
1459 446 1572 485 atque
1592 438 1749 474 infamia

244 503 343 543 ideo,
366 503 465 550 quod
488 511 659 537 auctores
678 510 825 537 veteres
846 502 1073 549 conjecturis
1095 501 1198 541 meis,
1216 509 1257 535 ut
1278 501 1456 541 clamant,
1474 502 1745 537 contaminem.

246 567 357 602 Haud
390 566 562 613 equidem
596 566 800 606 infitiabor,
831 565 911 601 fieri
943 565 1161 612 aliquando,
1192 572 1234 600 ut
1263 565 1551 613 importunitate
1584 564 1746 612 quadam

246 642 330 665 mea
349 630 444 665 labis
463 629 603 675 aliquid
626 629 783 664 vetustis
804 630 1023 664 auctoribus
1044 629 1280 678 adspergam.
1339 629 1560 664 Humanum
1580 628 1654 663 hoc
1676 634 1745 662 est.

244 693 387 741 Negat-i
417 700 544 728 tamen
580 705 707 727 rursus
740 692 885 739 nequit,
918 693 1041 741 ringat
1073 693 1164 728 licet
1199 700 1236 728 et
1268 699 1467 739 rumpatur
1500 691 1655 731 invidia,
1688 703 1747 726 me

244 757 364 791 multo
393 757 520 803 plures
548 757 652 791 locos
681 757 900 805 gravissime
931 757 1085 792 affectos
1116 764 1153 792 et
1182 756 1401 803 desperatos
1429 755 1467 790 in
1493 755 1686 796 Petronio,
1708 754 1746 789 in

241 820 460 860 Theocrito,
481 820 650 867 aliisque,
678 821 706 855 si
735 833 829 868 quos
859 821 971 863 edidi,
998 821 1079 868 (qui
1109 821 1219 868 pauci
1251 820 1357 864 sunt)
1391 830 1542 854 sanasse
1572 817 1745 854 feliciter.

242 884 332 919 Non
354 884 496 930 primus
519 896 589 932 ego
611 883 682 919 edo
702 891 889 925 auctores,
911 884 973 920 sed
995 891 1079 931 post
1101 884 1238 919 multos
1260 883 1364 925 alim,
1388 895 1407 918 e
1430 894 1588 929 quorum
1611 880 1745 916 editio—

242 947 356 982 nibus
375 954 526 982 vetusta
545 947 657 983 lectio
678 948 847 984 revocari
868 956 1006 996 potest,
1028 960 1097 995 per
1114 960 1172 983 me
1192 947 1292 989 licet,
1310 947 1356 982 ab
1378 944 1605 981 insecuturis
1626 944 1745 980 edito-

241 1010 356 1051 ribus,
378 1010 407 1045 si
430 1011 566 1057 quibus
586 1011 699 1046 lectio
723 1023 805 1046 mea
825 1011 1051 1058 displicebit.
1100 1011 1329 1057 Ubicunque
1351 1009 1497 1044 facinus
1515 1009 1588 1044 hoc
1610 1007 1745 1047 audeo,

241 1074 355 1108 toties
378 1074 455 1120 ipse
477 1086 547 1122 ego
568 1075 604 1110 id
629 1087 787 1115 monem
821 1087 897 1109 non
919 1074 1061 1115 furtim,
1083 1086 1159 1109 non
1182 1074 1292 1113 clam,
1315 1085 1391 1108 non
1413 1073 1529 1108 tacite
1554 1084 1642 1107 aera
1664 1083 1748 1106 mea

241 1147 334 1170 auro
356 1143 507 1171 vetusto
528 1137 731 1176 substituo,
753 1144 795 1171 ut
815 1136 1046 1184 Stephanus,
1068 1144 1110 1171 ut
1127 1135 1269 1177 Wolfq‚
1291 1143 1332 1171 ut
1352 1134 1436 1171 Itali
1456 1136 1570 1184 longe
1591 1134 1746 1182 plurimi

242 1198 428 1238 fecerunt,
450 1207 491 1234 ut
516 1200 721 1241 Bentleius,
744 1207 785 1235 nt
806 1200 1009 1241 editorum,
1033 1200 1096 1247 qui
1121 1200 1234 1235 hodie
1262 1207 1408 1235 veteres
1438 1206 1612 1234 auctores
1639 1210 1747 1233 recu-

130 1277 230 1299 Lxxx
244 1262 351 1303 dunt,
373 1275 495 1309 paene
517 1263 642 1298 nullus
663 1276 764 1303 non;
788 1276 895 1311 quos,
917 1264 947 1298 si
970 1276 1028 1299 me
1047 1264 1120 1298 hoc
1141 1263 1299 1299 crimine
1320 1263 1522 1312 urgebunt,
1543 1275 1627 1298 reos
1648 1264 1746 1310 ejus-

244 1326 328 1361 dem
354 1332 488 1361 contra
517 1339 649 1375 agam3
681 1327 743 1363 sed
767 1326 957 1366 Petronio,
980 1327 1043 1363 sed
1064 1326 1282 1368 Theocrito,
1304 1327 1366 1362 sed
1397 1327 1485 1362 huic
1514 1327 1584 1374 ipsi
1605 1326 1745 1361 Demo-

243 1389 367 1424 stheni
389 1389 555 1425 tabulam
578 1390 704 1425 addidi
727 1391 978 1426 mutationum
1008 1403 1092 1426 mea
1118 1399 1254 1439 sponte
1277 1390 1578 1438 importatarum‚
1601 1403 1621 1425 e
1641 1393 1748 1439 cujus

242 1452 480 1500 inspectione
506 1454 632 1489 statim
661 1461 901 1502 agnoscatur,
925 1454 1013 1501 quid
1035 1467 1056 1489 a
1078 1466 1137 1489 me
1158 1455 1204 1489 sit
1227 1454 1452 1502 profectum,
1475 1453 1563 1500 quid
1585 1466 1604 1489 e
1624 1454 1745 1489 libris,

244 1516 403 1552 Periculi
428 1517 521 1552 nihil
548 1517 594 1552 ab
614 1517 685 1552 hac
713 1529 796 1552 mea
824 1518 972 1553 ratione
1001 1518 1187 1554 imminet.
1245 1518 1368 1565 Saepe
1397 1517 1501 1553 rideo
1532 1530 1679 1552 mecum
1709 1525 1746 1552 et

246 1579 402 1616 miseror
422 1589 636 1616 nostrorum
659 1581 853 1616 hominum
876 1582 1087 1623 stultitiam,
1110 1582 1175 1629 qui
1196 1594 1324 1617 veram
1348 1594 1501 1616 manum
1524 1581 1743 1629 Evangelis-

245 1651 367 1679 tarum
390 1652 428 1679 et
446 1645 731 1691 Apostolorum,
753 1657 880 1680 veram
901 1645 1028 1686 Tullii,
1051 1657 1178 1680 veram
1202 1645 1487 1685 Demosthenis,
1509 1657 1636 1680 veram
1659 1644 1744 1680 Plu-=

245 1706 378 1746 tarchi,
404 1718 532 1742 veram
564 1707 744 1749 Petronii,
772 1719 900 1742 veram
931 1707 1123 1743 Theocriti
1157 1720 1197 1742 se
1231 1716 1362 1744 tenere
1397 1708 1628 1748 existiment,
1658 1720 1745 1743 cum

245 1769 450 1805 editionem
482 1771 621 1811 Bczae,
644 1771 841 1813 Gronovii,
864 1771 1005 1812 Wsolfii,
1035 1770 1233 1818 Stephani,
1260 1771 1482 1812 Burmanni,
1513 1770 1659 1807 Heinsii
1690 1779 1744 1807 te-

245 1840 374 1873 neant,
395 1833 628 1882 ignorantes,
652 1847 763 1881 quam
797 1835 916 1871 multa
946 1834 1020 1870 sint
1053 1835 1100 1870 ab
1130 1834 1203 1869 illis
1234 1846 1340 1870 secus
1372 1834 1532 1882 prodita,
1563 1842 1677 1882 atque
1706 1835 1745 1870 in

242 1896 401 1931 vetustis
417 1897 522 1931 libris
542 1897 732 1946 legantur,
748 1911 860 1945 quam
880 1899 1016 1934 multas
1035 1898 1164 1947 plagas
1187 1897 1235 1933 illi
1253 1898 1327 1933 suis
1343 1897 1560 1934 auctoribus
1579 1897 1746 1946 imposu-

243 1959 355 1994 erint.
424 1960 558 1996 Securi
592 1961 646 1995 illi
679 1961 917 1997 indormiunt
949 1962 1179 1998 lectionibus
1213 1962 1399 2010 ejusmodi
1432 1961 1534 1997 falsis
1569 1969 1606 1997 et
1638 1974 1743 1997 com-

243 2023 439 2066 mentitiis,
461 2036 529 2071 pro
549 2024 594 2059 iis
615 2031 798 2071 tanquam
819 2038 887 2073 pro
909 2025 982 2060 aris
1004 2033 1040 2060 et
1062 2024 1155 2061 focis
1176 2024 1373 2068 dimicant,
1394 2038 1461 2073 pro
1491 2024 1653 2061 oraculis
1683 2037 1747 2061 eas

241 2086 386 2122 habent
420 2087 580 2123 coelitus
613 2088 795 2130 demissis,
826 2089 864 2124 in
894 2089 939 2124 iis
968 2087 1263 2137 interpretandis
1298 2089 1433 2125 misere
1466 2102 1506 2124 se
1539 2096 1744 2136 torquent;

241 2150 465 2198 sanguinem
495 2150 620 2191 citius,
643 2164 756 2199 quam
787 2164 849 2187 eas
877 2152 1076 2196 lectiones,
1098 2153 1332 2194 dimiserint;
1363 2153 1590 2193 nescientes,
1613 2152 1697 2187 illas
1727 2164 1747 2187 e

242 2213 398 2248 cerebro
426 2213 548 2248 critici
575 2213 733 2263 alicujus
760 2214 850 2250 furis
880 2224 945 2251 aut
968 2216 1186 2264 impostoris
1215 2224 1325 2252 natas
1355 2229 1450 2252 esse.
1509 2216 1747 2263 Inspicerent

242 2276 356 2310 modo
385 2283 556 2312 vetustos
586 2277 737 2313 codices
766 2277 901 2314 MStos
930 2279 1194 2326 impressosve,
1221 2280 1396 2315 viderent
1424 2292 1533 2314 suum
1564 2291 1744 2319 errorem,

243 2338 430 2379 viderent,
460 2339 530 2374 sibi
561 2339 607 2374 ab
642 2341 769 2388 aliquo
800 2342 1001 2389 typotheta
1032 2343 1246 2385 aberrante,
1277 2350 1342 2377 aut
1371 2342 1497 2389 aliquo
1525 2342 1744 2390 grammati-

244 2409 367 2436 castro
388 2402 599 2449 ineptiente
628 2411 694 2438 aut
724 2404 876 2446 cerrito,
897 2413 963 2440 aut
992 2405 1039 2440 ab
1069 2405 1196 2452 aliquo
1226 2405 1363 2441 callido
1392 2405 1611 2452 impostore,
1632 2403 1747 2439 falsos

244 2476 380 2499 numos
400 2477 421 2499 a
441 2477 480 2500 se
501 2478 624 2506 cusos,
647 2465 740 2501 falsa
759 2466 867 2515 signa
886 2479 908 2502 a
927 2479 966 2503 se
986 2466 1086 2503 facta
1105 2480 1173 2515 pro
1194 2467 1293 2503 veris
1323 2467 1488 2514 antiquis
1508 2467 1744 2508 venditante,

244 2528 362 2563 illudi.
420 2528 501 2577 Ego
530 2541 621 2565 vero
652 2530 767 2565 homo
795 2530 966 2578 simplex,
995 2531 1174 2578 antiquae
1204 2530 1304 2572 fidei,
1336 2531 1366 2566 si
1396 2530 1484 2577 quid
1516 2530 1591 2566 tale
1622 2537 1743 2577 patro,

279 2694 296 2716 (ι
312 2689 432 2726 Dioees,
449 2698 539 2726 quam
557 2689 666 2719 misere
686 2689 776 2728 H'off
785 2694 877 2720 totam
894 2701 961 2720 ora·
1028 2691 1123 2721 etiam
1153 2692 1345 2730 principibus
1375 2692 1407 2721 in
1437 2692 1599 2723 literatura
1627 2692 1746 2723 Graeca

244 2742 354 2770 tionem
370 2740 419 2780 (in
438 2740 610 2781 Neaeram)
626 2743 803 2779 funestavit
824 2742 960 2783 (conjec-
1029 2745 1104 2775 viris
1123 2755 1221 2784 purus
1242 2752 1337 2785 putus
1352 2752 1398 2776 est
1415 2746 1652 2785 Demosthenes,
1668 2757 1744 2785 qua-

245 2794 324 2823 turis
341 2804 453 2833 nempe
469 2795 532 2824 suis
548 2795 580 2824 in
594 2801 715 2826 textum
728 2796 960 2836 immittendis).
1029 2798 1064 2828 lis
1080 2809 1119 2829 ex
1135 2799 1232 2838 ipsius
1247 2800 1382 2830 auctoris
1398 2810 1495 2830 manu
1513 2799 1635 2839 prodiit.
1662 2799 1744 2829 Heni

248 2846 449 2877 TAYLOR.
483 2850 520 2878 ad
546 2859 573 2887 p.
595 2858 666 2888 733,
683 2858 735 2888 35.
781 2850 824 2879 Et
848 2849 960 2879 nihilo·
1028 2852 1218 2891 sapientiae!

247 2899 351 2928 miuus
377 2906 480 2930 tamen
506 2907 627 2931 textum
654 2903 743 2932 Dein.
763 2903 960 2932 &Volsianum
