1914 3184
281 126 365 164 250
791 124 873 162 DE
908 122 1276 163 SYMMORIIS.

281 231 377 267 rata
413 241 500 267 esse
534 226 695 280 publice
726 226 954 265 luculenter
989 230 1172 265 testatur
1203 224 1466 278 Thucydides
1498 237 1533 273 2,
1559 237 1622 277 24.
1646 228 1683 274 6,
1706 239 1788 279 3¹³

283 282 530 322 nominatim
550 296 646 321 vero
668 282 853 321 carinam
881 285 923 320 et
947 280 1102 320 malum
1123 281 1174 320 de
1201 280 1367 333 publico
1397 281 1603 334 accepisse
1624 281 1792 322 trierar-

284 338 384 378 chos
414 338 660 391 intelligitur
684 352 734 376 ex
757 336 1055 389 Aristophanis
1076 335 1218 389 Equit.
1242 337 1337 387 908.
1399 336 1548 389 Itaque
1575 351 1706 389 usque
1738 337 1793 376 ad

283 394 363 434 hoc
384 399 548 446 tempus
570 392 787 432 trierarchi
817 406 941 432 naves
969 391 1238 431 armamentis
1260 391 1596 444 ornamentisque
1618 391 1793 432 instrue-

284 450 389 489 bant
423 453 550 501 atque
585 463 659 501 per
689 462 844 488 annum
874 447 1059 500 integras
1086 447 1371 500 praestabant.
1433 446 1532 486 Jam
1559 451 1608 486 ut
1632 448 1686 487 ad
1712 447 1793 487 De-

284 504 514 543 mosthenis
553 507 738 543 aetatem
777 508 1220 550 t1·anseannis,—na1n
1255 503 1306 541 de
1347 507 1533 555 tempore
1574 502 1793 555 interjecto

286 559 387 598 nihil
423 559 527 598 certi
558 560 758 598 habemus
789 558 1070 612 cognitum——‚
1094 558 1273 611 primum
1303 558 1575 611 probabiliter
1605 559 1794 598 confutat

287 614 522 654 Boeckhius
547 627 583 653 2.
600 630 638 668 p.
656 627 721 667 91.
754 614 899 654 falsam
930 614 1054 653 istam
1085 613 1319 666 opinionem
1342 613 1525 666 Ulpiani,
1549 614 1617 666 qui
1638 629 1677 666 p.
1697 615 1792 655 682.

287 671 349 709 ed.
375 670 430 709 H.
457 670 585 709 Wolf.
608 671 734 710 verba
768 669 1061 709 Demosthenis
1095 669 1137 708 in
1168 669 1271 708 Mid.
1294 684 1334 722 p.
1357 673 1452 721 564,
1478 682 1542 710 22.
1587 670 1690 719 κάγὼ
1722 671 1796 719 μὲν

289 726 367 765 κατ’
404 726 573 766 ἐκείνους
606 726 692 767 τοὺς
726 727 890 777 χρόνους
923 724 1200 776 ἐτριηράρχουν
1226 725 1334 766 εὐθὺς
1366 726 1405 763 ἐκ
1431 726 1578 764 παίδων
1610 726 1792 773 ἐξελθὼν,

288 782 353 821 ὅτε
375 782 517 820 σύνδυο
538 781 636 830 ἦμεν
657 783 693 820 οἱ
713 781 937 833 τριήραρχοι
960 782 1020 820 καὶ
1047 783 1095 819 τὰ
1119 781 1357 829 ἀναλώματα
1383 780 1510 819 πάντα
1532 781 1572 819 ἐκ
1593 784 1669 818 τῶν
1690 780 1795 819 ἰδίων

288 840 499 890 διῳκοῦμεν
521 838 581 876 καὶ
601 839 668 878 τὰς
699 840 791 877 ναῦς
813 836 1067 885 ἐπληρούμεθ’
1091 837 1210 882 αὐτοί,
1236 836 1295 875 ita
1316 835 1608 889 explicaverat,
1631 840 1678 875 ut
1699 835 1795 874 trie-

287 893 459 932 rarchos
480 906 528 931 eo
548 897 748 945 tempore,
771 892 812 930 id
833 896 897 931 est
919 892 1078 944 Olymp.
1103 905 1192 940 104,
1221 905 1267 939 1.,
1290 905 1452 930 omnem
1474 890 1639 930 omnino
1660 905 1796 944 sump-

290 953 380 987 tum
415 947 685 987 trierarchiae
720 948 930 993 tolerasse,
968 947 1111 999 itaque
1147 961 1305 993 navem,
1343 946 1604 999 stipendium,
1641 946 1797 986 victmn

290 1003 531 1056 praebuisse
570 1003 842 1042 existimaret.
904 1003 1011 1042 Nam
1052 1017 1178 1055 quum
1217 1003 1520 1042 Demosthenes
1559 1002 1622 1041 his
1662 1002 1797 1041 verbis

291 1073 409 1098 suam
454 1058 744 1098 trierarchiam
791 1062 976 1111 opponat
1019 1058 1245 1105 Midianae,
1297 1058 1414 1097 facile
1462 1057 1706 1111 intelligitur
1750 1060 1798 1097 τὰ

292 1115 529 1163 ἀναλώματα
560 1114 688 1153 πάντα
723 1128 771 1153 eo
798 1113 940 1153 referri
975 1114 1139 1160 debere,
1164 1114 1286 1166 quod,
1315 1128 1395 1166 quo
1427 1118 1614 1166 tempore
1645 1113 1798 1152 Midias

291 1169 401 1209 inter
425 1170 533 1208 mille
555 1174 597 1209 et
618 1170 818 1209 ducentos
839 1169 1107 1209 trierarchiae
1127 1183 1276 1208 munus
1296 1169 1460 1217 obierit,
1483 1169 1628 1208 civitas
1649 1173 1799 1208 nautas

292 1230 335 1265 et
370 1231 631 1265 armamenta
661 1225 912 1278 praebuerit,
948 1239 1064 1277 quae,
1095 1239 1175 1277 quo
1208 1229 1394 1277 tempore
1424 1224 1512 1277 ipse
1546 1224 1798 1264 trierarchus

291 1281 429 1326 fuerit,
452 1281 559 1320 sicut
589 1280 758 1333 reliqua,
790 1281 841 1319 de
866 1295 940 1319 suo
968 1280 1369 1330 addiderit—Quae
1395 1285 1536 1320 autem
1559 1280 1621 1319 Ol.
1649 1293 1736 1330 104,
1759 1288 1798 1330 ἦ.

292 1337 498 1389 praestita
519 1336 602 1376 sint
623 1351 648 1376 a
668 1336 922 1383 trierarchis,
945 1341 1090 1389 aperte
1112 1335 1318 1389 significat
1340 1336 1393 1381 id,
1418 1336 1527 1388 quod
1550 1335 1669 1375 Dem.
1688 1350 1746 1375 or.
1765 1350 1799 1375 c.

226 1398 282 1441 39
296 1392 449 1445 Polycl.
472 1407 513 1445 p.
539 1404 656 1442 1207.
680 1405 742 1441 14.
766 1396 883 1431 1205.
901 1405 940 1444 3.
991 1391 1209 1431 trierarchi
1241 1391 1431 1431 triremes
1462 1396 1629 1431 tantum
1659 1391 1800 1431 littore

295 1448 497 1487 deducere
522 1447 765 1497 (καθέλκειν)
790 1462 922 1500 neque
948 1462 1044 1486 vero
1076 1448 1275 1500 praebere
1304 1447 1365 1486 vel
1396 1447 1542 1493 facere,
1570 1447 1679 1486 demi
1704 1461 1800 1486 vero

298 1503 416 1555 (ibid.
439 1518 478 1556 p.
502 1517 514 1541 1
528 1504 619 1543 208.
643 1505 681 1541 6.
708 1516 716 1540 1
735 1506 786 1553 1.)
810 1508 960 1542 nautas
982 1502 1160 1555 deligere
1181 1507 1308 1555 atque
1330 1516 1570 1555 comparare
1587 1503 1799 1555 jubentur,

297 1563 340 1598 et
376 1558 656 1611 Apollodorus
690 1559 799 1598 ultro
836 1572 878 1597 se
913 1558 1121 1611 stipendia
1161 1558 1380 1597 classiariis
1414 1572 1653 1597 numerasse
1688 1558 1800 1606 dicit,

297 1614 448 1667 quippe
470 1628 562 1652 cum
584 1613 738 1653 victum
765 1618 931 1653 tantum
962 1628 1035 1652 nec
1066 1613 1142 1652 nisi
1172 1613 1388 1653 bimestria
1419 1613 1625 1666 stipendia
1646 1628 1671 1652 a
1696 1618 1801 1653 stra-

296 1670 403 1723 tegis
424 1669 631 1722 acceperit
652 1668 747 1707 ibid.
772 1684 809 1721 p.
838 1681 951 1720 1209.
974 1681 1036 1708 12.
1098 1668 1224 1708 Ultro
1255 1668 1363 1707 idem
1387 1669 1514 1708 etiam
1543 1674 1803 1709 armamenta

297 1725 438 1775 (Dein.
461 1740 495 1764 c.
520 1724 672 1777 Polycl.
695 1739 733 1777 p.
758 1725 875 1763 1208.
901 1726 980 1776 17.)
1002 1725 1053 1763 de
1073 1738 1147 1763 suo
1168 1725 1363 1771 addebat,
1387 1739 1513 1777 quum
1534 1724 1636 1763 alios
1658 1725 1803 1764 eodem

297 1786 485 1833 tempore
505 1780 677 1833 publicis
699 1794 793 1819 usos
815 1794 903 1819 esse
923 1780 1192 1819 armamentis
1210 1780 1502 1819 Demosthenis
1519 1780 1569 1818 de
1591 1794 1672 1819 cor.
1688 1780 1803 1819 trier.

298 1851 339 1889 p.
363 1849 482 1887 1229.
506 1847 565 1888 15.
598 1836 800 1888 probetur
830 1835 1082 1875 testimonio.
1147 1835 1289 1874 Etiam
1324 1836 1511 1888 posthac,
1546 1850 1671 1888 quum
1699 1850 1803 1888 sym-

297 1891 454 1931 moriae
485 1891 703 1931 institutae
733 1895 883 1939 essent,
906 1891 1098 1930 triremes
1124 1890 1366 1943 praebuisse
1392 1891 1616 1938 civitatem,
1638 1891 1803 1930 demon-

300 1947 449 1987 stravit
471 1947 706 1986 Boeckhius
728 1960 763 1988 2.
778 1962 815 2000 p.
832 1960 898 1999 95.
956 1946 1062 1986 Nam
1085 1947 1195 1999 quod
1216 1946 1328 1999 apud
1350 1946 1515 1986 Isaeum
1538 1947 1588 1985 de
1609 1946 1803 1999 Apollod.

299 2003 442 2042 hered.
463 2018 503 2055 p.
529 2003 615 2053 184.
637 2002 811 2056 legitur:
846 2004 865 2041 ὁ
885 2004 959 2052 μὲν
981 2004 1055 2053 γὰρ
1076 2002 1199 2052 πατὴρ
1220 2002 1335 2041 αὐτοῦ
1357 2002 1423 2043 τάς
1445 2018 1485 2041 τε
1506 2002 1631 2043 ἄλλοις
1653 2001 1805 2042 ἁπάσας

300 2059 543 2108 λειτουργίας
564 2059 861 2109 λελειτούργηκε
884 2058 944 2096 καὶ
965 2061 1204 2108 τριηραρχῶν
1224 2057 1292 2096 τὸν
1318 2057 1446 2096 πάντα
1473 2058 1617 2108 χρόνον
1639 2057 1804 2096 διετέλε-

302 2130 373 2153 σεν
395 2115 462 2152 οὐκ
484 2115 524 2152 ἐκ
546 2114 758 2163 συμμορίας
778 2113 848 2162 τὴν
869 2116 966 2152 ναῦν
989 2113 1313 2162 ποιησάμενος,
1337 2114 1467 2162 ὥσπερ
1488 2114 1524 2151 οἱ
1546 2117 1627 2158 νῦν,
1651 2111 1739 2151 ἀλλ’
1764 2113 1805 2150 ἐκ

301 2173 378 2208 τῶν
411 2170 526 2207 αὑτοῦ
559 2172 742 2207 δαπανῶν
779 2186 808 2208 κ.
832 2185 865 2206 τ.
891 2170 941 2213 ἑ.;
977 2168 1032 2212 id,
1063 2167 1139 2206 nisi
1170 2168 1278 2207 forte
1309 2168 1568 2217 ποιησάμενος
1599 2167 1805 2220 scriptura

302 2223 545 2276 compendio
567 2223 773 2263 scribendi
800 2228 894 2262 orta
913 2224 1116 2262 mutanda
1138 2223 1192 2262 sit
1213 2223 1254 2261 in
1280 2222 1689 2272 παρασκευασάμενος,
1712 2236 1805 2261 con-

302 2283 370 2318 tra
390 2283 478 2318 tam
499 2279 630 2318 multa
650 2294 675 2318 a
698 2279 908 2318 Boeckhio
936 2279 1101 2330 prolata
1124 2278 1374 2322 testimonia.
1399 2292 1504 2330 quae
1525 2292 1547 2316 e
1571 2278 1660 2331 lege
1682 2291 1806 2316 naves

302 2348 514 2386 nunquam
535 2348 560 2373 a
581 2333 835 2380 trierarchis,
854 2334 925 2372 sed
946 2333 1107 2386 publice
1128 2333 1369 2372 aedificatas
1386 2347 1475 2371 esse
1496 2333 1687 2380 clamant,
1706 2332 1807 2371 nihil

303 2393 444 2442 potest
460 2389 605 2428 valere.
651 2389 828 2428 Gravius
848 2394 990 2428 autem
1011 2393 1314 2441 argumentum.
1331 2388 1440 2439 quod
1462 2389 1638 2440 probare
1660 2387 1805 2440 possit,

303 2449 526 2506 postquam
567 2444 811 2497 syminoriae
851 2443 1106 2483 constitutae
1146 2449 1296 2489 essent,
1330 2443 1584 2482 trierarchos
1615 2443 1806 2482 triremes

305 2500 389 2538 suis
419 2499 658 2539 aedificasse
686 2499 932 2552 sumptibus,
954 2499 1040 2552 peti
1070 2499 1201 2551 possit
1223 2513 1273 2537 ex
1293 2513 1353 2545 eo,
1377 2498 1487 2551 quod
1518 2498 1585 2537 illo
1606 2503 1805 2551 tempore,

305 2569 386 2607 quo
412 2559 565 2594 nautae
593 2559 635 2594 et
665 2560 925 2594 armamenta
955 2555 1117 2606 publice
1148 2555 1467 2607 praebebantur
1490 2554 1660 2599 talento,
1683 2558 1808 2592 antea

304 2610 791 2660 vero,Ol.104,11,1bi
814 2610 897 2649 suis
918 2609 1021 2649 trie1
1023 2609 1134 2649 archi
1162 2609 1238 2661 ipsi
1266 2609 1460 2661 impensis
1481 2609 1744 2648 instruebant
1766 2612 1808 2647 et

305 2666 567 2718 complebant
588 2680 666 2704 nai
670 2680 724 2711 es,
749 2666 882 2717 quadr
884 2666 1027 2718 aginta
1054 2665 1174 2704 minis
1198 2665 1300 2704 trier
1302 2664 1486 2703 archiam
1512 2664 1693 2704 locatam
1721 2677 1808 2702 esse

304 2725 481 2772 apparet
503 2735 524 2759 e
545 2720 680 2759 verbis
707 2720 1001 2759 Demosthenis
1022 2720 1062 2758 in
1087 2720 1190 2759 Mid.
1208 2734 1248 2772 p.
1266 2721 1361 2772 564.
1384 2724 1489 2759 extr.
1507 2726 1549 2758 et
1570 2734 1609 2772 p.
1626 2730 1722 2771 540.
1745 2730 1806 2768 19.

306 2775 440 2825 Quam
473 2775 637 2828 quidem
671 2775 968 2820 difficultatem,
998 2789 1090 2814 eum
1123 2789 1203 2813 non
1240 2775 1413 2827 fugisset
1446 2774 1712 2819 Boeckhium,
1748 2772 1820 2812 ita‘

306 2830 370 2869 illc
406 2845 615 2869 removere
657 2831 817 2870 studuit
852 2844 888 2871 2.
922 2845 962 2883 p.
991 2844 1094 2877 120.,
1128 2835 1175 2869 ut
1214 2831 1497 2882 redemptores
1537 2834 1673 2875 antea,
1715 2841 1807 2866 cuin

305 2885 435 2924 multa
470 2886 744 2937 praedaturos
777 2899 864 2924 sese
898 2890 1145 2937 sperassent,
1175 2885 1331 2924 minore
1363 2884 1510 2937 pretio,
1536 2889 1806 2936 posteaquam
