1934 3179
308 130 391 171 4194
713 125 792 165 DE
827 125 1021 165 FALSA
1056 122 1413 164 LEGATIONE.

299 232 443 280 virum,
468 245 591 284 quam
620 245 724 284 quae
753 235 971 284 sperentur
997 229 1201 283 proficisci
1229 228 1414 281 potuisse
1442 228 1496 268 ab
1524 241 1573 267 eo
1595 227 1715 280 viro),
1740 227 1810 280 qui

299 293 388 328 tam
416 288 483 335 sit,
507 292 634 340 atque
656 287 884 326 Aeschines
912 291 987 333 est,
1011 284 1203 339 ignobilis
1231 288 1358 337 atque
1383 287 1632 323 contemtus.
1697 283 1811 322 Mar-

298 343 467 383 cellinus
497 344 551 383 ad
579 343 887 395 Hermogenem
912 356 951 394 p.
976 354 1065 391 140,
1088 352 1155 393 37.
1189 343 1249 379 δεῖ
1272 339 1301 379 δ’
1325 340 1385 378 ἀεὶ
1416 342 1578 378 σκοπεῖν
1603 338 1654 388 μὴ
1682 339 1813 388 μεῖζόν

300 400 385 438 ἐστι
406 402 472 437 τοῦ
493 399 703 448 προσώπου
720 398 763 436 τὸ
785 398 1070 447 ἐπιφερόμενον
1091 396 1279 446 ἔγκλημα,
1297 395 1361 434 ἵνα
1377 395 1428 443 μὴ
1446 395 1631 435 ἀπίθανος
1651 395 1671 432 ὁ
1693 395 1814 444 λόγος

300 454 472 505 γένηται.
515 456 576 492 διὰ
597 457 709 491 τοῦτο
732 453 793 491 καὶ
816 451 1072 501 Δημοσθένης
1093 451 1343 501 συνεωρακὼς
1364 450 1423 489 ὅτι
1443 449 1486 488 τὸ
1509 450 1606 489 κατὰ
1625 449 1712 491 τοὺς
1728 452 1813 488 Φω-

302 510 390 550 κέας
420 510 593 559 ἔγκλημα
619 509 750 556 μεῖζον
774 508 822 556 ἦν
845 508 1046 558 Αἰσχίνου,
1070 506 1313 557 προσέθηκεν
1337 508 1394 558 (p.
1416 518 1511 558 350,
1539 506 1635 556 16.)·
1671 505 1745 556 οὐχ
1765 505 1814 546 ὡς

300 566 365 603 ὅδε
388 563 545 604 Φωκέας
567 564 773 602 ἀπώλεσεν
795 563 843 601 ἂν
871 563 952 601 καθ’
978 564 1127 601 ἑαυτόν.
1160 561 1349 612 φοβηθεὶς
1375 563 1450 611 γὰρ
1475 564 1542 599 τοῦ
1572 559 1814 611 ἐγκλήματος

302 618 411 672 [libri
430 620 472 657 τὸ
496 619 685 671 ἔγκλημα]
709 618 752 656 τὸ
771 619 964 657 ἀπίθανον
981 617 1184 665 συνέζευξε
1200 617 1244 655 τὸ
1267 617 1413 665 ἀξίωμα
1434 619 1498 664 τῆς
1519 617 1683 656 πόλεως.
1746 614 1813 654 Sic

303 674 463 713 correxi
485 678 712 727 postrema,
734 687 839 727 qnae
862 673 902 711 in
924 672 1077 712 Aldina
1097 672 1296 711 mendosa
1318 671 1525 724 leguntur.
1570 670 1764 710 REISK.

357 743 453 782 350,
485 732 520 768 8.
556 729 740 781 φαύλοις]
783 728 1035 768 Scholiastes
1066 727 1255 767 Platonis
1288 742 1327 779 p.
1354 739 1450 780 337.
1474 726 1605 765 Bekk.
1641 729 1814 777 (φαῦλος

301 788 491 838 usurpat)
518 786 580 824 ἐπὶ
608 786 824 833 ἁπλότητος
850 785 912 823 καὶ
939 784 1112 833 εὐηθείας
1135 782 1398 832 Δημοσθένης·
1432 783 1475 821 οὐ
1496 784 1570 833 γὰρ
1593 783 1626 821 εἶ
1646 782 1814 831 φαύλοις

301 843 409 890 ὑμεῖς
430 840 667 891 προστάταις
683 843 846 891 χρῆσθε.
911 839 946 878 Ν
952 854 1004 878 011
1026 839 1179 878 rectius
1196 839 1498 891 interpretatur
1514 851 1639 890 quam
1660 836 1813 876 Eusta-

302 896 428 944 thius,
446 896 499 935 ad
519 896 644 934 Hom.
668 910 705 948 p.
729 897 846 948 1356.
880 895 948 948 qui
963 909 1084 934 sensu
1102 894 1311 934 contrario
1328 893 1536 946 intelligit.
1574 892 1686 932 Vere
1705 892 1814 931 Pho-

302 951 386 991 tius
416 952 592 990 τάττεται
624 953 810 1002 (φαῦλος)
841 952 902 990 καὶ
931 951 992 989 ἐπὶ
1024 954 1090 989 τοῦ
1118 953 1254 1000 μικροῦ
1283 950 1344 988 καὶ
1377 947 1728 999 εὐκαταφρονήτου,
1765 948 1815 989 ὡς

305 1007 575 1056 Δημοσθένης.
637 1006 798 1045 Eadem
838 1007 967 1045 habet
1001 1005 1236 1058 Etymolog.
1274 1005 1334 1043 M.
1371 1019 1408 1057 p.
1440 1004 1533 1056 789,
1561 1014 1629 1055 47.
1667 1007 1815 1053 φαῦλοι

303 1064 511 1113 ἄνθρωποι,
530 1062 699 1101 homines
721 1062 825 1109 viles,
848 1062 894 1101 de
906 1060 1029 1114 plebe,
1049 1060 1179 1113 qualis
1201 1065 1265 1099 est
1287 1059 1527 1099 Aeschines.
1563 1058 1812 1099 SCHAEF.

361 1131 457 1171 350,
481 1131 540 1156 11.
564 1118 652 1156 οὐδὲ
674 1121 826 1156 πολλοῦ
850 1117 926 1170 δεῖ]
952 1117 1005 1156 V.
1030 1117 1084 1156 ad
1105 1131 1143 1169 p.
1167 1129 1253 1161 100,
1275 1129 1337 1154 10.

361 1187 456 1227 350,
480 1187 494 1211 1
509 1185 542 1213 2.
566 1174 795 1212 ἀπολώλεκε
816 1173 907 1224 μὲν]
938 1172 1092 1211 Sensus
1113 1171 1189 1210 loci
1212 1170 1276 1210 hie
1299 1175 1385 1210 est:
1418 1171 1634 1209 Praeterea
1651 1169 1813 1222 Philip-

296 1244 377 1282 pus
401 1229 560 1281 quidem
587 1236 688 1279 (non
715 1228 775 1279 hi)
800 1228 1012 1267 Phocenses
1035 1227 1246 1280 perdidit:
1268 1227 1407 1278 fateor
1424 1241 1435 1263 .·
1468 1232 1510 1264 αἱ
1540 1225 1583 1264 la?
1612 1226 1815 1278 suppetias

304 1285 477 1323 tulerunt
501 1284 700 1336 pat-clenti.
765 1284 921 1335 Oportet
950 1284 1072 1336 ῖῃὶίαν
1093 1287 1170 1322 etc.
1232 1281 1437 1321 Devarius
1465 1282 1516 1320 de
1540 1280 1738 1320 Particul.
1773 1295 1811 1333 p.

307 1351 399 1392 205.
423 1340 487 1379 ed.
511 1340 702 1378 Reus1n.:
740 1344 760 1360 ‘⁵
779 1339 925 1378 Habet
957 1341 1064 1389 (μὲν)
1099 1338 1225 1377 etiam
1252 1337 1333 1376 vim
1365 1336 1627 1383 concedendi,
1651 1335 1814 1375 etiamsi

306 1410 387 1434 non
409 1399 673 1434 removeatur
695 1394 748 1441 id,
773 1394 882 1446 quod
904 1395 980 1433 snb
1003 1396 1043 1433 δὲ
1066 1393 1270 1446 particula
1288 1392 1518 1432 subdit11r.”
1561 1391 1811 1432 SCHAEF.

363 1463 458 1504 350,
491 1452 548 1489 16.
577 1451 660 1502 ὅδε]
698 1450 927 1502 Philippus,
952 1464 1033 1488 non
1056 1448 1296 1492 Aeschines.
1320 1452 1367 1488 ut
1388 1447 1519 1486 visum
1547 1452 1609 1486 est
1632 1447 1813 1486 Reiskio.

308 1506 435 1545 Haud
467 1520 584 1545 rarus
616 1511 680 1544 est
706 1506 827 1557 hujus
853 1504 1106 1557 pronominis
1137 1518 1235 1543 usus
1262 1504 1315 1543 ad
1342 1503 1656 1556 significandum
1685 1501 1814 1541 homi-

306 1576 415 1609 nem,
438 1562 489 1600 de
517 1575 598 1613 qno
625 1560 739 1613 prius
765 1560 924 1600 dictum
952 1565 1027 1600 est.
1091 1560 1143 1598 V.
1168 1559 1439 1612 Xenophont.
1464 1558 1630 1597 Hellen.
1655 1569 1689 1605 2,
1712 1571 1750 1607 4,
1774 1571 1813 1611 3.

307 1621 350 1656 et
373 1616 748 1669 Schweighaeuser.
771 1616 825 1654 ad
848 1616 1027 1668 Appian.
1052 1615 1128 1654 vol.
1151 1628 1190 1667 3.
1220 1630 1257 1667 p.
1282 1618 1376 1666 631.
1440 1613 1666 1653 Manifesto
1700 1613 1814 1666 poni—

307 1677 377 1711 tur
397 1686 471 1725 pro
495 1673 640 1712 ἐκεῖνος
662 1671 702 1709 111
726 1670 940 1723 Sophoclis
963 1671 1154 1710 Trachin.
1178 1672 1274 1722 346.
1336 1669 1586 1709 SCHAEF.

363 1740 458 1780 350,
489 1739 548 1777 17.
586 1727 752 1778 πόθενς]
797 1727 875 1775 Qui
906 1726 974 1765 hoc
994 1726 1091 1777 fieri
1114 1726 1340 1778 potuisset?
1371 1725 1411 1763 11.
1434 1739 1470 1763 e.
1500 1724 1622 1763 Nulla
1652 1723 1814 1763 ratione

306 1782 396 1821 fieri
431 1781 648 1835 potuisset.
678 1786 724 1820 ut
752 1781 968 1834 Philippus
996 1781 1231 1820 Phocenses
1264 1781 1469 1833 perderet,
1505 1779 1582 1818 nisi
1615 1779 1657 1818 hi
1690 1795 1812 1829 παρα-

307 1839 626 1888 πρεσβεύσαντες
648 1837 762 1876 vobis
784 1837 1088 1889 imposuissent.
1151 1835 1400 1875 SCHAEF.

364 1893 660 1944 προβούλευμα]
690 1892 805 1932 Citat
826 1892 866 1931 h.
891 1892 916 1931 l.
940 1892 1192 1945 Harpocrat.
1216 1907 1251 1930 v.
1276 1892 1565 1941 προβούλευμα.
1617 1889 1812 1929 REISK.

364 1959 461 2001 350,
483 1960 548 1986 20.
572 1949 646 1999 ἐγὼ
667 1949 797 1997 μὲν-
818 1947 1115 2000 πεπραγμένων]
1142 1947 1263 1986 Mens
1285 1945 1463 1985 oratoris
1484 1946 1588 1985 haec
1611 1949 1698 1984 est:
1732 1959 1814 1983 non

307 2019 384 2051 me,
408 2003 476 2056 qui
499 2008 588 2042 tum
611 2003 844 2049 tacuissem,
868 2017 976 2041 nunc
999 2007 1126 2055 eaput
1147 2017 1168 2041 e
1189 2002 1337 2054 laqueo
1359 2001 1579 2040 extrahere
1599 2006 1726 2053 atque
1746 2015 1814 2040 ne—

306 2074 418 2112 gare,
437 2058 535 2097 mihi
558 2073 651 2097 cum
672 2058 763 2098 istis
785 2059 908 2097 rebus
930 2072 1144 2097 commune
1162 2057 1381 2110 quicquam
1402 2071 1490 2095 esse
1515 2056 1615 2106 (velt
1649 2070 1812 2109 negare,

307 2129 372 2153 res
404 2114 492 2153 illas
524 2114 577 2153 ad
608 2128 673 2152 me
704 2113 945 2166 pertinere).
979 2114 1067 2152 vel:
1102 2127 1183 2152 non
1214 2127 1279 2151 me
1306 2116 1395 2151 tum
1428 2111 1593 2164 quidem
1619 2111 1812 2158 tacuisse,

307 2184 400 2208 cum
432 2169 542 2221 loqui
566 2169 811 2215 debuissem,
835 2173 983 2222 utpote
1004 2173 1193 2208 versatus
1221 2168 1262 2206 in
1290 2166 1435 2206 inediis
1459 2167 1582 2205 rebus
1606 2165 1812 2219 gerendis,

302 2226 391 2277 jam
414 2239 509 2263 vero
532 2224 719 2263 dedicere
750 2229 793 2263 et
821 2224 983 2276 ejurare
1009 2238 1170 2262 omnem
1199 2223 1257 2261 rei
1286 2223 1408 2274 hujus
1436 2221 1812 2275 participationem,

308 2294 401 2319 cum
430 2279 591 2318 videam
623 2279 851 2330 nequitiam
883 2279 1093 2332 proditam
1126 2283 1168 2317 et
1200 2292 1287 2317 rem
1319 2277 1450 2317 secius
1481 2277 1663 2316 evenisse
1689 2291 1813 2329 quam

308 2348 553 2386 sperassem.
616 2334 808 2372 REISK.

364 2402 459 2441 350,
486 2401 549 2427 21.
573 2389 810 2440 ἀφίσταμαι]
841 2388 894 2426 V.
916 2403 955 2440 p.
979 2398 1074 2440 355,
1100 2401 1164 2427 20.
1190 2401 1253 2427 21.
1316 2387 1566 2427 SCHAEF.

364 2457 459 2497 350,
478 2455 541 2483 22.
564 2444 586 2492 ἡ
606 2444 752 2495 βουλὴ]
783 2444 902 2493 Quod
924 2448 1094 2483 senatus
1111 2448 1277 2482 tantum
1295 2443 1527 2481 consultum
1544 2445 1811 2489 memoratur,

307 2514 357 2538 ex
379 2513 426 2538 eo
448 2513 529 2536 11011
547 2498 734 2550 sequitur
755 2498 796 2536 in
813 2498 1013 2550 ejusmodi
1030 2512 1074 2537 re
1096 2512 1177 2537 non
1195 2512 1297 2550 opus
1313 2497 1439 2536 fuisse
1456 2496 1686 2550 plebiscito,
1703 2497 1813 2549 quod

307 2554 404 2593 alibi
427 2554 580 2592 diserte
601 2558 882 2593 memoratur:
916 2568 951 2592 v.
974 2568 1013 2605 p.
1037 2567 1132 2603 414,
1156 2567 1194 2605 9.
1217 2558 1260 2592 et
1285 2552 1479 2592 Aeschin.
1501 2567 1541 2605 p.
1565 2565 1632 2605 34,
1663 2564 1720 2604 [3.
1758 2551 1812 2590 V.

312 2609 455 2647 Meier.
480 2608 710 2648 Comment.
733 2609 783 2648 de
804 2608 889 2648 vita
912 2608 1088 2662 Lycurgi
1111 2624 1150 2661 p.
1174 2608 1292 2648 CIII.

366 2675 459 2715 350,
505 2675 569 2714 23.
621 2663 1032 2717 ἐπῄνεσε-καλέσαι]
1086 2665 1244 2703 Eadem
1283 2664 1517 2716 junguntur
1555 2676 1596 2714 p.
1637 2674 1732 2711 414,
1777 2661 1812 2699 8.

311 2718 562 2757 SGHAEF.

368 2786 389 2824 3
395 2786 461 2824 50,
490 2776 553 2811 26.
586 2773 833 2826 Τιμαγόραν]
869 2773 953 2813 Hic
976 2774 1136 2826 legatus
1157 2774 1306 2812 missus
1327 2774 1379 2812 ab
1404 2770 1727 2812 Atheniensibus
1758 2771 1812 2809 ad

312 2828 534 2866 Persarum
556 2842 695 2880 regem
719 2828 1000 2867 Artaxerxem
1024 2830 1249 2867 Mnemona
1279 2827 1557 2880 quadraginta
1577 2825 1737 2865 talenta
1757 2826 1810 2864 ab

312 2896 358 2918 eo
381 2882 538 2933 accepit
564 2883 613 2933 (v.
637 2897 674 2934 p.
698 2884 792 2934 383,
826 2885 918 2930 18.),
942 2884 1109 2922 domum
1132 2898 1227 2922 vero
1249 2897 1436 2922 reversus
1467 2897 1492 2921 a
1516 2882 1673 2921 Leonte
1695 2894 1810 2919 accu—
