1914 3184
295 140 379 165 xxx
918 125 1177 165 REISKII

293 236 554 283 στιανικωτάτῳ,
577 234 612 269 εὖ
632 236 803 280 πράττειν.
861 234 979 282 Cujus
1008 241 1293 282 argumentum,
1317 233 1380 279 qui
1406 232 1521 272 volet,
1545 244 1590 267 ex
1615 232 1696 279 ipsa
1716 244 1804 279 cog-

291 306 438 339 noscat,
460 306 627 334 nostram
650 299 695 334 ad
720 311 800 334 rem
822 297 921 333 haud
942 297 1043 332 facit.
1102 295 1359 331 praefationes
1379 296 1447 331 has
1467 294 1664 343 excipiunt
1683 295 1806 344 elogia

290 362 562 398 Demosthenis
592 370 629 397 et
658 362 705 398 de
735 375 780 398 eo
811 361 1042 400 testimonia,
1065 372 1106 395 ex
1138 359 1357 395 auctoribus
1383 360 1618 406 Graecisque
1641 358 1806 394 Latinis-

291 438 364 472 que
394 438 517 473 paene
552 426 730 461 omnibus
760 425 988 472 conquisita,
1015 423 1172 458 minutis
1201 423 1313 471 typis,
1340 435 1409 470 per
1436 422 1527 458 folia
1559 423 1701 472 viginti.
1760 422 1804 457 In

289 489 346 524 his
378 498 468 525 sunt,
496 490 572 525 vita
598 489 868 525 Demosthenis
898 500 917 523 e
946 488 1148 522 Plutarcho
1179 494 1216 522 et
1245 487 1633 528 Pseudo-Plutarcho,
1656 487 1806 522 Libanii

289 554 449 600 epistola
473 554 518 589 ad
541 553 751 594 Montium,
776 552 938 588 Luciani
959 551 1178 587 encomium
1199 551 1481 592 Demosthenis,
1502 551 1677 598 Dionysii
1699 550 1803 586 Hali-

290 630 393 652 carn.
427 617 589 665 epistola
622 617 667 652 ad
706 619 948 657 Aminaeum,
984 623 1022 651 et
1055 615 1205 650 infinita
1239 615 1313 650 alia
1345 615 1576 663 hujusmodi,
1611 622 1805 662 postremo

290 681 445 728 Ulpiani
465 681 512 716 ad
535 681 839 717 Demosthenem
868 680 1152 729 prolegomena.
1210 679 1307 714 Tum
1334 679 1505 726 sequitur
1523 679 1648 726 ipsum
1669 691 1805 727 corpus

290 744 508 780 orationum
536 757 623 780 cum
654 744 939 780 commentariis
965 743 1116 791 Ulpiani
1145 743 1190 779 ad
1215 743 1314 778 latus
1344 743 1492 790 positis,
1514 743 1578 791 qui
1608 755 1804 778 commen-

289 808 376 843 tarii
396 809 467 844 hac
492 808 531 843 in
561 808 730 844 editione
752 815 888 855 quarta
913 806 993 843 fere
1020 815 1140 854 parte,
1162 815 1204 842 ut
1230 814 1422 842 asseverat
1443 806 1663 850 Lambinus,
1685 808 1805 843 aucti-

289 882 374 906 ores
401 877 501 913 sunt,
525 883 639 917 quam
662 869 780 905 Aldus
801 881 866 904 eos
892 868 1073 904 ediderat.
1135 868 1324 903 Morellus
1346 867 1461 908 enim,
1486 867 1667 914 quicquid
1694 867 1805 903 scho-

288 934 425 969 liorum
451 934 489 969 in
518 933 713 969 codicibus
738 933 852 982 regiis
879 945 944 968 seu
966 932 1143 968 Parisinis
1169 932 1394 974 invenisset,
1414 932 1674 968 immiscuerat
1697 932 1805 980 Ulpi-

290 998 395 1034 aneis
430 999 476 1034 ab
507 998 604 1033 Aldo
638 997 749 1033 editis
784 997 864 1032 sine
898 997 976 1032 ulla
1010 997 1239 1032 discriminis
1272 1005 1377 1032 nota.
1436 996 1548 1039 Quod
1583 996 1804 1032 dolendum.

290 1062 493 1098 Debebant
526 1064 708 1109 cujusque
743 1061 885 1096 codicis
919 1061 1062 1096 scholia
1096 1061 1254 1096 seorsim
1290 1061 1361 1102 edi,
1394 1069 1460 1095 aut
1493 1061 1631 1101 saltim,
1663 1060 1808 1095 scholia

291 1138 466 1172 quaeque
489 1125 626 1171 quibus
654 1137 675 1160 e
703 1124 898 1159 codicibus
927 1132 1054 1159 essent
1083 1132 1222 1164 sumta,
1244 1124 1359 1172 signis
1389 1132 1454 1159 aut
1479 1124 1605 1159 verbis
1634 1124 1806 1165 indicari,

294 1202 370 1224 non
401 1189 530 1224 omnia
557 1189 595 1223 in
623 1201 741 1223 unum
773 1189 930 1223 cinnum
960 1188 1214 1228 commisceri,
1237 1200 1324 1223 cum
1357 1188 1465 1223 bonis
1494 1187 1629 1222 futilia.
1688 1189 1807 1223 Suum

292 1254 430 1301 cuique
452 1253 618 1288 debebat
642 1252 818 1299 relinqui.
879 1253 1103 1300 Importuna
1123 1260 1162 1287 et
1187 1252 1302 1287 stulta
1323 1264 1369 1288 ea
1388 1251 1459 1287 fuit
1486 1251 1666 1287 sedulitas
1687 1251 1806 1286 edito-

291 1331 375 1353 rum
402 1318 566 1365 ineptias
595 1325 633 1352 et
659 1330 776 1366 nugas
800 1316 1063 1366 frigidissimas
1091 1317 1372 1356 accumulandi,
1395 1319 1501 1365 cujus
1523 1317 1624 1351 hunc
1652 1315 1807 1351 ferimus

291 1382 471 1422 fructum,
507 1389 549 1416 ut
588 1393 700 1428 saepe
737 1381 918 1416 miremur
951 1380 1115 1416 eundem
1154 1389 1349 1416 auctorem
1384 1380 1596 1428 pugnantia
1633 1379 1734 1415 inter
1767 1391 1807 1414 se

292 1446 454 1481 tradere.
512 1445 625 1488 Quod
654 1444 734 1479 fieri
764 1456 873 1479 secus
902 1457 979 1479 non
1010 1452 1150 1491 potest,
1173 1445 1200 1479 si
1232 1444 1576 1479 diversissimorum
1606 1452 1807 1479 auctorum

291 1509 506 1558 fragmenta
524 1509 624 1544 inter
645 1520 684 1543 se
711 1509 1022 1557 compinguntur,
1046 1516 1084 1544 et
1110 1509 1180 1544 sub
1202 1508 1371 1557 ejusdem
1398 1509 1624 1544 scholiastae
1651 1509 1807 1543 nomine

292 1573 550 1608 venditantur.
609 1571 672 1607 Sic
704 1572 961 1608 obtruduntur
995 1573 1109 1608 alicui
1141 1586 1198 1615 ea,
1230 1585 1326 1620 quae
1360 1573 1482 1608 noluit
1519 1573 1658 1615 dicere,
1689 1581 1727 1608 et
1760 1573 1807 1608 de

294 1636 431 1683 quibus
466 1648 663 1683 nunquam
697 1637 914 1672 somniavit.
973 1636 1011 1672 Si
1047 1637 1200 1684 quando
1234 1637 1445 1685 contingat,
1476 1644 1518 1672 ut
1552 1649 1621 1672 nos
1655 1649 1807 1684 quoque

294 1700 439 1735 scholia
473 1700 642 1740 edamus,
678 1701 724 1736 de
759 1714 834 1749 quo
875 1701 1045 1736 nondum
1086 1709 1190 1737 certo
1225 1701 1478 1741 decrevimus,
1515 1701 1641 1746 (inviti
1679 1709 1808 1736 autem

294 1763 490 1805 faciemus,
522 1777 607 1799 cum
643 1765 829 1809 edemus,)
863 1765 1101 1801 servabimus
1135 1765 1290 1811 quidem
1321 1765 1492 1800 ordinem
1529 1764 1706 1800 editionis
1737 1765 1807 1800 Pa·

294 1827 446 1869 risinae,
468 1840 569 1863 nova
596 1836 737 1869 autem,
761 1841 857 1875 quae
885 1841 905 1863 e
928 1828 1115 1864 Bavarico
1145 1829 1290 1871 codice,
1312 1829 1481 1875 itemque
1511 1841 1555 1864 ex
1582 1829 1808 1877 Aug-ostano

295 1892 511 1939 prodemus,
535 1905 577 1928 ea
598 1905 772 1939 quaeque
799 1893 970 1933 seorsim,
994 1905 1039 1928 eo
1068 1893 1214 1934 ordine,
1236 1901 1279 1928 ut
1306 1893 1343 1928 in
1372 1893 1503 1928 codice
1526 1905 1679 1940 quoque
1701 1893 1807 1927 inve—

204 1956 434 1996 xxvnimus,
466 1956 683 2004 prodemus.
742 1957 894 1992 Scholia
922 1957 1029 1999 haec,
1058 1965 1101 1992 ut
1129 1957 1166 1992 in
1198 1957 1279 1992 aliis
1314 1957 1556 1999 editionibus,
1587 1957 1640 1992 ita
1669 1957 1707 1991 in
1738 1957 1808 1992 hac

295 2032 447 2068 quoque
467 2020 568 2055 ultra
588 2020 872 2056 Timocrateam
895 2033 971 2056 non
999 2021 1224 2068 procedunt.
1273 2021 1372 2056 Nam
1396 2034 1492 2068 quae
1514 2022 1557 2056 ad
1580 2020 1809 2068 posteriores

295 2084 484 2120 orationes
514 2084 693 2131 adspersa
723 2092 825 2125 sunt,
854 2097 899 2120 ea
928 2085 1068 2132 oppido
1100 2097 1221 2131 pauca
1254 2094 1354 2125 sunt,
1377 2085 1437 2119 vix
1470 2085 1601 2120 decem
1635 2085 1806 2125 omniuo,

295 2156 333 2183 et
354 2148 503 2183 minimi
522 2147 709 2184 facienda.
768 2149 944 2184 Procedit
965 2149 1015 2184 sic
1041 2161 1135 2196 opus
1158 2162 1275 2195 usque
1302 2149 1347 2184 ad
1370 2162 1408 2196 p.
1429 2149 1517 2194 789.
1541 2161 1615 2183 non
1639 2162 1684 2184 eo
1709 2148 1807 2184 ordi-

295 2224 355 2253 ne,
381 2224 495 2258 quem
517 2211 677 2246 Wolfius
706 2211 744 2246 in
775 2224 881 2246 suam
912 2212 1118 2247 editionem
1150 2212 1383 2259 importavit,
1414 2213 1479 2248 sed
1510 2213 1662 2256 Aldino,
1693 2225 1808 2259 quem

297 2275 411 2309 etiam
432 2275 601 2321 reliquae
623 2274 809 2310 editiones
830 2283 981 2321 praeter
1000 2275 1228 2310 WVolfianam
1252 2288 1384 2311 omnes
1412 2283 1624 2311 servarunt.
1684 2276 1809 2311 Prima

296 2338 500 2379 VVolfiana,
531 2351 606 2385 qua
641 2350 763 2379 careo,
796 2339 826 2373 si
865 2338 1044 2385 epistolas
1077 2339 1347 2374 Demosthenis
1386 2352 1461 2374 non
1497 2347 1617 2380 tenet,
1651 2339 1697 2374 de
1732 2352 1808 2386 quo

296 2401 472 2443 viderint,
503 2402 639 2448 quibus
670 2402 780 2448 copia
810 2402 955 2449 primae
984 2402 1196 2437 VVolfianae
1228 2410 1296 2442 est,
1325 2402 1447 2449 prima
1476 2403 1581 2438 (ledit
1612 2415 1674 2437 eas
1705 2403 1806 2438 Pari-

297 2465 379 2500 sina
397 2479 403 2498 :
436 2477 524 2500 nam
545 2465 583 2499 in
606 2465 774 2512 epistolis
794 2466 1065 2501 Demosthenis
1085 2465 1168 2500 finit
1191 2465 1284 2501 haee
1306 2466 1433 2500 editio.
1491 2466 1699 2501 Mantissae
1722 2467 1807 2502 loco

297 2529 467 2578 adjectae
488 2536 576 2563 sunt
596 2529 723 2564 variae
743 2529 928 2564 lectiones
949 2537 987 2564 et
1007 2537 1121 2564 notae
1142 2528 1179 2563 in
1207 2529 1399 2564 orationes
1421 2529 1690 2565 Demosthenis
1711 2538 1747 2565 et
1768 2531 1806 2566 in

296 2592 439 2627 scholia
468 2592 632 2639 Ulpiani.
689 2592 914 2627 Videbimus
948 2592 994 2627 de
1030 2592 1087 2626 his
1120 2593 1232 2639 paulo
1266 2601 1362 2639 post.
1421 2593 1592 2628 Instituit
1621 2594 1808 2629 Morellus

297 2656 488 2692 orationes
517 2655 789 2691 Demosthenis
821 2656 861 2690 in
895 2656 1149 2704 paragraphos
1182 2656 1363 2694 dividere.
1396 2657 1532 2704 quibus
1566 2658 1716 2693 numeri
1750 2658 1807 2693 sui

296 2727 385 2754 sunt
412 2719 450 2754 in
482 2719 650 2767 margine
680 2719 851 2754 interiori
881 2719 1056 2767 appositi.
1115 2720 1159 2754 In
1190 2719 1367 2754 exteriori
1397 2728 1485 2755 sunt
1515 2720 1629 2756 iidem
1659 2722 1808 2756 numeri

297 2783 448 2817 scholiis
482 2783 611 2823 additi,
646 2796 721 2830 quo
755 2783 883 2818 statim
916 2782 1080 2818 inveniri
1115 2792 1252 2830 posset,
1291 2797 1365 2830 quo
1405 2784 1592 2819 scholium
1627 2784 1806 2831 quodque

297 2844 536 2880 referendum
566 2855 689 2885 esset;
730 2846 855 2882 variae
884 2847 1069 2882 lectiones
1099 2847 1145 2882 ad
1175 2855 1320 2882 textum
1351 2847 1587 2894 pertinentes
1617 2856 1807 2895 occupant

298 2908 507 2956 marginem
528 2909 761 2950 interiorem,
779 2910 1008 2945 exteriorem
1032 2920 1159 2945 autem
1182 2922 1261 2951 eae,
1281 2923 1377 2956 quae
1399 2910 1444 2945 ad
1466 2910 1610 2946 scholia
1630 2911 1805 2947 redeunt.
