1934 3179
300 160 382 200 470
854 161 970 201 PRO
1002 160 1253 202 CORONA.

355 275 451 316 330,
477 265 540 304 26.
574 265 594 303 6
622 264 652 304 δ’
671 264 843 316 ἀδελφὸς
873 266 894 304 6
925 266 1017 306 σός·
1009 264 1043 318 ,]
1079 265 1128 304 Ιο
1156 265 1276 305 Orat.
1304 265 1354 305 de
1378 264 1483 305 falsa
1512 264 1700 319 legat.p
1674 280 1713 319 p.
1741 275 1804 319 1.5

299 317 606 360 Demosthenes
636 320 740 359 duos
769 320 921 360 fratres
952 320 1174 360 Aeschinis
1206 325 1503 361 commemorat
1534 321 1807 374 Aphobetum

299 379 342 414 et
363 374 664 414 Philocharem.
725 375 908 415 Eosdem
929 375 1117 416 nominat
1138 375 1225 429 ipse
1242 375 1368 416 etiam
1386 376 1615 416 Aeschines
1632 377 1683 416 de
1703 376 1808 416 falsa

298 429 422 483 legat.
444 445 482 483 p.
505 432 572 480 48.
635 430 729 471 Hoc
761 430 852 470 loco
884 431 1191 471 Demosthenes
1223 431 1525 480 Philocharem⁷
1558 431 1715 485 opinor,
1747 431 1807 471 in-

298 485 460 539 telligit,
485 485 553 538 qui
574 491 746 539 praetor
765 486 914 526 fuerat.
957 486 1183 526 DISSEN.

354 553 450 594 330,
476 553 541 591 27.
563 543 682 590 μηδὲν
702 542 823 594 ἄλλο]
862 542 916 581 V.
935 556 968 581 c.
991 542 1020 582 ὦ
1042 543 1230 593 κάθαρμα.
1279 542 1395 583 Conf.
1413 544 1450 582 οἱ
1469 543 1636 594 χρηστοί
1653 557 1692 596 p.
1712 553 1805 595 255,

302 608 364 636 12.
407 595 656 636 SOHAEF.

353 664 450 705 330,
476 651 540 691 28.
573 653 704 703 ὥσπερ
728 653 857 692 τᾶλλα
887 652 1031 706 πάντα]
1072 652 1238 693 Scilicet
1271 653 1463 702 ἐξετάζειν
1487 669 1532 693 σε
1567 657 1636 693 δεῖ.
1698 653 1808 693 Neu-

298 710 409 746 trum
429 708 558 747 τᾶλλα
579 707 706 747 πάντα
726 707 759 746 si
777 722 899 760 quem
916 707 1101 749 offendat
1121 709 1174 748 ob
1196 708 1414 762 sequentia
1429 709 1805 760 τοὺς-ἀγωνιστὰς,

297 762 486 802 consulat
509 762 604 802 Ind.
625 763 679 802 ad
702 762 878 802 Homeli
900 763 1048 816 Odyss.
1071 779 1110 817 p.
1134 777 1222 814 170
1267 763 1516 804 SCHAEF.

353 830 507 871 331,1.
536 819 556 857 ὁ
585 818 802 868 Φιλάμμων
823 836 856 858 κ.
876 836 907 858 τ.
922 819 980 872 λ.]
1013 819 1131 860 Citat
1162 819 1201 858 11.
1230 820 1254 858 l.
1283 819 1431 858 Pollux
1463 832 1497 869 3
1529 832 1617 867 141.
1649 834 1684 857 v.
1707 819 1805 869 ἀγω-

299 873 426 912 νισταὶ
447 877 489 913 et
507 873 821 926 Harpocration
843 889 876 913 v.
897 874 1128 924 Φιλάμμων.
1161 875 1354 914 REISK.
1416 874 1691 921 Philammon,
1714 874 1806 914 ath-

296 929 382 968 leta
412 929 561 968 nobilis
587 928 884 969 Atheniensis:
918 930 998 969 vid.
1023 930 1077 969 Η
1069 935 1279 983 11·.1)001·111
1307 935 1349 970 ct
1374 930 1573 970 Eustath.
1600 930 1654 970 ad
1676 929 1805 970 Hom.

300 983 348 1023 Il.
370 988 417 1035 ψ.
449 999 488 1038 p.
516 997 635 1038 1324.
671 984 830 1035 λέγεται
863 987 903 1024 δὲ
938 986 999 1024 καὶ
1034 986 1251 1036 Φιλάμμων
1283 987 1424 1035 πύκτης
1454 985 1662 1034 Ἀθηναῖος
1697 988 1806 1024 νικᾶν

297 1040 385 1082 τοὺς
406 1041 642 1082 ἀντιπάλους
662 1041 789 1080 πάντα
809 1041 878 1080 τὸν
894 1042 1049 1092 χρόνον.
1114 1041 1372 1080 Mentionem
1394 1041 1483 1094 ejus
1500 1040 1658 1080 faciunt
1678 1040 1806 1081 etiam

297 1095 478 1135 Aristot.
501 1095 627 1135 Rhet.
652 1110 690 1149 3,
714 1109 727 1134 1
744 1109 776 1135 Ι.
799 1096 961 1149 aliique.
1005 1096 1233 1136 DISSEN.

353 1164 450 1204 331,
481 1164 517 1193 2.
551 1153 727 1191 Γλαύκου
759 1155 824 1191 τοῦ
863 1153 1100 1205 Καρυστίου]
1158 1153 1338 1192 Glaucus
1376 1152 1590 1205 Carystius
1625 1151 1723 1192 vicit
1763 1152 1804 1191 in

299 1206 490 1259 Olympia
520 1207 709 1260 pugilatu
738 1207 800 1246 Ol.
837 1221 857 1248 2
863 1220 902 1260 5.
964 1207 1074 1248 Vide
1105 1208 1154 1247 de
1187 1222 1234 1248 eo
1268 1209 1448 1248 Pausan.
1475 1210 1511 1254 6,
1535 1221 1596 1248 10.
1623 1213 1666 1248 et
1697 1208 1804 1248 conf.

297 1262 514 1315 interpret.
548 1263 601 1302 ad
629 1262 800 1302 Lucian.
826 1263 1031 1303 Herodot.
1058 1278 1090 1303 c.
1116 1263 1152 1303 8.
1180 1269 1223 1304 et
1251 1264 1301 1303 (10
1329 1263 1545 1317 Imaginib.
1575 1278 1610 1304 c.
1633 1277 1706 1313 19.7
1734 1263 1804 1303 ubi

296 1317 424 1357 etiam
445 1332 586 1358 versus
608 1318 831 1358 Simonidis
853 1319 904 1358 de
926 1334 986 1358 eo.
1049 1320 1151 1359 Cum
1182 1324 1274 1359 toto
1299 1320 1377 1359 1100
1400 1319 1695 1359 Demosthenis
1715 1319 1805 1359 loco

296 1374 546 1414 conferenda
568 1388 675 1427 quae
699 1374 930 1414 Aeschines
952 1390 991 1427 p.
1016 1378 1080 1414 81.
1104 1375 1341 1428 respondet.
1405 1375 1517 1415 Nam
1545 1390 1637 1414 cum
1662 1376 1805 1415 ederet

296 1429 528 1469 orationem
550 1444 680 1477 suam,
703 1430 827 1469 etiam
857 1431 966 1469 hunc
989 1431 1122 1470 locum
1144 1430 1220 1470 sibi
1242 1431 1351 1470 visus
1373 1436 1437 1470 est
1458 1431 1641 1471 refutare
1671 1445 1804 1484 posse.

296 1484 458 1524 Revera
493 1490 633 1525 tamen
669 1500 750 1524 non
788 1486 998 1526 refutavit.
1065 1487 1270 1525 Nimirum
1301 1486 1426 1526 etiam
1463 1487 1556 1537 πρὸς
1589 1486 1706 1536 αὐτὴν
1737 1486 1806 1536 τὴν

296 1541 436 1590 ἀρετὴν
458 1540 565 1594 exigi
589 1541 883 1580 Demosthenis
905 1542 1036 1582 virtus
1068 1557 1148 1582 11011
1170 1542 1341 1595 defugit,
1366 1542 1435 1595 qui
1465 1557 1538 1595 per
1558 1547 1694 1582 totam
1715 1557 1806 1582 ora-

298 1595 454 1635 tionem
480 1596 621 1636 docuit
652 1611 696 1635 se
728 1596 769 1635 in
796 1597 988 1636 omnibus
1019 1598 1199 1637 consiliis
1234 1598 1408 1651 publicis
1441 1599 1551 1650 quod
1585 1598 1804 1638 honestum

295 1656 338 1691 et
367 1651 593 1704 gloriosum
623 1658 734 1692 esset
765 1658 965 1698 secutum.
994 1668 1236 1707 semperque
1268 1668 1343 1707 pro
1375 1653 1570 1694 libertate
1602 1653 1804 1694 Graeciae

296 1712 338 1746 et
360 1708 624 1747 Athenarum
647 1713 840 1748 certasse.
904 1709 983 1747 Sed
1008 1709 1235 1748 Aeschines
1266 1710 1443 1762 majores
1475 1714 1803 1763 comparaverat.

293 1767 421 1816 atque
443 1763 497 1803 ad
518 1763 595 1803 hoc
616 1778 725 1803 nune
747 1765 972 1817 respondet
994 1765 1310 1804 Demosthenes.
1355 1765 1577 1805 DISSEN.

350 1831 445 1870 331,
471 1833 507 1867 7.
532 1820 620 1871 ὅρα]
657 1820 803 1869 θεώρει.
848 1820 900 1859 V.
923 1835 962 1873 p.
984 1833 1079 1872 35307
1107 1833 1141 1872 7.
1185 1820 1436 1860 SCHAEF.

351 1874 442 1924 πρὸς
473 1876 885 1927 ὅντινα-ἐξίσταμαι]
926 1876 1070 1915 Citant
1094 1876 1255 1916 Anecd.
1280 1877 1411 1916 Bekk.
1434 1891 1472 1929 p.
1497 1876 1582 1928 138.
1605 1875 1658 1915 in.
1681 1891 1802 1930 prop-

294 1934 359 1968 ter
389 1930 740 1970 constructionem
772 1931 885 1970 verbi
919 1933 1122 1981 ἐξίσταμαι
1153 1946 1246 1971 011111
1275 1931 1524 1974 accusativo,
1548 1945 1628 1983 quo
1651 1933 1804 1972 Demo-

294 1985 462 2025 sthenes
499 1986 633 2025 utitur
667 1987 793 2026 etiam
824 2002 862 2040 p.
885 1990 980 2035 460,
1011 2000 1046 2026 2.
1075 1992 1256 2040 (117,15.
1295 1987 1625 2028 SOHAEFER.
1689 1987 1803 2027 Libri

294 2041 522 2081 deteriores
549 2042 675 2081 οὐδενὶ
702 2043 915 2091 ἐξίσταμαι.
981 2043 1218 2096 Utrumque
1250 2042 1330 2082 dici
1362 2048 1482 2096 poter
1484 2047 1544 2089 1,11.
1566 2057 1803 2096 quanquam

293 2096 455 2136 dixersa
495 2097 807 2150 significatione.
876 2097 982 2137 Nam
1019 2099 1147 2138 οὐδενι
1177 2099 1378 2148 ἐξίσταμαι
1414 2098 1619 2151 significat
1657 2099 1805 2138 nemini

292 2151 393 2199 ciclo
421 2152 559 2192 οὐὸέια
586 2167 682 2192 vero
714 2154 928 2202 ἐξίσταμαι,
959 2168 1148 2192 nemetum
1178 2154 1338 2202 declino,
1362 2154 1386 2194 i.
1412 2168 1446 2193 e.
1470 2167 1590 2192 nemo
1621 2158 1685 2193 est
1706 2168 1804 2206 quo-

294 2221 387 2245 cum
418 2215 578 2247 cerzme
614 2223 695 2247 non
731 2209 876 2247 ausim.
941 2209 986 2247 F
979 2209 1162 2248 alluntur
1195 2209 1323 2257 iffitm·
1354 2209 1422 2262 qui
1456 2208 1586 2247 solum
1617 2209 1802 2248 dativum

294 2262 360 2301 hic
382 2262 515 2301 locum
538 2263 693 2302 habere
714 2264 925 2303 affirmant
945 2264 1125 2304 Lobeck.
1144 2265 1196 2304 ad
1216 2265 1341 2317 Soph.
1362 2265 1431 2317 Aj.
1453 2277 1539 2316 109.
1562 2268 1605 2304 et
1630 2264 1802 2304 Shilleto

293 2317 346 2356 ad
369 2322 474 2357 orat.
499 2318 549 2357 de
570 2318 596 2356 f.
621 2319 698 2371 leg.
721 2333 759 2370 p.
785 2320 873 2357 128.
895 2320 967 2369 (ad
990 2334 1028 2371 p.
1051 2334 1096 2369 4¹
1118 2334 1146 2367 1,
1174 2322 1258 2369 12.)

350 2373 506 2424 βούλει]
534 2375 723 2422 βούλεται
745 2374 905 2413 ΑΙ100(1.
930 2374 1060 2413 Bekk.
1105 2374 1354 2414 SCHAEF.

350 2441 446 2480 331,
481 2441 543 2467 20.
579 2430 835 2481 ἱπποτρόφος]
876 2429 1014 2469 Reisk.
1048 2430 1137 2469 Iud.
1169 2430 1371 2470 Graecia:
1407 2439 1429 2451 ‘⁵
1447 2430 1570 2470 homo
1606 2430 1802 2483 locuples,

294 2484 362 2536 qui
385 2498 534 2546 equum
563 2484 773 2537 publicum
801 2498 895 2524 aere
921 2485 1139 2525 00011111.Ἢ
1202 2485 1249 2524 ld
1272 2500 1368 2525 xero
1393 2485 1503 2524 laudi
1525 2487 1588 2524 101
1591 2492 1657 2525 et
1691 2486 1801 2538 quod

295 2539 485 2578 ()1·a‘t01is
521 2539 688 2579 consilio
724 2540 984 2579 adxersatur.
1052 2541 1115 2580 De
1157 2541 1334 2589 homine,
1372 2540 1441 2594 qui
1477 2541 1637 2580 curules
1674 2556 1801 2594 equos

293 2595 397 2634 aleb·
389 2600 446 2641 tt,
489 2593 791 2648 intelplwetatui
830 2596 938 2636 1111110
980 2596 1112 2636 citans
1153 2596 1288 2636 locum
1325 2596 1383 2635 H.
1409 2597 1644 2650 Stephanus
1677 2596 1799 2635 Thes.

295 2650 386 2704 Ego
408 2650 633 2705 intelligam
655 2651 705 2690 de
727 2650 903 2700 homine,
920 2651 988 2704 qui
1011 2667 1106 2691 suos
1127 2652 1169 2690 in
1190 2667 1300 2699 usus,
1318 2657 1365 2691 ut
1386 2652 1499 2691 luxui
1520 2651 1801 2704 mollitiaeque

295 2706 458 2753 serviat,
482 2720 608 2758 equos
629 2707 715 2746 alit.
765 2706 880 2746 Conf.
902 2722 942 2760 p.
970 2711 1088 2758 1046,
1111 2709 1147 2746 8.
1170 2722 1258 2760 sqq.
1293 2707 1530 2747 SCHAEF
1606 2707 1669 2746 De
1692 2708 1801 2746 ἱππο-

294 2763 434 2814 τροφίᾳ
470 2761 668 2800 nobilium
704 2767 744 2801 et
782 2761 955 2802 divitum
990 2763 1044 2802 ad
1081 2763 1282 2802 curulium
1318 2762 1592 2802 certaminum
1623 2761 1800 2815 gloriam

295 2817 628 2869 consequendam
645 2818 695 2856 cf.
711 2817 837 2857 Bach.
852 2818 905 2857 ad
922 2818 962 2856 X
970 2818 1117 2870 enoph.
1134 2818 1285 2857 Oecon.
1305 2832 1338 2864 2,
1355 2820 1391 2857 6.
1414 2818 1598 2871 Boettig.
1618 2817 1799 2856 Archae-

297 2873 403 2926 olog.
430 2872 586 2911 Pictur.
612 2887 650 2925 p.
677 2875 769 2912 260.
799 2873 977 2912 Boeckh.
1002 2874 1051 2912 de
1075 2873 1224 2913 Oecon.
1251 2874 1404 2914 Athen.
1434 2887 1460 2912 1.
1490 2888 1528 2925 p.
1554 2875 1619 2912 80.
1687 2872 1798 2911 Hinc

298 2942 406 2968 111100
429 2928 674 2981 metaphora
695 2928 838 2980 petita.
882 2928 1105 2968 DISSEN.
