1950 3210
660 143 773 182 PRO
806 143 853 183 tf(
864 146 877 181 )
888 143 1057 182 stoNA.
1534 150 1616 189 407

97 260 178 285 non
220 246 394 286 haberet
433 247 541 286 unde
582 247 800 286 materiam
835 246 990 286 decreti
1034 252 1208 299 peteret&
1236 261 1353 286 suam
1395 248 1481 300 ipse
1517 265 1612 289 von-

91 303 299 355 jecturam
331 309 498 343 secutus
531 303 746 342 decretum
779 303 952 342 effinxit.
1020 302 1166 355 ltaque
1199 309 1245 342 ut
1277 304 1465 343 fraud‹.=1n
1500 306 1614 345 obte-

93 363 225 412 geret,
256 374 336 397 non
370 362 590 410 περιελθεῖν
617 359 699 398 sive
732 359 920 409 περιιέναι
951 358 1131 412 scripsit,
1158 359 1268 411 quod
1293 360 1461 399 verlnnn
1494 361 1533 399 in
1567 377 1615 401 ea

95 429 139 454 re
171 415 384 468 proprium
410 422 451 455 et
484 415 713 467 hfgitiinum
737 420 812 462 est,
841 415 912 454 scd
941 417 1137 455 ἐπελθεῖν.
1163 415 1187 454 i.
1211 431 1243 454 (J.
1268 416 1459 463 accedere,
1485 432 1616 470 nequc

94 471 283 524 Delphos
305 472 539 525 quicunque
567 477 731 511 sextum
754 471 959 511 decimum
992 472 1145 511 aetatis
1177 486 1330 511 annum
1366 473 1518 525 egressi
1555 490 1613 513 cs-

95 533 199 573 sent,
228 532 315 567 tam
353 528 552 581 ingenuos
585 543 708 581 quam
747 543 899 574 servos,
932 528 1130 567 accedero
1165 528 1218 567 ad
1258 535 1412 568 terrain
1452 544 1614 569 sacrani

89 583 227 636 jussit,
252 584 323 623 sed
356 584 579 637 pylagoras
611 590 653 624 et
687 584 1059 630 him-0111mfnmnos,
1084 584 1206 637 idque
1230 599 1309 623 non
1333 586 1385 624 ad
1410 585 1613 626 diruenda

93 654 222 693 opera
245 636 468 684 homimnnss
493 640 543 679 de
566 655 647 692 qua
681 655 725 679 re
758 640 857 679 nihil
883 640 995 693 apud
1020 640 1345 680 Demosthenem
1368 656 1613 682 c‹‘›nnnemo—

93 700 233 736 ratuni
260 696 435 743 viderat„
469 696 540 735 scd
573 697 626 736 ad
659 696 859 736 terminos
895 697 1120 749 ponendos5
1149 697 1202 736 ad
1230 712 1355 750 quum
1393 713 1478 737 rein
1513 714 1614 739 sanc

94 752 226 792 satius
258 758 352 793 crat
388 753 497 791 solos
534 752 891 792 l1ieromnuniones
924 768 1015 792 culn
1051 753 1259 806 pylagoris
1295 754 1454 794 misisse
1489 770 1613 808 quain

94 814 258 848 tantam
290 808 600 849 multitudinem
632 809 844 848 hominum
873 809 1092 849 excitasse.
1156 810 1344 864 Denique
1377 811 1417 849 id
1448 812 1613 851 addidit

97 866 175 915 (καὶ
207 867 386 905 ἀπειπεῖν
413 868 589 915 κ.τ.λ.),
623 866 746 918 quod,
781 866 877 918 qnia
910 865 1081 905 circuire
1118 871 1274 905 terrain
1313 881 1473 907 sacram
1512 868 1611 907 nihil

92 921 205 961 aliud
232 927 324 961 erat
347 936 471 974 quani
498 936 542 961 re
569 926 615 961 et
636 924 748 962 facto
772 929 914 962 vetare
941 937 991 960 ne
1017 922 1233 969 θοΙθΓοῖιιν,
1257 938 1613 976 supervacaneum

92 991 181 1017 esse
211 992 344 1031 neque
371 978 411 1016 in
442 978 532 1031 ipso
556 978 917 1032 Amphictymnnn
947 978 1115 1018 decreto
1141 978 1341 1032 scriptum
1367 980 1492 1019 fuisse
1518 995 1611 1019 con-

93 1038 339 1074 sentaneum
375 1039 451 1074 est.
514 1035 742 1075 Praeterea
779 1035 974 1074 credibile
1011 1040 1074 1074 est
1110 1035 1151 1074 in
1185 1035 1252 1073 illo
1287 1036 1454 1076 decreto
1487 1037 1612 1077 aliam

92 1104 279 1130 caussam
314 1090 513 1144 scriptam
546 1091 671 1131 fuisse
706 1106 830 1145 quam
857 1106 962 1144 quae
995 1107 1019 1130 a
1051 1091 1218 1131 falsario
1253 1092 1388 1131 verbis
1422 1094 1613 1143 ἐπειδὴ-

93 1147 377 1197 κατανέμουσιν
399 1147 537 1201 posita
563 1154 651 1193 θεῖς
687 1162 783 1187 nam
813 1153 888 1187 aut
920 1147 1023 1187 satis
1052 1156 1141 1187 erat
1172 1148 1308 1188 dicere
1335 1149 1466 1198 ἐπειδὴ
1493 1167 1611 1201 γεωρ-

92 1206 205 1253 γοῦσι
233 1203 292 1243 vel
326 1204 595 1255 ἐξεργάζονται
627 1205 695 1253 τὴν
725 1206 832 1255 ἱερὰν
860 1205 1005 1256 χώραν,
1033 1210 1119 1243 aut.
1147 1204 1179 1242 si
1211 1205 1299 1257 agri
1332 1205 1537 1245 culturam
1569 1212 1612 1246 et

92 1273 179 1298 rem
205 1260 445 1312 pecuariam
477 1260 676 1314 distingui
698 1275 801 1314 opus
822 1260 915 1307 fuit,
938 1259 1037 1314 quid
1059 1274 1229 1300 caussae
1251 1261 1376 1301 fuisse
1399 1261 1513 1301 dicas
1540 1277 1613 1302 cur

92 1329 174 1354 non
208 1315 336 1355 etiam
368 1316 646 1370 tuguriorum,
668 1331 773 1370 quae
804 1321 946 1356 tamen
977 1316 1030 1356 ab
1061 1317 1442 1370 Amphictyonibus
1471 1318 1612 1359 diruta

92 1376 204 1419 sunt,
227 1378 269 1411 et
291 1377 437 1425 portus
460 1373 676 1420 exsecrati,
697 1373 767 1426 qui
789 1373 965 1412 obrutus
987 1379 1063 1419 est,
1087 1373 1244 1413 mentio
1266 1374 1413 1414 fieret}
1453 1374 1612 1428 Nempe

91 1427 295 1475 ἥιΙεειΓὶιιε,
330 1428 398 1482 qui
433 1428 564 1482 ipsam
601 1444 687 1469 rem
720 1444 826 1482 quae
861 1434 982 1483 gesta
1018 1434 1082 1469 est
1119 1429 1332 1483 ignoraret
1363 1445 1437 1470 nec
1470 1436 1611 1471 tamen

92 1483 192 1523 nihil
214 1484 291 1523 nisi
315 1485 425 1538 quod
446 1486 559 1538 apud
582 1486 909 1525 Demosthenen]
938 1485 1090 1539 legitur
1115 1487 1346 1539 procudere
1368 1487 1501 1532 vellet,
1526 1503 1611 1528 ver-

91 1540 190 1579 buln
216 1546 404 1592 γεωργεῖν
429 1543 486 1595 (Q.
510 1544 607 1593 191)
631 1541 1051 1581 circnmscribendum
1082 1542 1251 1595 ejusque
1283 1543 1495 1583 notionem
1526 1559 1611 1584 am-

91 1595 355 1649 plificandam
396 1612 484 1637 esse
525 1597 660 1646 duxit,
702 1598 811 1637 iden]
853 1604 1019 1638 secutus
1061 1598 1292 1648 consilium,
1324 1614 1405 1653 quo
1438 1601 1609 1640 verbum

91 1656 315 1703 περιελθεῖν
337 1653 506 1707 sprevit.

150 1709 323 1759 “Quum
356 1710 482 1764 igitur
512 1725 594 1750 non
623 1710 678 1750 sit
704 1710 875 1750 dubium
897 1711 995 1764 quin
1023 1711 1138 1764 prius
1166 1712 1380 1752 decretum
1408 1713 1448 1752 in
1472 1713 1610 1767 priore

91 1764 237 1818 pylaea
274 1766 500 1812 ordinaria„
529 1767 707 1806 alterum
743 1772 884 1807 autem
911 1767 962 1807 de
995 1767 1190 1822 Philippo
1222 1769 1324 1808 duce
1356 1770 1537 1809 creando
1569 1771 1611 1809 in

90 1821 338 1874 posteriore,
365 1837 471 1875 quae
502 1822 615 1862 illam
645 1828 741 1876 post
773 1823 1153 1863 extraordinarium
1186 1831 1435 1864 conventum
1466 1831 1611 1866 secuta

91 1882 167 1925 est,
190 1877 348 1917 factum
371 1878 439 1924 sit,
469 1884 649 1932 apparet
670 1893 751 1918 non
774 1893 895 1932 posse
917 1884 1141 1932 utrumque
1163 1881 1216 1919 ad
1243 1896 1397 1920 cernam
1420 1882 1609 1935 pylaeani

91 1933 314 1986 pertinere.
376 1934 506 1974 Recte
528 1949 624 1973 vero
647 1934 881 1974 Boehneck.
904 1950 943 1988 p.
966 1938 1062 1988 508,
1125 1936 1282 1975 Reiskii
1311 1938 1606 1990 conjecturam,

91 1988 131 2027 in
163 1989 395 2042 posteriore
416 1990 584 2030 decreto
612 1993 800 2041 ὀπωρινῆς
820 1994 987 2032 πυλαίας
1009 1991 1273 2031 scribendinn
1295 2007 1396 2041 esse,
1420 1993 1608 2033 infelicis-

90 2044 237 2084 simam
260 2045 379 2085 dixit.
442 2046 666 2086 Enimvero
697 2046 798 2085 nihil
825 2047 1072 2086 mutandum
1093 2053 1171 2087 est.
1233 2048 1394 2102 Quippe
1415 2049 1609 2089 falsarius

91 2101 267 2140 eandem
298 2101 546 2154 opinionem,
572 2117 698 2155 quam
720 2102 929 2151 Corsinus„
953 2108 1119 2142 secutus
1146 2108 1368 2157 utrumque
1393 2105 1609 2145 decretum

91 2155 133 2194 in
155 2171 282 2196 verna
304 2157 463 2210 pylaea,
487 2158 666 2197 alterum
689 2158 750 2197 Ol.
775 2171 862 2205 110,
890 2172 919 2198 1.
941 2160 1075 2212 (339),
1099 2159 1277 2198 alterum
1304 2160 1344 2199 in
1368 2160 1432 2201 Ol.
1460 2175 1466 2199 1
1488 2175 1546 2209 10,
1572 2174 1607 2201 2.

94 2214 225 2264 (338),
247 2213 405 2252 factum
430 2228 519 2252 esse
546 2214 835 2253 existimavitr.
898 2215 981 2253 Sed
1002 2219 1162 2254 certum
1191 2221 1255 2255 est
1284 2216 1393 2256 inter
1417 2232 1510 2256 eam
1538 2232 1609 2270 py-

90 2267 222 2307 laeam
250 2268 290 2307 in
313 2284 394 2322 qua
421 2269 609 2309 circuitio
631 2269 719 2323 agri
751 2269 855 2309 sacri
879 2271 1049 2310 decreta
1076 2276 1141 2310 est
1162 2276 1205 2311 et
1226 2286 1318 2311 eam
1343 2273 1384 2312 in
1407 2287 1487 2326 qua
1512 2273 1610 2312 Phi-

90 2322 225 2376 lippus
247 2325 331 2363 dux
353 2330 518 2364 creatus
546 2330 610 2365 est
638 2340 720 2365 non
751 2325 875 2365 aliam
904 2326 1159 2366 ordinariam
1188 2327 1378 2380 pylaeam
1409 2329 1608 2368 interces-

90 2378 207 2418 sisse.
270 2380 421 2433 Itaque
461 2395 628 2421 necesse
664 2386 729 2421 est
769 2382 1020 2421 alterutrum
1062 2382 1225 2422 illorum
1264 2384 1526 2423 decretorum
1568 2385 1608 2423 in

90 2435 345 2474 auctumnali
367 2436 513 2489 pylaea
533 2438 693 2477 factum
714 2437 781 2476 sit.
830 2438 962 2477 Recte
984 2438 1112 2492 igitur
1133 2444 1175 2479 et
1197 2440 1319 2478 rebus
1337 2454 1442 2493 quae
1463 2446 1608 2494 gestae

90 2494 188 2529 sunt
216 2496 494 2544 congruenter
516 2492 774 2546 Droysenius
799 2493 842 2545 (l.
865 2508 899 2533 c,
922 2509 961 2546 p.
984 2497 1087 2546 574)
1112 2509 1202 2533 eam
1231 2495 1434 2547 pylaeam,
1462 2496 1502 2534 in
1525 2510 1607 2548 qua

90 2545 322 2585 Aeschines
344 2547 498 2586 bellum
516 2548 912 2601 Amphictyonicum
933 2549 1139 2595 accendit,
1153 2564 1322 2589 vernam
1341 2550 1402 2589 Ol.
1418 2564 1429 2589 1
1448 2565 1507 2596 10,
1526 2565 1556 2589 1.
1575 2566 1606 2589 ε.

89 2613 172 2653 339
200 2601 336 2649 fuisse,
377 2602 617 2655 Philippum
655 2608 797 2643 autem
832 2604 873 2642 in
909 2604 1163 2643 auetumnali
1194 2605 1257 2643 Ol.
1289 2618 1376 2651 110,
1413 2618 1449 2644 Ζ.
1482 2608 1604 2659 (339)

89 2656 235 2695 ducem
257 2657 435 2696 electum
456 2672 546 2697 esse
567 2658 719 2698 statuit
741 2658 858 2711 eique
875 2659 1114 2698 Voemelius
1135 2660 1267 2710 (Mus.
1285 2660 1417 2700 Rhen.
1434 2663 1605 2710 a.1842.

90 2727 128 2764 p.
149 2714 253 2765 559)
285 2713 568 2765 adstipulatus
601 2719 676 2761 est,
704 2714 776 2752 sed
808 2713 868 2754 ita
900 2718 946 2753 ut
978 2714 1168 2754 Elateain
1201 2715 1345 2755 statim
1379 2722 1605 2756 auctumno

133 2830 146 2846 r
164 2824 230 2852 Cur·
247 2834 309 2852 non
324 2824 448 2853 credam
463 2824 599 2861 falsario,
613 2832 648 2854 ut
664 2825 810 2864 Tayloro,
881 2827 965 2855 unde
981 2826 1177 2855 decretorum
1193 2828 1356 2857 materiam
1377 2829 1542 2867 congessit,
1556 2830 1604 2858 in-

89 2873 262 2903 utrumque
277 2867 436 2894 decretum
462 2866 493 2894 in
514 2867 623 2896 eadem
640 2877 738 2896 verna
754 2878 812 2906 py-
881 2867 1020 2907 telligere
1043 2868 1152 2898 debuit
1178 2869 1211 2897 in
1234 2868 1295 2898 alia
1318 2871 1428 2909 pylaea
1446 2871 1603 2901 circuitio-

89 2906 155 2936 laea
169 2907 220 2937 Ol.
236 2917 305 2942 110,
321 2917 347 2936 1.
364 2907 484 2938 factum
497 2908 599 2937 visum
613 2918 689 2944 esse,
704 2919 811 2939 caussa
880 2920 953 2939 nem
973 2911 1139 2946 decretam,
1158 2911 1190 2939 in
1214 2910 1273 2939 alia
1294 2912 1476 2952 Philippum
1493 2914 1603 2944 ducem

89 2948 166 2979 haec
188 2950 332 2988 estquod
356 2948 408 2979 ille
430 2960 468 2979 ex
494 2950 560 2988 ipso
584 2950 810 2987 Demosthene,
880 2951 1014 2982 electum
1031 2962 1105 2981 esse.
