1914 3184
249 135 304 176 xii
826 130 1188 171 PRAEFATIO.

246 255 423 300 toribus
465 252 639 297 Atticis
682 250 1023 312 (Forsclmnffin
1069 248 1162 309 aas
1191 247 1287 292 dem
1333 244 1510 292 Gebr'ete
1555 244 1636 289 der
1676 243 1761 287 At-

247 329 414 376 tisolcen
455 328 639 374 Redneo·
678 327 772 372 med
810 327 890 371 der
930 323 1191 371 Gesclnfclete
1232 321 1356 367 ihrer
1390 321 1526 377 Zeit),
1565 335 1760 380 quorum

248 407 465 452 volumen
492 407 690 465 primum
718 404 921 448 Berolini
948 403 1117 461 prodiit
1142 417 1181 446 a.
1202 403 1341 451 1843,
1368 399 1419 443 F.
1436 399 1764 443 Bruecknerus

248 485 294 528 in
322 482 530 527 Historia
557 481 758 540 Philippi
789 480 1044 539 Gottingae
1074 478 1199 522 edita
1233 492 1272 520 a.
1300 479 1440 524 1837.
1466 475 1636 533 aliique
1671 488 1763 516 non

249 560 395 619 pauci,
428 573 624 617 quorum
658 557 834 600 mentio
870 557 916 599 in
952 554 1345 599 Annotationibus
1382 553 1440 597 ab
1476 552 1607 596 nobis
1643 551 1766 595 facta

249 641 333 680 est.

316 711 552 756 Orationis
588 710 645 754 de
681 709 795 753 falsa
832 708 1064 768 legatione
1102 721 1192 750 una
1231 704 1473 750 laudabilis
1514 710 1583 748 est
1623 702 1765 746 editio

251 787 437 832 Ricardi
463 786 661 831 Shilleto
686 785 1012 844 Cantabrigiae
1037 784 1159 828 facta
1182 798 1221 826 a.
1252 785 1391 826 1844.
1429 779 1767 839 prolegomena

251 865 297 907 in
336 864 453 907 hanc
495 863 750 906 orationem
794 861 974 919 scripsit
1018 859 1090 904 Fr.
1119 859 1348 903 Frankius
1389 857 1600 900 Misenae
1642 856 1768 900 edita

253 956 291 985 a.
320 938 460 984 1846.
487 939 605 982 Dan.
632 937 959 997 Siegenbeekii
997 942 1045 980 et
1083 936 1244 979 Franc.
1272 935 1328 978 de
1354 933 1508 977 Greve
1533 946 1769 976 commen-

253 1017 452 1060 tationes
505 1015 723 1073 leguntur
776 1014 821 1057 in
869 1012 1132 1056 Annalibus
1180 1011 1464 1055 Academiae
1518 1008 1768 1068 Lugduno-

254 1092 459 1136 Batavae
482 1106 520 1135 a.
546 1094 683 1134 1823.
709 1095 757 1133 et
784 1092 923 1132 1824.

321 1167 555 1211 Orationis
583 1165 822 1209 Midianae
859 1164 1100 1208 notissima
1124 1170 1193 1207 est
1218 1162 1276 1207 G.
1304 1162 1356 1205 L.
1384 1161 1641 1220 Spalding-ii
1675 1159 1771 1204 edi-

257 1246 320 1287 tio
352 1242 526 1301 (Bcrol.
552 1257 590 1286 a.
612 1242 787 1295 1794),
818 1256 844 1284 a
869 1239 952 1283 Ph.
975 1239 1264 1282 Buttmanno
1301 1238 1461 1281 multis
1501 1237 1772 1281 accessioni-

256 1320 339 1362 bus
375 1316 657 1374 locupletata
688 1331 727 1358 a.
751 1318 890 1366 1823,
917 1315 1114 1373 repetita
1144 1330 1182 1358 a.
1203 1318 1341 1358 1833.
1419 1312 1671 1357 Inchoatae
1712 1312 1770 1355 ab

259 1395 330 1438 M.
351 1394 412 1438 H.
437 1393 492 1436 E.
518 1393 695 1436 Meiero
721 1392 936 1435 editionis
957 1390 1111 1450 (Halis
1132 1390 1239 1434 Sax.
1256 1391 1466 1443 a.1831.)
1488 1405 1589 1449 pars
1613 1389 1770 1440 altera,

259 1485 376 1529 quae
401 1469 755 1513 commentarios
780 1468 968 1511 editoris
991 1467 1260 1519 continebit,
1281 1473 1590 1525 exspectatur.
1634 1466 1774 1509 Com-

260 1546 592 1589 mentationem
619 1545 676 1588 de
700 1544 953 1587 rationibus
978 1549 1240 1601 temporum
1266 1544 1310 1586 in
1337 1544 1542 1587 oratione
1562 1542 1773 1585 Midiana

261 1620 440 1678 scripsit
476 1620 740 1663 Boeckhius
782 1620 1000 1663 insertam
1037 1619 1172 1662 Actis
1208 1618 1465 1663 Academia
1502 1618 1774 1662 Borussicae

264 1712 302 1740 a.
325 1700 465 1740 1818.
536 1696 607 1739 De
632 1696 793 1740 eodem
827 1701 1101 1755 argumento
1128 1702 1174 1739 et
1200 1695 1256 1738 de
1281 1711 1439 1739 caussa
1463 1709 1581 1753 quae
1614 1695 1659 1737 in
1689 1693 1774 1736 hac

266 1772 469 1815 oratione
505 1772 657 1831 agitur
697 1772 860 1816 doctae
900 1778 1085 1816 exstant
1116 1772 1167 1816 C.
1203 1771 1253 1815 F.
1290 1771 1546 1816 Hei-manni
1579 1778 1627 1815 et
1660 1770 1772 1814 Ant.

268 1846 333 1889 W
337 1848 613 1891 estermanni
639 1848 984 1905 disputationes.

333 1922 602 1966 Orationem
635 1923 853 1966 adversus
878 1921 1222 1967 Androtioncm
1250 1921 1598 1982 Prolegomenis
1634 1937 1775 1965 anno-

268 1998 613 2055 tationibusque
638 1998 915 2042 illustratam
942 1999 1086 2042 edidit
1108 1998 1158 2041 C.
1182 1998 1243 2042 H.
1268 1997 1645 2041 Funkhaenelius
1670 1997 1776 2055 Lip-

268 2075 358 2117 siae
383 2089 421 2117 a.
442 2078 593 2125 1832„
615 2073 976 2118 Aristocrateam
1005 2075 1058 2118 E.
1079 2074 1136 2118 G.
1154 2073 1388 2118 Weberus
1412 2072 1559 2117 Jenae
1579 2088 1617 2117 a.
1636 2076 1774 2116 1845.

269 2164 371 2191 cuin
398 2150 738 2192 commentariis
763 2151 969 2193 omnium
995 2151 1070 2207 qui
1098 2164 1301 2208 unquam
1331 2150 1377 2192 in
1406 2148 1774 2193 Demosthenem

271 2222 425 2278 scripti
451 2228 558 2263 sunt
583 2222 836 2265 uberrimis.

337 2296 581 2338 Orationes
618 2302 777 2338 contra
824 2295 1091 2354 Aphobum,
1131 2298 1403 2348 Onetor-em,
1447 2296 1775 2351 Zenothemin,

273 2369 562 2426 Apaturium,
600 2370 924 2414 Phormionem
964 2377 1011 2414 et
1047 2371 1282 2416 Lacritum
1322 2371 1534 2415 brevibus
1574 2374 1774 2431 quidem,

273 2445 349 2487 sed
410 2445 661 2488 utilissimis
709 2446 874 2489 additis
937 2447 1313 2491 annotationibus
1366 2447 1690 2507 Cantabrigiae
1735 2465 1774 2494 a.

276 2522 412 2563 1843.
443 2520 587 2562 cdidit
623 2519 674 2562 C.
700 2519 749 2563 T.
778 2520 991 2564 Penrose.
1062 2521 1242 2565 Harum
1277 2522 1535 2566 orationum
1572 2526 1776 2583 quinque

274 2595 437 2652 primas
463 2595 639 2638 duobus
671 2596 799 2638 annis
823 2601 930 2639 ante
956 2596 1126 2640 ibidem
1153 2599 1359 2641 ediderat
1384 2598 1435 2642 C.
1464 2598 1518 2642 R.
1546 2598 1776 2658 Kennedy

273 2670 318 2712 in
358 2669 557 2728 linguam
596 2669 841 2728 Anglicam
878 2670 1131 2722 translat-as,
1168 2673 1358 2730 adjectis
1394 2674 1440 2716 in
1478 2674 1570 2717 fine
1614 2675 1775 2733 viginti

274 2745 653 2793 annotationibus.
703 2745 867 2802 quibus
915 2746 1125 2789 instituta
1171 2747 1391 2791 nonnulla
1439 2749 1560 2805 juris
1607 2747 1774 2797 Attici,

276 2820 598 2874 praeeuntibus
639 2821 713 2876 qui
761 2821 841 2863 llas
880 2836 950 2864 res
993 2822 1036 2863 in
1076 2821 1326 2866 Germania
1367 2829 1623 2866 tractarunt
1672 2824 1776 2867 viris

278 2892 434 2945 doctis,
459 2893 732 2949 explanavit.
