1914 3184
129 480 220 503 LXIV

150 2264 221 2286 LXV

234 108 286 149 lvi
860 112 1119 152 REISKII
1699 144 1714 158 .

234 216 331 252 duae
362 217 399 252 in
429 218 646 265 Aphobuux,
676 231 743 266 pro
774 219 919 260 Phano,
946 227 983 254 et
1013 219 1109 254 duae
1140 219 1178 253 in
1199 219 1424 254 Onetorem.
1483 218 1744 267 Paragraphae

234 293 300 316 seu
322 282 576 329 exceptoriae,
599 283 735 329 quibus
755 282 983 323 defenditur,
1008 295 1177 317 caussam
1205 283 1251 317 ad
1271 281 1394 318 forum
1417 282 1574 318 omnino
1605 290 1670 317 aut
1699 281 1746 317 ad

234 344 307 379 hoc
327 343 450 380 forum
473 358 548 380 non
571 358 681 393 posse
702 347 837 384 vocari,
861 354 948 381 sunt
970 347 1063 381 hae:
1098 347 1134 381 in
1153 346 1423 386 Zenothemin,
1444 346 1483 381 in
1502 346 1746 394 Apaturium,

233 408 272 443 in
303 408 586 449 Phormionem,
623 409 661 444 in
693 409 901 450 Lacritum,
939 421 1007 456 pro
1037 409 1278 452 Phormione,
1312 409 1352 444 in
1387 410 1677 450 Pantaenetum‚
1708 409 1748 444 in

234 471 547 507 Nausimachurn.
606 473 756 508 Idiotici
778 486 842 508 seu
862 473 907 508 de
928 473 1070 508 caussis
1099 473 1255 519 privatis
1285 481 1441 521 agentes
1471 480 1559 508 sunt
1580 472 1748 520 reliquae

235 547 380 570 omnes.
441 536 513 571 Hic
535 544 590 571 est
610 536 702 571 ordo
730 536 872 572 codicis
894 535 1083 577 Bavarici‚
1106 548 1183 571 non
1214 536 1371 572 omnino
1401 535 1555 572 limatus
1584 536 1647 571 ille
1668 536 1750 583 qui-

234 599 335 639 dem,
367 606 539 634 vetustus
574 607 716 634 tamen.
786 599 929 635 Melius
962 607 1091 636 tamen
1124 600 1383 649 Augustanus,
1417 600 1515 647 quod
1550 600 1588 635 in
1623 600 1749 648 capite

232 662 467 709 privatarum
488 675 707 698 caussarum
729 663 939 699 orationem
963 663 1001 698 in
1018 664 1218 699 Cononem
1241 664 1380 711 posuit.
1441 662 1626 699 Solebant
1647 663 1747 699 enim

233 733 393 767 veteres,
435 733 477 761 ut
514 726 753 773 publicarum
794 727 955 775 primam
994 727 1092 768 loco,
1133 740 1207 763 non
1248 727 1482 775 praestantia
1519 726 1746 775 principem,

234 789 359 825 facere
391 789 707 831 Androtioneam,
738 789 790 826 sic
829 791 1063 838 privatarum
1099 791 1136 826 in
1172 792 1295 838 capite
1329 803 1472 839 ponere
1507 791 1748 833 Cononeam‚

235 861 277 888 ut
297 854 470 889 omnium
502 866 545 889 ex
575 854 645 889 hac
671 854 790 890 classe
820 854 1111 890 nobilissimam.
1171 855 1275 891 Haec
1302 867 1424 902 pauca
1444 855 1490 890 de
1511 853 1644 890 ordine
1665 865 1748 889 ora-

235 917 383 952 tionum
404 917 515 952 Dem.
538 924 652 964 atque
682 917 949 954 distributione
979 919 1016 954 in
1049 917 1152 953 libris
1172 919 1333 954 vetustis
1363 918 1574 954 obtinente.
1634 917 1750 952 Nunc

234 981 348 1016 redeo
383 980 428 1016 ad
462 980 607 1027 reliqua
636 981 934 1028 exsequendum,
966 994 1062 1029 quae
1096 982 1142 1017 de
1174 982 1304 1017 codice
1336 983 1556 1030 Augustano
1588 980 1750 1016 dicenda

235 1051 452 1091 supersunt.
514 1045 678 1080 Carebat
709 1044 934 1092 plerumque
966 1045 1159 1092 spiritibus
1190 1054 1226 1081 et
1258 1046 1490 1081 accentibus.
1556 1045 1656 1080 Rara
1685 1056 1750 1091 ap-

235 1108 393 1155 parebat
414 1119 548 1142 manus
579 1108 794 1143 correctrix.
856 1109 979 1143 Locus
1010 1121 1105 1144 unus
1136 1121 1157 1144 a
1187 1122 1285 1144 nova
1314 1121 1429 1144 manu
1451 1116 1531 1144 erat
1552 1108 1750 1155 suppletus

234 1172 381 1219 liquore
399 1170 506 1206 viridi
529 1184 564 1218 p.
582 1170 671 1217 673,
689 1183 750 1218 32.
809 1171 1055 1220 Paragraphis
1076 1172 1278 1207 distinctae
1301 1180 1409 1207 erant
1430 1172 1633 1206 orationes.
1685 1171 1748 1206 In-

235 1235 377 1270 dicium
397 1247 519 1270 novae
542 1236 766 1284 paragraphi
791 1243 871 1271 erat
891 1236 999 1271 litera
1022 1244 1127 1271 extra
1146 1248 1296 1271 versum
1320 1235 1551 1283 prominens,
1575 1235 1689 1270 etiam
1709 1234 1749 1270 in

236 1299 362 1334 media
382 1311 500 1339 voce;
535 1299 580 1334 de
603 1312 676 1346 quo
704 1312 809 1335 more
830 1300 904 1335 vid.
920 1300 1046 1335 Vales.
1068 1299 1113 1335 ad
1136 1299 1356 1335 Eusebium.
1415 1298 1641 1344 Plerumque
1673 1310 1749 1333 non

236 1362 334 1397 male
364 1362 587 1398 distributae
619 1371 726 1399 erant
756 1364 827 1398 hae
857 1363 1096 1411 paragraphi,
1118 1363 1311 1399 interdum
1333 1371 1460 1397 tamen
1485 1362 1601 1397 etiam
1622 1361 1751 1397 admo-

235 1426 325 1461 dum
360 1426 521 1462 absurde
552 1427 589 1461 in
623 1427 748 1462 media
781 1427 993 1466 sementim
1026 1427 1180 1462 crebrae
1211 1426 1314 1467 alias,
1337 1425 1429 1461 alias
1456 1438 1585 1466 rarae;
1617 1425 1752 1460 breves

236 1489 437 1536 quaedam,
459 1490 554 1526 aliae
577 1491 847 1539 longiusculae,
870 1498 912 1525 ut
940 1502 1052 1537 saepe
1083 1490 1186 1525 nulla
1214 1490 1310 1525 ratio
1341 1496 1541 1536 appareret
1570 1489 1681 1537 hujus
1710 1488 1750 1523 in

234 1553 440 1588 dividendo
470 1554 761 1589 inconstantiae.
820 1554 902 1602 Ego
933 1561 1076 1593 tamen,
1109 1561 1150 1588 ut
1179 1553 1224 1589 de
1256 1561 1425 1588 veterum
1457 1552 1605 1588 ratione
1634 1552 1751 1588 libros

234 1617 502 1652 Demosthenis
533 1617 791 1665 distinguendi
826 1617 936 1652 nobis
971 1625 1174 1656 constaret.
1208 1617 1411 1652 servandas
1445 1623 1560 1662 atque
1594 1627 1747 1662 reprae-

235 1681 438 1716 sentandas
473 1682 542 1716 hac
578 1680 745 1716 editione
785 1693 871 1716 mea
901 1681 990 1716 duxi
1021 1681 1102 1716 illas
1134 1681 1408 1716 distinctiones.
1469 1680 1604 1727 Itaque
1639 1691 1748 1727 para-

234 1745 465 1793 graphoruni
499 1744 619 1784 initia,
651 1757 748 1791 quae
779 1752 887 1780 erant
921 1745 958 1779 in
992 1745 1123 1780 codice
1158 1747 1391 1793 Augustano‚
1423 1744 1596 1792 designat
1631 1742 1748 1778 editio

234 1816 365 1843 nostra
385 1810 408 1850 †
429 1808 612 1857 apposita,
645 1816 685 1843 ut
714 1808 971 1857 paragraphus
1002 1807 1175 1843 Bavarici
1206 1811 1237 1851 ξ,
1268 1820 1363 1854 quae
1400 1815 1487 1842 sunt
1521 1806 1594 1841 illis
1628 1806 1749 1841 multo

234 1872 405 1907 rariores.
465 1872 538 1907 Ubi
567 1880 726 1919 uterque
754 1872 871 1907 codex
903 1871 1169 1907 consentiebat
1198 1872 1236 1906 in
1263 1871 1395 1906 eadem
1418 1870 1674 1909 distinctione,
1695 1870 1748 1905 ibi

235 1935 347 1970 ambo
377 1935 494 1971 istaec
524 1936 631 1984 signa
661 1936 712 1972 sic
743 1937 918 1983 copulavi
939 1938 1007 1980 §†.
1067 1935 1229 1971 Scholiis
1257 1935 1399 1983 oppleti
1428 1942 1537 1970 erant
1557 1934 1749 1982 margines

237 2011 355 2046 usque
391 1999 437 2034 ad
468 1999 779 2039 'l‘irnoceratean13
815 2012 905 2034 nam
939 1999 1212 2047 posterioribus
1245 1999 1446 2046 adspersae
1481 2010 1626 2046 paucae
1657 2005 1693 2033 et
1728 2009 1750 2032 a

236 2075 335 2097 nova
354 2075 482 2105 manu,
505 2063 692 2110 scriptura
712 2063 878 2103 indocta,
895 2075 991 2110 quae
1012 2063 1086 2111 legi
1107 2075 1183 2097 non
1204 2070 1343 2109 posset.
1387 2061 1542 2097 Scholia
1563 2061 1654 2097 haec
1676 2061 1750 2097 alia

235 2127 272 2161 in
307 2126 501 2173 Ulpianeis
534 2127 724 2175 leguntur,
757 2126 831 2162 alia
865 2127 902 2161 in
938 2127 996 2161 his
1030 2126 1306 2162 desiderantur.
1368 2125 1493 2161 Edidit
1515 2138 1559 2161 ea
1577 2125 1748 2166 Wolfius,

236 2190 301 2225 sed
330 2190 493 2236 pessima
516 2190 599 2225 fido.
660 2190 735 2225 Pro
756 2189 879 2225 verbis
900 2189 1134 2225 Scholiastae
1164 2189 1407 2230 alienissima,
1430 2202 1450 2224 a
1479 2201 1571 2224 sana
1600 2188 1749 2224 ratione

237 2263 274 2289 et
305 2254 351 2288 ab
376 2266 445 2288 usu
474 2253 626 2301 linguae
658 2253 912 2293 abhorrentia,
939 2266 1007 2300 pro
1036 2253 1171 2292 lubitu,
1203 2253 1298 2288 mira
1329 2261 1366 2287 et
1394 2253 1550 2287 immani
1579 2251 1746 2293 licentia,

237 2330 313 2352 non
345 2316 489 2352 monito
519 2316 675 2356 lectore,
706 2317 885 2364 ingessit;
918 2316 1019 2363 quod
1049 2315 1194 2352 facinus
1225 2316 1259 2351 ei
1288 2328 1364 2351 non
1396 2316 1563 2364 ignosco,
1596 2315 1748 2350 tametsi

237 2393 389 2427 operam
408 2380 656 2415 Demostheni
677 2379 721 2414 ab
744 2391 788 2414 eo
810 2387 987 2414 navatam
1009 2379 1134 2427 magni
1158 2379 1267 2413 facio.
1308 2379 1379 2413 Vix
1403 2386 1494 2426 puto
1514 2391 1747 2426 quemquam

236 2446 274 2480 in
305 2445 423 2480 ullum
454 2452 648 2480 auctorem
679 2451 846 2479 veterem
877 2450 984 2478 tanta
1013 2442 1303 2490 importunitate
1333 2450 1544 2490 grassatum
1576 2454 1669 2484 esse,
1697 2454 1747 2478 ne

237 2509 276 2543 P.
296 2509 503 2544 Castellum
527 2508 680 2555 quidem
708 2508 747 2542 in
771 2507 1015 2542 Ammianurn
1037 2506 1319 2547 Marcellinum,
1343 2518 1457 2553 quam
1478 2513 1669 2554 grassatus
1690 2514 1748 2542 est

236 2572 347 2608 Wolf
370 2573 406 2608 in
438 2573 530 2608 haec
556 2572 710 2608 scholia.
770 2571 899 2607 Fidem
931 2571 1046 2607 faciet
1072 2571 1188 2606 editio
1221 2579 1360 2610 nostra,
1382 2582 1443 2605 me
1472 2582 1553 2605 rem
1575 2570 1747 2607 oratione

236 2649 312 2671 non
335 2649 572 2685 exaggerare.
630 2636 747 2671 Nulla
766 2636 817 2671 ibi
839 2636 1053 2671 orationum
1081 2642 1319 2683 argumenta,
1343 2634 1412 2669 nisi
1433 2634 1470 2669 in
1492 2634 1745 2682 Olynthiacis,

236 2713 395 2747 quorum
427 2700 650 2736 varietatem
686 2707 841 2735 enotare
874 2699 1058 2735 festinans
1090 2699 1230 2734 oblitus
1264 2711 1361 2734 suni.
1421 2698 1518 2740 Iota,
1547 2697 1648 2745 quod
1678 2710 1747 2733 nos

236 2763 519 2805 subscribimus,
542 2764 603 2798 ille
624 2764 870 2812 Augustanus
897 2776 1045 2810 semper
1071 2763 1185 2798 habet
1214 2763 1347 2797 literae
1378 2761 1423 2797 ad
1453 2761 1551 2796 latus
1580 2761 1744 2808 adscrip-

236 2835 329 2867 tum,
350 2834 393 2861 ut
414 2839 445 2862 e.
465 2840 496 2861 c.
516 2829 651 2870 βουλῆι,
673 2827 804 2873 ἀγορᾶι,
828 2828 999 2871 ζημιωθῆι,
1022 2826 1123 2861 unde
1154 2825 1357 2861 multarum
1390 2824 1613 2860 mendarum
1640 2824 1744 2873 origo

237 2896 360 2935 potest
391 2890 581 2936 explicari.
640 2889 959 2937 Supplenientum
994 2889 1088 2927 illud
1120 2889 1158 2924 in
1190 2887 1419 2936 Philippicis,
1444 2886 1543 2934 quod
1574 2886 1613 2922 in
1646 2886 1744 2921 libro
