1935 3205
659 133 780 172 PRA
797 132 916 171 ΕΒΑ
931 131 963 170 Τ
981 131 1055 170 Π).
1523 129 1606 168 lxiii

95 256 199 282 sere:
232 255 328 291 quae
361 254 520 289 quorum
555 254 688 276 manus
720 240 876 279 fuerint,
911 240 1010 275 haud
1042 246 1205 279 constat,
1239 250 1362 283 neque
1397 237 1471 271 ullo
1505 236 1609 283 potui

95 306 379 355 deprehendere
409 313 471 340 aut
503 304 679 353 colligere
710 303 860 339 indicio.
921 302 1062 339 Similis
1093 311 1149 338 est
1180 301 1240 336 ille
1271 300 1366 336 liber
1390 300 1609 340 pithoeano,

95 384 170 418 quo
201 383 289 405 usus
319 377 376 405 est
405 368 640 416 Sylburgius,
663 381 728 404 seu
751 367 970 415 ‹pm-imque
1001 364 1251 414 appendicem
1277 362 1607 401 Francfurtanam,

95 448 116 469 a
138 447 197 469 me
218 433 271 469 sic
292 432 446 473 dietam,
464 433 618 467 curarit.
658 432 802 466 Desinit
824 431 886 466 illa
908 429 1061 466 collatio
1084 428 1118 464 in
1142 441 1253 463 versu
1274 427 1442 462 secundo
1465 439 1498 473 p.
1519 438 1607 473 520.

95 496 272 533 editionis
290 496 493 531 l‘arisinae.
528 496 618 530 lude
642 509 759 542 usque
781 495 826 530 ad
849 494 1047 530 funebrem
1071 492 1284 528 orationem
1309 489 1359 526 nil
1381 498 1607 525 annotatum

96 562 144 598 ibi
168 561 304 609 reperi.

800 616 817 656 ξ
859 625 916 658 23·

125 686 178 720 De
198 685 406 724 rationibus,
429 696 514 731 quas
533 689 671 718 secutus
690 696 762 718 svm
786 683 818 717 in
840 683 969 717 edendo
996 681 1245 720 Demosthene,
1268 685 1299 713 et
1322 677 1582 714 commentariis

634 747 668 781 ἱη
692 759 766 781 enm
788 746 1058 781 conscribendis.

153 820 235 854 Hae
257 818 360 854 fuere
390 817 481 853 mihi
510 817 641 864 copiae
673 816 718 851 ad
749 828 885 851 manus
915 814 1122 851 editionem
1145 815 1242 849 hanc
1264 814 1372 848 Dein.
1396 809 1608 852 adornanti,

97 882 233 930 quibus
254 881 372 929 copiis
393 880 584 928 quomodo
606 880 674 914 sim
700 892 801 921 usus,
824 878 1031 915 dicendum
1059 877 1151 912 mihi
1182 889 1284 912 nunc
1312 884 1381 911 est.
1442 874 1609 911 Primum

97 946 241 983 contuli
274 946 342 981 lios
372 944 524 980 codices
555 957 668 979 mann
700 952 875 979 exaratos
907 950 944 978 et
973 943 1052 981 has,
1077 954 1170 989 quas
1199 939 1290 981 (lixi,
1313 939 1412 988 typis
1436 939 1610 985 vulgatas

97 1010 284 1047 editiones
315 1021 399 1044 cum
428 1007 594 1043 editione
622 1007 834 1049 Parisiensi,
857 1014 907 1047 et,
932 1018 1028 1053 quae
1060 1005 1182 1041 bonae
1213 1003 1480 1053 genuinaeque
1506 1003 1612 1038 vide-

97 1082 229 1110 rentur
248 1073 446 1112 lectiones,
468 1084 530 1107 cas
552 1071 691 1119 recepi,
716 1070 988 1107 vetustioribus
1008 1069 1135 1117 pravis
1156 1067 1386 1104 lectionibus
1407 1067 1609 1115 abrogatis.

100 1137 323 1174 {savaricum
346 1135 517 1172 codicem
539 1144 575 1171 et
594 1137 862 1185 Augustanum
892 1134 1101 1170 secundnm
1132 1133 1234 1168 solus
1263 1131 1419 1171 contuli,
1442 1131 1609 1177 reliquos

97 1215 175 1238 una
202 1215 286 1238 cum
319 1213 450 1241 uxore,
475 1200 678 1235 Ernestina
706 1200 900 1235 Christina
931 1198 1148 1236 Muelleria.
1181 1195 1473 1244 Kembergensi‚
1496 1207 1610 1241 quam

100 1274 311 1301 matronam
333 1263 508 1312 pudicam
531 1272 567 1298 et
588 1262 683 1311 frugi
708 1263 858 1310 meique
888 1270 925 1298 et
952 1262 1186 1297 literularum
1221 1273 1389 1296 mearum
1420 1266 1610 1294 amantem

97 1331 134 1365 in
157 1331 229 1365 hoc
251 1341 364 1377 opere
384 1326 608 1363 industriam
638 1335 676 1362 ct
705 1326 883 1362 solertem
914 1325 1030 1361 habui
1060 1324 1212 1360 sociam.
1272 1323 1406 1359 Studio
1430 1321 1514 1363 mei,
1537 1334 1612 1369 quo

99 1393 248 1429 labores
269 1392 452 1440 plurimos
475 1390 736 1438 maximosque
755 1392 790 1426 in
810 1391 880 1426 hoe
898 1403 1009 1438 opere
1032 1388 1119 1424 mihi
1143 1388 1360 1424 tolerandos
1379 1387 1610 1427 sublevaret,

98 1457 226 1493 literas
248 1457 417 1492 Graecas
439 1463 476 1491 et
498 1454 656 1490 Latinas
688 1468 745 1490 me
777 1453 956 1502 magistro
987 1453 1114 1501 coepit
1138 1452 1296 1494 discere,
1319 1464 1477 1499 quarum
1509 1450 1611 1486 rudis

99 1522 189 1557 mihi
210 1522 246 1557 in
271 1533 424 1555 manum
447 1527 691 1555 convenerat.
733 1518 933 1554 Editiones
953 1518 1131 1554 Aldinam
1155 1525 1192 1553 et
1212 1515 1408 1552 Paulinam
1432 1515 1511 1562 ipsa
1532 1514 1611 1549 sola

98 1585 273 1628 contulit,
295 1596 367 1620 nec
388 1596 466 1618 non
488 1583 655 1618 codicem
679 1591 854 1630 quartum
877 1583 1158 1631 Augustanum.
1198 1581 1242 1616 In
1265 1578 1477 1629 digerendis
1499 1591 1608 1613 mun-

97 1648 308 1696 dandisque
330 1656 367 1684 et
387 1646 627 1695 impressioni
648 1646 985 1683 accommodandis
1006 1645 1187 1682 chartulis
1214 1645 1305 1680 meis
1326 1643 1491 1680 confusis
1518 1655 1610 1691 ope-

97 1726 176 1749 ram
209 1711 297 1748 mihi
330 1710 518 1760 praestitit
546 1710 804 1751 indefessam;
841 1714 947 1760 cujus
980 1722 1119 1759 operae
1148 1718 1191 1745 ut
1226 1721 1296 1759 ego
1327 1706 1395 1756 ipsi
1428 1706 1610 1743 maximas

97 1777 222 1813 habeo
243 1789 391 1825 agoque
412 1774 564 1824 publice
591 1774 743 1824 gratias,
766 1775 819 1810 ita
848 1787 956 1822 spero
976 1773 1161 1815 futurum,
1185 1781 1226 1808 ut
1255 1780 1360 1808 aetas
1391 1784 1542 1819 quoque
1573 1779 1612 1806 et

97 1841 192 1877 haec
213 1849 344 1876 nostra
360 1848 396 1876 et
413 1839 656 1876 insecuturae
678 1839 898 1875 memoriam
917 1841 998 1888 ejus
1013 1846 1121 1886 grata
1141 1837 1406 1873 recordatione
1427 1835 1611 1871 recolant.

99 1903 400 1940 pronuntiationi
423 1904 658 1939 Graecorum
682 1903 928 1938 Erasmianae
950 1915 1035 1938 cnm
1059 1913 1142 1937 eam
1171 1899 1480 1941 adsuefecissem,
1502 1911 1611 1948 prae-

97 1968 189 2018 legit
210 1968 274 2004 illa
296 1967 385 2004 mihi
408 1968 559 2004 codices
581 1967 717 2003 MStos
748 1966 931 2016 relegenti
964 1965 1181 2013 exemplum
1204 1963 1492 2000 Morellianum.
1553 1963 1613 1999 Ita

99 2032 248 2080 quoties
276 2040 494 2068 occurreret
514 2031 690 2072 varietas,
712 2044 809 2078 quae
832 2043 908 2066 non
931 2030 1045 2077 plane
1066 2028 1281 2077 spernenda
1301 2027 1505 2068 videretur,
1527 2039 1611 2062 eam

100 2097 266 2132 enotavi.
330 2095 502 2131 Perfecta
521 2094 737 2136 collatione,
760 2093 867 2142 coepi
890 2092 1075 2129 lectiones
1103 2091 1185 2127 illas
1215 2104 1348 2127 omnes
1377 2090 1547 2140 digerere
1573 2099 1612 2126 et

101 2172 217 2194 unum
243 2156 280 2193 in
309 2157 447 2194 librum
470 2158 698 2193 variantium
722 2157 908 2197 conferre,
934 2156 1068 2204 quibus
1099 2155 1224 2191 addidi
1247 2168 1321 2197 eaS‚
1344 2167 1436 2202 quas
1456 2154 1611 2202 Tay'lori

101 2221 217 2258 editio
240 2221 518 2270 suppeditabat,
541 2234 611 2258 nec
638 2234 715 2257 non
738 2220 852 2257 editio
874 2221 1067 2255 Wolfiana
1087 2227 1125 2255 et
1146 2218 1288 2255 indices
1310 2218 1409 2261 Ami,
1431 2217 1610 2262 Manum,

102 2286 291 2322 Lambini.
353 2287 395 2321 ln
424 2286 495 2321 hac
515 2298 643 2334 opera,
666 2284 887 2322 incredibile
908 2284 1012 2320 dictu
1033 2292 1102 2324 est,
1125 2296 1238 2331 quam
1271 2283 1429 2319 molesta
1461 2292 1498 2318 et
1527 2291 1609 2318 tae-

100 2348 218 2389 diosa,
241 2349 324 2396 plus
344 2361 485 2383 annum
509 2348 713 2384 consumsi.
755 2347 950 2383 Ridebunt
971 2357 1030 2381 me
1052 2344 1230 2393 imperiti,
1254 2343 1317 2391 qni
1339 2356 1609 2380 aerumnosum

100 2420 138 2448 et
158 2411 410 2448 miserabilem
445 2413 525 2460 ipse
557 2411 643 2447 mihi
672 2413 841 2447 laborem
872 2410 1044 2446 literulas
1073 2407 1320 2446 consectandi
1340 2407 1608 2456 imposuerim;

100 2489 196 2525 quos
223 2489 293 2525 ego
315 2475 480 2511 vicissim
509 2484 716 2511 contemno
748 2484 786 2511 et
820 2475 976 2510 miseror
1002 2486 1111 2509 usum
1140 2481 1177 2508 et
1207 2471 1468 2508 necessitatem
1500 2472 1611 2519 hujus

100 2541 154 2576 rei
174 2539 402 2575 nescientes.
449 2539 607 2575 Fundus
627 2539 688 2574 hic
711 2547 767 2575 est
789 2537 954 2586 optimus
976 2545 1014 2573 et
1034 2537 1261 2585 praecipuus
1282 2534 1609 2571 emendandorum

102 2611 273 2638 veterum
296 2611 507 2639 auctorum.
563 2602 738 2638 Editores
759 2610 929 2637 veterum
953 2600 1134 2636 librorum
1156 2599 1244 2634 hinc
1265 2598 1432 2645 incipere
1454 2598 1610 2633 debent.

105 2667 229 2701 Prima
259 2667 353 2701 haec
383 2666 499 2701 debet
529 2679 660 2702 eorum
683 2679 763 2702 esse
786 2678 888 2705 cura,
913 2672 953 2700 ut
974 2663 1109 2699 MStos
1139 2663 1290 2698 codices
1311 2669 1459 2696 veteres
1489 2661 1612 2696 bonae

102 2738 217 2764 notae
248 2737 325 2771 aut,
348 2729 378 2763 si
410 2729 465 2763 his
495 2737 664 2769 careant,
686 2728 964 2763 vetustissimas
994 2727 1119 2762 saltim
1151 2725 1337 2761 editiones
1366 2725 1611 2774 primigenias

100 2793 306 2841 inspiciant
328 2804 347 2827 e
370 2791 494 2827 MStis
516 2792 649 2828 ductas
670 2804 793 2838 eoque
815 2792 872 2826 his
894 2789 1208 2838 aequiparandas.
1248 2788 1393 2823 Mirum
1415 2788 1519 2824 dictu
1541 2797 1609 2829 est,

104 2870 217 2904 quam
239 2856 414 2904 turpibus
445 2856 566 2891 modis
595 2855 827 2903 posteriores
852 2855 1016 2890 editores
1037 2867 1059 2889 a
1079 2853 1268 2901 primariis
1291 2853 1376 2888 edd.
1400 2852 1612 2888 desciscen-

104 2930 174 2963 tes,
197 2934 262 2957 seu
285 2922 468 2963 socordia,
492 2934 557 2956 seu
579 2920 740 2961 inscitia,
764 2932 830 2955 seu
852 2919 1075 2959 ambitione,
1101 2931 1166 2953 seu
1196 2918 1488 2966 importunitate
1519 2930 1609 2965 qua-

1627 1143 1726 1165 LXXV

1628 2801 1744 2824 LXXVI
