1914 3184
284 120 339 160 36
717 116 1114 158 OLYNTHIAOA
1149 117 1358 156 PRIMA.

285 230 439 266 orator.
494 224 761 278 Amphipolin
781 224 889 264 enim
909 224 1058 276 olymp.
1085 236 1171 274 105,
1189 235 1228 275 3.
1250 223 1303 262 ab
1328 221 1521 275 Philippo
1543 224 1790 274 occupatam

284 296 371 322 esse
393 296 518 335 supra
539 281 729 320 diximus.
766 280 957 334 Pydnam
976 284 1019 318 et
1038 278 1285 318 Potidaeam
1303 277 1621 318 Atheniensium
1642 276 1789 316 ditioni

283 337 435 391 eripuit
457 338 605 391 olymp.
632 337 721 376 106.
753 350 861 376 anno
891 335 1025 388 primo
1055 334 1224 374 ineunte
1247 336 1363 385 (nam
1393 334 1450 373 sic
1479 332 1790 387 intelligendum

284 408 373 434 esse
406 394 516 446 quod
553 393 764 432 Diodorus
791 394 852 437 16,
878 395 915 430 ὅ.
946 405 1011 430 res
1044 391 1193 443 olymp.
1219 403 1306 442 105,
1329 403 1368 443 3.
1399 394 1539 444 gestas
1580 402 1790 441 exponens

284 449 418 489 minus
439 454 634 489 accurate
655 448 758 488 dicit
779 448 866 498 περὶ
894 447 979 488 τοὺς
1001 447 1134 487 αὐτοὺς
1162 447 1324 497 καιροὺς,
1348 460 1399 485 ex
1418 445 1467 485 iis
1488 449 1664 498 apparet
1685 458 1791 496 quae

284 506 334 544 de
359 506 562 545 Potidaea
583 509 625 544 et
644 502 871 543 Alexandri
893 517 1003 542 anno
1024 502 1153 542 natali
1177 506 1322 541 narrat
1344 502 1455 541 Plut.
1472 501 1525 540 V.
1540 500 1661 539 Alex.
1676 514 1709 538 6.
1728 503 1788 552 3.)

287 561 517 600 Methoncn
549 575 644 600 vero
676 560 864 599 obsidere
897 558 1034 612 coepit
1065 558 1214 611 olymp.
1240 560 1326 606 106,
1349 571 1388 610 3.
1421 558 1647 608 urbemque
1678 560 1790 609 post—

284 632 408 670 quam
429 631 503 670 por
523 616 689 669 aliquod
711 620 874 668 tempus
897 614 1154 654 obsidionem
1175 614 1406 660 tolerasset,
1430 611 1705 666 expugnavit:
1740 611 1790 650 de

285 687 365 726 quo
389 673 597 711 Diodorus
627 674 685 720 16,
707 685 775 725 31.
798 685 865 724 34.
927 671 1018 720 Quo
1050 670 1162 709 sacto
1195 671 1248 709 ab
1281 668 1489 709 Thessalis
1521 668 1562 707 in
1593 666 1791 707 auxilium

284 734 348 768 est
375 733 555 776 vocatus7
579 733 626 768 ut
657 742 777 781 opem
808 727 907 780 ipsis
937 728 1064 765 ferret
1095 726 1292 765 adversus
1315 725 1547 764 Pherai-um
1578 727 1790 776 tyrannos,

285 785 433 838 quibus
466 784 696 838 suppressis
731 783 998 836 liberatisque
1032 782 1324 821 Thessalorum
1357 780 1541 827 urbibus,
1577 778 1791 818 Thessalo-

285 856 377 880 rum
398 841 641 880 sociotatem
664 844 706 879 et
727 839 951 879 amicitiam
982 838 1058 878 sibi
1086 837 1331 879 conciliavit.
1376 837 1430 875 V.
1453 836 1624 876 Diodor.
1646 838 1708 883 16,
1723 848 1791 888 35.

283 902 326 937 et
349 897 673 936 Demosthenem
696 895 864 947 Olynth.
889 909 920 933 2.
944 910 982 948 p.
1004 907 1068 933 22.

347 966 407 1006 13,
439 966 470 992 1.
503 951 705 1005 ἐκβαλὼν]
741 951 834 990 Hoc
863 951 916 990 ad
949 949 1257 1004 Gersoblcpten,
1287 949 1532 998 καταστήσας
1563 950 1705 987 autem
1737 946 1792 986 ad

285 1009 547 1048 Amadocum
569 1014 610 1048 et
633 1007 873 1047 Berisadem
895 1011 958 1046 est
980 1006 1251 1053 reseremlum,
1270 1006 1320 1045 de
1343 1005 1491 1059 quibus
1514 1019 1548 1043 v.
1563 1005 1617 1044 ad
1638 1017 1677 1055 p.
1696 1004 1790 1056 623,

289 1078 351 1117 19.
413 1064 566 1104 Gestae
588 1069 729 1104 autem
751 1064 830 1102 hae
850 1077 916 1102 res
938 1060 1035 1101 sunt
1056 1061 1204 1115 olymp.
1228 1073 1317 1113 107,
1340 1075 1374 1100 1.

346 1133 407 1173 13,
434 1133 469 1161 2.
500 1119 659 1173 ῥαΐσας]
694 1119 809 1159 Citat
836 1117 1145 1171 Harpocration
1168 1119 1306 1157 ις.11.ν.
1331 1116 1539 1170 explicans
1563 1116 1661 1168 ῥᾷον
1690 1116 1792 1168 ἔχων

285 1179 326 1216 ἐκ
348 1180 412 1226 τῆς
434 1178 567 1216 νόσου.
632 1175 772 1215 Morbi
794 1175 915 1228 hujus
937 1174 1092 1214 mentio
1114 1174 1163 1213 fit
1184 1174 1291 1213 infra
1313 1189 1350 1226 p.
1367 1186 1422 1225 30
1445 1177 1487 1211 61
1507 1185 1575 1224 43.

346 1246 408 1284 13,
429 1246 469 1284 4.
500 1235 568 1274 τὰς
601 1231 630 1272 δ’
667 1231 723 1272 ἐπ’
760 1229 1052 1283 Ἰλλυριοὺς--]
1098 1230 1214 1270 Citat
1246 1230 1329 1268 11.1.
1364 1228 1572 1268 Aristides
1607 1227 1649 1266 in
1682 1227 1707 1266 l.
1742 1226 1792 1266 de

284 1288 465 1328 dictione
487 1288 591 1327 civili
613 1303 652 1341 p.
670 1300 763 1340 232.
809 1288 847 1326 αἱ
867 1288 940 1336 μὲν
962 1287 1040 1325 xci-1³
1063 1287 1184 1338 ἀρχὰς
1205 1288 1379 1337 γίνονται
1399 1285 1672 1335 παραλείψεις,
1696 1284 1790 1322 οἷον·

281 1344 482 1384 ”Ολυνθον
516 1345 588 1394 μὲν
628 1344 672 1392 δὴ
710 1345 770 1383 καὶ
801 1342 1092 1381 Ἀπολλωνίαν.
1155 1344 1194 1381 αἱ
1230 1341 1259 1381 δ’
1299 1342 1360 1381 ἐπὶ
1394 1341 1511 1380 τέλει·
1562 1342 1629 1381 τὰς
1666 1338 1696 1378 δ’
1733 1337 1790 1378 ἐπ’

284 1400 498 1451 Ἰλλυριοὺς
539 1400 599 1439 καὶ
635 1400 810 1440 Παίονας
847 1399 978 1445 αὐτοῦ,
1013 1399 1071 1437 καὶ
1107 1399 1195 1437 ὅποι
1233 1415 1289 1439 τις
1329 1397 1377 1436 ἂν
1418 1398 1531 1443 εἴποι,
1566 1396 1792 1445 παραλείπω

285 1457 500 1506 στρατείας.
534 1455 600 1495 1116
637 1455 850 1508 Arymbae
886 1454 997 1493 nulla
1029 1454 1140 1493 facta
1172 1458 1235 1493 est
1266 1452 1434 1492 mentio.
1473 1451 1666 1491 REISK.
1727 1449 1794 1489 De

286 1511 523 1551 Paeonibus
545 1516 587 1551 et
610 1511 759 1564 Iliyriis
780 1510 884 1550 duas
908 1510 1123 1563 Philippus
1145 1512 1433 1562 reportaverat
1454 1507 1662 1555 victorias,
1684 1505 1793 1560 prio-

286 1582 374 1607 rem
409 1567 558 1620 olymp.
584 1578 672 1620 105,
693 1580 728 1608 2.
753 1571 808 1617 (v.
828 1566 1002 1605 Diodor.
1028 1568 1086 1613 16,
1105 1567 1178 1614 4.),
1201 1565 1377 1604 alteram
1398 1564 1548 1617 olymp.
1571 1564 1661 1610 106,
1685 1575 1718 1602 1.
1743 1562 1794 1601 de

287 1638 369 1676 qua
394 1623 568 1663 Diodor.
592 1622 645 1662 ib.
664 1638 696 1662 c.
717 1635 781 1664 22.
843 1622 925 1661 Hic
957 1622 1011 1661 ad
1047 1622 1318 1675 posteriorem
1352 1618 1613 1673 potissimum
1645 1617 1792 1671 respici

287 1680 340 1719 ab
364 1679 646 1718 Demosthene
668 1678 931 1718 manifestum
953 1682 1029 1717 est.

346 1735 483 1775 Lubet
512 1735 594 1775 alia
624 1734 761 1774 onmia
792 1735 843 1773 de
875 1733 1068 1787 Philippo
1099 1733 1316 1773 sentientis
1350 1732 1546 1772 Isocratis
1577 1731 1712 1770 locum
1742 1744 1793 1770 ex

286 1791 476 1830 oratione
506 1796 601 1844 post
629 1805 772 1844 pacem
793 1789 951 1843 scripta
982 1794 1163 1829 sumtum
1189 1794 1232 1829 et
1263 1803 1362 1842 opes
1386 1787 1566 1841 Philippi
1588 1800 1793 1840 exponen-

288 1851 373 1886 tem
404 1861 496 1886 cum
528 1846 825 1886 Demosthenis
855 1846 944 1885 loco
975 1859 1215 1899 comparare
1237 1860 1275 1898 p.
1295 1846 1345 1884 86
1370 1845 1437 1884 R:
1475 1846 1528 1883 Τί
1558 1843 1792 1895 (Φίλιππος)

287 1902 548 1948 ἐλλέλοιπεν;
583 1904 627 1942 οὐ
656 1902 881 1943 Θετταλοὺς
912 1903 984 1951 μὲν
1017 1903 1104 1943 τοὺς
1132 1903 1319 1952 πρότερον
1349 1900 1591 1951 ἐπάρχοντας
1619 1902 1794 1938 Μακεδο-

288 1960 370 2000 νίας
397 1960 514 2000 οὕτως
539 1960 685 1999 οἰκείως
715 1958 809 2009 πρὸς
840 1958 956 1997 αὑτὸν
987 1961 1202 1997 διακεῖσθαι
1235 1958 1454 2005 πεποίηκεν,
1485 1954 1577 1994 ὥσθ’
1613 1954 1796 1995 ἑκάστους

288 2014 412 2054 αὐτῶν
444 2018 599 2064 μᾶλλον
636 2014 768 2066 ἐκείνῳ
802 2014 999 2053 πιστεύειν
1030 2012 1052 2062 ἣ
1084 2017 1162 2054 τοῖς
1195 2013 1614 2062 συμπολιτευομένοιςς
1648 2014 1724 2049 τῶν
1753 2011 1795 2049 δὲ

286 2072 442 2109 πόλεων
471 2074 546 2109 τῶν
577 2071 663 2121 περὶ
694 2070 761 2109 τὸν
791 2070 912 2108 τόπον
944 2071 1093 2108 ἐκεῖνον
1125 2071 1192 2110 τὰς
1222 2070 1294 2118 μὲν
1322 2072 1406 2109 ταῖς
1438 2067 1678 2118 εὐεργεσίαις
1700 2065 1796 2116 πρὸς

287 2126 357 2174 τὴν
391 2127 506 2165 αὑτοῦ
540 2127 765 2177 συμμαχίαν
805 2128 1030 2175 προσῆκται,
1064 2127 1131 2166 τὰς
1167 2127 1206 2163 δὲ
1249 2125 1404 2175 σφόδρα
1439 2124 1636 2163 λυπούσας
1677 2122 1795 2160 αὐτὸν

289 2181 530 2222 ἀναστάτους
558 2182 792 2230 πεποίηκεν,
830 2180 1042 2232 Μάγνητας
1068 2182 1107 2219 δὲ
1135 2181 1195 2219 καὶ
1217 2180 1504 2230 Περραιβοιίους
1538 2179 1599 2217 καὶ
1621 2178 1796 2218 Παίονας

289 2236 573 2287 κατέστραπται
605 2237 665 2275 καὶ
691 2236 839 2277 πάντας
865 2238 1054 2285 ὑπηκόους
1075 2236 1210 2276 αὐτοὺς
1232 2237 1420 2286 εἴληφενς
1455 2237 1522 2273 τοῦ
1543 2233 1572 2273 δ’
1591 2232 1796 2283 Ἰλλυριῶν

287 2291 458 2341 πλήθους
493 2292 597 2340 πλὴν
629 2293 705 2330 τῶν
730 2292 816 2342 περὶ
841 2292 910 2330 τὸν
935 2291 1095 2342 Ἀδρίαν
1123 2292 1330 2330 οἰκούντων
1362 2289 1546 2341 ἐγκρατὴς
1577 2289 1638 2328 καὶ
1671 2290 1797 2339 κύριος

289 2347 479 2398 γέγονεν,
514 2347 663 2396 ἁπάσης
686 2348 726 2386 δὲ
748 2350 812 2395 τῆς
834 2345 990 2398 Θρᾴκης
1010 2347 1074 2387 οὓς
1093 2346 1294 2395 ἠβουλήθη
1316 2347 1506 2386 δεσπότας
1528 2344 1792 2392 κατέστησεν;

352 2473 413 2512 13,
436 2471 475 2512 5.
505 2456 729 2511 Ἀρύμβαν]
755 2458 937 2507 ἀρύββαν
958 2458 1011 2498 A.
1060 2457 1384 2511 Harpocration,
1407 2455 1579 2507 Ἀρύβας
1601 2456 1795 2506 (ἀρύμβας

290 2516 420 2556 codex
456 2514 642 2567 Angel.)‚
663 2513 851 2552 Ἀλκέτου
887 2515 959 2563 μὲν
994 2514 1087 2559 υἱὸς,
1126 2515 1342 2552 Μολοττῶν
1381 2513 1422 2552 δὲ
1462 2513 1664 2561 βασιλεύς·
1714 2515 1793 2559 Δη-

287 2572 482 2621 μοσθένης
500 2573 761 2610 Φιλιππικοῖς.
786 2569 966 2608 Pausan.
986 2583 1019 2617 Ι,
1042 2583 1101 2617 11,
1124 2582 1156 2608 Ι.
1190 2567 1453 2620 Νεοπτολέμῳ
1475 2569 1515 2606 δὲ
1539 2568 1599 2606 καὶ
1614 2567 1796 2619 Ἀρύββᾳ

289 2628 412 2678 πατὴρ
445 2627 492 2676 ἦν
523 2625 713 2665 Ἀλκέτας
744 2626 764 2663 ὁ
799 2626 998 2674 Θαρύπου.
1051 2624 1253 2675 Ἀρύββου
1284 2624 1338 2663 111.
1363 2628 1404 2662 61
1435 2634 1475 2676 5.
1507 2623 1576 2662 ubi
1608 2621 1795 2662 codicum

290 2683 514 2722 varietates
554 2685 651 2720 sunt
692 2681 869 2730 ἀρύμβον
910 2682 1057 2731 ἀρύβον
1098 2682 1303 2731 ἀρρίββον.
1381 2678 1581 2729 Ἀρύμβας
1624 2677 1794 2716 Diodor.

294 2741 354 2785 16,
385 2750 449 2788 72.
509 2737 708 2786 Ἀρύμβας
746 2734 917 2786 Ἀρύβας
955 2736 1157 2787 Ἀρύββας
1201 2735 1293 2774 libri
1335 2735 1446 2773 Plut.
1470 2734 1523 2772 V.
1547 2733 1667 2772 Alex.
1690 2748 1725 2772 6.
1758 2746 1793 2772 2.

292 2794 344 2832 V.
369 2792 517 2846 Pyrrhi
550 2807 582 2831 c.
614 2805 643 2830 1.
685 2796 727 2831 et
757 2806 821 2844 ap.
856 2791 1026 2831 Suidam
1049 2806 1080 2830 s.
1103 2792 1141 2830 h.
1160 2807 1195 2831 v.
1248 2790 1411 2830 Art-uba
1442 2789 1503 2828 vel
1536 2789 1696 2840 Arrgsba
1726 2802 1795 2840 ap.

290 2849 318 2887 J
324 2849 446 2887 nstin.
470 2859 506 2899 7,
532 2850 568 2886 6.
631 2847 821 2899 Apparet
861 2862 912 2886 ex
954 2847 1016 2886 his
1057 2846 1377 2900 probabiliorem
1419 2845 1668 2897 scripturam
1705 2858 1793 2882 esse

289 2904 506 2954 Ἀρύββαν,
542 2917 713 2953 eamque
744 2902 1022 2955 inscriptionis
1053 2902 1304 2942 auctoritate
1336 2899 1594 2940 confirmavit
1632 2898 1797 2938 Keilius
