1934 3179
286 128 369 166 280
715 126 827 166 PRO
863 125 1364 165 MEGALOPOLITIS.

348 242 438 281 209,
464 230 524 269 18.
554 229 1106 282 συμμάχους-ποιουμένων]
1142 229 1268 282 Cujus
1300 230 1358 269 rei
1389 235 1547 270 certum
1576 231 1793 270 documen-

288 293 377 325 tum
399 285 476 325 erit
499 287 521 334 ἡ
541 289 617 325 τῶι)
640 287 793 335 στηλῶν
818 288 1049 335 καθαίρεσις.
1093 285 1342 325 SCHAEF.

345 342 511 394 ἀδόλως]
552 341 615 380 Ex
646 340 833 385 formula,
866 346 912 380 ut
944 340 1120 380 videtur.
1173 340 1289 380 Oonf.
1316 341 1578 388 Herodot.1,
1603 345 1669 392 69.
1696 341 1791 380 Ari-

290 397 425 450 stoph.
453 397 545 450 Lys.
571 400 658 446 169.
684 396 879 449 Xenoph.
904 396 1012 436 Hell.
1036 410 1074 449 3,
1097 411 1134 445 4,
1157 399 1296 449 5.—6.
1338 397 1508 437 DOBR.

350 467 440 502 209,
467 466 530 506 23.
563 451 738 501 θαυμάζω
769 452 1045 503 δ’-ἡγοῦνται
1077 452 1273 506 φοβερὸν]
1307 453 1449 493 Citant
1481 453 1638 493 Anecd.
1662 453 1794 492 Bekk.

290 524 328 562 p.
356 511 441 557 148,
468 521 530 561 23.
575 507 827 547 SCHAEF.

347 564 566 617 τὸ-εῗυαι]
607 564 672 603 Sic
695 564 970 603 ratiocinatur
993 564 1170 604 Orator:
1207 564 1479 615 Quantumvis
1507 569 1650 604 nostra
1670 565 1796 604 inter-

291 621 345 660 sit
384 620 528 659 foedus
569 620 677 659 inter
715 619 1092 674 Megalopolitanos
1127 624 1169 659 et
1206 620 1427 660 Thebanos
1467 620 1642 660 rescindi
1682 620 1797 660 stelis

291 676 454 723 eversis,
487 682 640 721 tamen,
674 676 705 715 si
738 676 799 716 vel
835 675 1013 716 maxime
1043 675 1207 729 utrique
1244 691 1369 730 porro
1404 676 1532 716 futuri
1568 676 1650 717 sint
1685 676 1796 724 socii,

290 732 424 772 minus
455 732 573 772 nobis
603 731 832 772 timendum
865 732 944 772 erit
971 747 1094 785 quam
1123 732 1155 771 si
1186 732 1498 772 Lacedaemonii
1529 732 1798 786 Megalopoli-

291 794 412 828 tanos
448 803 547 828 suae
582 788 735 828 faciant
767 788 958 835 ditionis;
995 789 1181 828 Thebani
1212 788 1321 828 enim
1350 788 1798 842 Megalopolitanorum

291 845 436 898 opibus
457 859 618 898 semper
638 850 815 884 utuntur
831 850 976 884 contra
997 844 1357 890 Lacedaemonios
1376 845 1447 884 sed
1467 844 1797 891 Lacedaemonii„

292 915 383 940 eum
405 900 494 940 illos
516 901 593 940 sibi
611 902 778 954 junctos
800 901 1015 946 haberent„
1038 900 1099 939 usi
1121 905 1219 941 sunt
1239 906 1386 940 eontra
1406 915 1494 940 nos.
1530 900 1779 941 SGHAEF.

350 956 561 1011 Θηβαίων]
596 959 798 1006 Θηβαίους
822 957 981 996 Anecd.
1004 957 1135 996 Bekk.
1160 957 1270 1010 quod
1298 961 1444 997 natum
1465 962 1527 997 est
1549 971 1571 996 e
1594 960 1799 1007 Θηβαίοις.

294 1013 543 1054 SCHAEF.

351 1082 443 1119 200,
487 1082 549 1121 25.
593 1069 820 1121 συμμάχους
861 1068 978 1122 εἶναι]
1025 1069 1122 1108 εἶναι
1164 1070 1388 1122 συμμάχους
1430 1069 1635 1109 Aneedot.
1669 1068 1800 1108 Bekk.

295 1125 541 1165 SGHAEF.
643 1121 646 1124 ⁴

353 1195 444 1229 210,
470 1183 507 1221 6.
531 1181 750 1234 ἐὰν-ἄρα]
791 1181 856 1221 Sic
877 1196 913 1220 V.
941 1196 1010 1233 14:
1046 1181 1094 1220 ἂν
1116 1182 1189 1232 ἄρα
1209 1196 1243 1220 ν.
1269 1194 1330 1233 19.
1379 1180 1630 1221 SCHAEF.

353 1250 444 1285 210,
469 1239 505 1277 8.
527 1238 616 1290 ἤδη]
655 1237 891 1290 Opponitur
912 1238 954 1277 τὸ
977 1240 1292 1287 συμβησόμενον.
1336 1236 1587 1277 SGHAEF.

353 1308 445 1342 ⁴210,
470 1308 506 1344 o.
531 1294 608 1346 καὶ]
649 1293 769 1333 Delet
795 1294 1024 1333 Dobraeus.

353 1363 445 1398 ι210,
471 1364 533 1389 10.
563 1350 880 1402 μετενεγκόντες]
924 1350 964 1389 S.
994 1365 1020 1389 a
1050 1349 1180 1389 nobis.
1215 1363 1297 1388 non
1328 1349 1513 1390 dicamus
1549 1349 1600 1389 de
1636 1348 1800 1396 nostris,

295 1406 367 1445 sed
401 1406 451 1445 de
485 1406 777 1445 Thebanorum
813 1410 855 1445 et
894 1406 1105 1445 Laconum
1141 1405 1366 1445 commodis
1405 1410 1479 1445 aut
1520 1405 1802 1445 incommodis.

299 1462 355 1499 W
361 1462 489 1501 (JLF.
552 1462 668 1501 Idem
689 1467 753 1501 est
775 1476 823 1501 ac
845 1461 877 1500 si
900 1462 1073 1501 dixisset
1094 1463 1391 1512 μετενεγκόιτες
1413 1462 1488 1501 ἀπὸ
1510 1464 1587 1501 τῶν
1604 1461 1803 1512 Ἀρκάδωι

297 1518 357 1569 (in
380 1518 528 1570 quibus
551 1523 619 1557 utr
620 1517 750 1557 imis
774 1517 814 1556 111
847 1522 1010 1570 partem
1038 1532 1083 1556 ex
1088 1522 1236 1557 entura
1264 1517 1387 1556 modo
1409 1516 1716 1570 pioposuimus)
1742 1517 1804 1556 ἐπὶ

295 1574 381 1615 τοὺς
402 1575 604 1623 Θηβαίους
633 1574 692 1612 καὶ
715 1574 777 1612 ἐπὶ
798 1590 883 1614 τους
905 1574 1230 1622 Αακεὸαιμοιίους
1251 1574 1457 1622 σκοπῶμει
1479 1575 1540 1612 καὶ
1562 1575 1624 1612 ἐπὶ
1645 1574 1801 1619 τούτων,

295 1629 413 1669 etiam
433 1630 477 1669 in
497 1630 570 1668 1115.
603 1628 795 1668 REISK.
858 1628 917 1666 NV
921 1629 1061 1668 olfiuin
1082 1628 1196 1681 sequi
1218 1628 1369 1668 malim.
1413 1629 1522 1669 SCH
1529 1629 1662 1669 AEF.

361 1697 453 1732 210,
482 1697 543 1738 15.
576 1684 859 1737 ἀνενέγκωσιν]
914 1685 954 1724 S.
985 1687 1026 1724 ἐκ
1062 1687 1126 1734 τῆς
1158 1685 1272 1734 ἥττης
1306 1688 1373 1724 τοῦ
1408 1688 1582 1724 Φωκικοῦ
1617 1684 1802 1734 πολέμου.

299 1740 489 1780 WOLF.
552 1741 681 1780 Recte
702 1741 755 1780 ab
778 1740 947 1780 Reiskio
969 1741 1009 1780 in
1031 1741 1120 1780 Ind.
1139 1740 1322 1780 Graecit.
1338 1740 1514 1780 vertitur
1526 1741 1730 1795 pristinas
1751 1741 1808 1780 ad

297 1798 398 1836 vires
434 1796 573 1843 redire,
610 1796 815 1836 locutione
855 1796 990 1849 petita
1029 1811 1054 1836 11-
1094 1796 1484 1836 convalescentibus.
1553 1797 1805 1836 Plutarchus

300 1853 450 1892 Moral.
472 1867 510 1905 p.
532 1855 613 1904 563
641 1852 704 1890 D:
740 1852 942 1903 ἀνήνεγκε,
966 1852 1063 1904 ταχὺ
1085 1854 1125 1892 δὲ
1146 1854 1309 1904 ῥωσθεὶς
1322 1877 1389 1891 -.
1434 1852 1683 1892 SCHAEF.

357 1921 448 1953 210,
473 1919 534 1960 17.
557 1908 601 1947 δι’
620 1907 734 1961 ἡμᾶς]
769 1909 812 1947 οὐ
834 1910 895 1947 διὰ
916 1909 1002 1949 τοὺς
1024 1909 1237 1958 Θηβαίους.
1281 1908 1530 1948 SCHAEF.

357 1977 448 2011 210,
474 1965 534 2003 18.
568 1965 669 2003 ὥστε
702 1966 881 2016 πανταχῆ
915 1964 1107 2015 συμφέρει
1139 1981 1170 2002 κ.
1193 1981 1223 2003 τ.
1247 1964 1305 2016 λ.]
1358 1964 1455 2003 Loci
1488 1965 1610 2018 hujus
1643 1969 1804 2004 senten-

299 2020 401 2060 tiam
422 2019 565 2059 retulit
585 2020 890 2066 adumbratam,
910 2034 990 2058 non
1010 2021 1133 2059 verba
1157 2020 1346 2059 recitavit
1371 2020 1658 2074 Hermogenes
1678 2035 1719 2073 p.
1739 2033 1804 2072 90.

301 2075 492 2114 REISK.
615 2110 619 2114 .

359 2145 450 2179 210,
478 2143 540 2184 23.
565 2131 652 2171 ἀλλ’
668 2132 690 2171 ἃ
715 2132 869 2183 νομίζω]
903 2133 1008 2171 ἀλλὰ
1032 2132 1195 2181 νομίζων
1218 2132 1448 2172 Dobraeus.
