1914 3184
317 138 442 178 xxxiv
934 139 1193 179 REISKII

315 254 394 282 erat
414 247 508 282 haec
530 246 646 283 editio
668 246 835 282 secunda
856 246 998 281 Wolfiii
1021 246 1291 282 Graecolatina
1317 258 1381 282 seu
1404 255 1538 294 quarta
1558 247 1759 290 Wolfiana,
1782 254 1825 282 ut

314 310 394 357 ipse
424 310 532 345 Wolf
557 323 640 346 eam
672 310 849 358 appellat.
909 310 980 345 Sed
1017 318 1255 358 supererant,
1287 318 1328 345 ut
1362 310 1546 358 suspicor,
1577 311 1700 347 adhuc
1735 323 1822 358 sup-

313 373 451 421 plenda
472 374 659 421 quaedam
689 386 735 409 ex
764 373 931 409 editione
952 374 1132 414 Parisina,
1156 386 1253 420 quae
1280 386 1339 409 res
1360 375 1642 423 evulgationem
1669 375 1707 410 in
1729 374 1822 409 alte-

313 449 396 472 rum
418 449 559 472 annum
590 438 782 477 extraxit;
815 450 889 484 qua
908 438 953 472 de
979 450 1018 472 re
1040 445 1125 484 post
1152 437 1331 486 pluribus,
1388 438 1474 486 Ipse
1496 438 1605 473 Wolf
1623 438 1824 485 aliquoties

312 507 473 536 testatur
501 513 540 536 se
570 513 671 536 anno
705 501 816 548 1569.
847 501 914 535 has
944 508 1101 547 quartae
1131 501 1404 550 recognitionis
1432 503 1700 537 annotationes
1731 514 1821 537 con-

310 564 513 612 scripsisse.
544 577 578 599 V.
601 571 773 599 annotat.
796 563 842 598 ad
870 577 904 612 p.
926 564 1013 609 786.
1036 564 1100 599 ubi
1128 565 1193 605 ait,
1216 577 1261 601 eo
1282 565 1435 601 demum
1463 578 1564 601 anno
1590 578 1719 601 secum
1741 577 1823 601 esse

312 630 635 663 communicatam
665 627 842 663 Aldinarn
875 640 896 662 a
922 627 1142 664 Theobaldo
1171 628 1414 664 Theodorico
1443 629 1726 678 Argentinensi.
1757 629 1822 664 sed

311 690 532 731 Parisinam,
555 704 667 738 quam
691 691 865 740 Oporino
892 691 1068 733 misisset,
1090 705 1314 740 recuperare
1334 705 1411 728 non
1432 692 1614 740 potuisse.
1671 693 1823 742 Ergone

312 755 482 790 Parisina
515 768 665 802 quoque
694 758 772 804 jam
810 767 910 790 anno
941 756 1048 802 1569.
1078 756 1249 803 prodiit?
1285 756 1508 804 Sequuntur
1541 757 1821 793 dedicationem

310 819 489 855 versiculi
520 819 658 854 Graeci
690 818 894 866 Latinique
924 819 1054 855 Wolfii
1085 820 1130 855 ad
1162 832 1242 855 rem
1274 820 1328 855 nil
1358 820 1566 861 facientes;
1603 828 1684 856 tum
1716 821 1822 856 testi-

311 883 442 918 monia
471 883 516 919 de
546 883 806 918 Demosthene
838 890 1006 918 veterum
1038 883 1273 919 Graecorum
1301 884 1613 932 Latinorumque,
1642 885 1706 920 illa
1735 898 1821 920 curn

313 946 450 981 Latina
482 947 611 982 Wolfii
649 947 991 995 interpretatione3
1027 955 1107 983 tum
1149 955 1330 995 excerpta
1363 961 1405 984 ex
1441 948 1602 997 epistola
1631 949 1822 984 Matthiae

313 1010 505 1051 Schenkii,
537 1011 784 1060 Augustanae
819 1011 971 1047 scholae
1002 1013 1162 1047 Anneae
1196 1011 1364 1060 magistri
1399 1013 1569 1060 primarii
1603 1013 1648 1048 ad
1684 1013 1822 1048 Hiero·

311 1087 471 1122 nymum
501 1074 683 1109 Wolfium
713 1076 768 1110 18.
790 1075 962 1111 Januarii
988 1086 1100 1122 1571.
1129 1075 1280 1123 scripta,
1310 1089 1385 1123 qua
1414 1077 1449 1112 ei
1477 1076 1648 1112 laborem
1678 1077 1824 1112 Demo-

311 1137 525 1174 sthenicum
558 1138 794 1174 exantlatum
826 1139 1063 1188 gratulatum
1094 1139 1184 1174 inde
1213 1152 1366 1175 carmen
1388 1140 1492 1175 Pauli
1521 1140 1667 1176 Melissi
1689 1140 1823 1176 Franci

310 1214 423 1249 super
453 1202 584 1237 eadem
614 1214 667 1237 re.
725 1203 824 1238 Tum
856 1202 972 1238 series
1001 1202 1125 1249 operis
1155 1203 1440 1239 Demosthenici
1476 1204 1513 1239 in
1542 1204 1564 1239 6
1591 1212 1714 1239 tomos
1747 1204 1821 1239 dis-

310 1265 455 1307 tributi,
479 1279 640 1313 quorum
663 1274 825 1313 quatuor
844 1266 989 1314 priores
1013 1278 1128 1314 opera
1147 1266 1418 1302 Demosthenis
1439 1275 1475 1303 et
1495 1267 1695 1303 Aeschinis
1717 1280 1821 1303 com-

310 1330 543 1378 plectuntur,
566 1330 722 1378 quintus
743 1330 896 1378 Ulpiani
925 1332 1220 1367 commentarios
1250 1344 1336 1367 cum
1361 1332 1673 1368 annotationibus
1692 1332 1823 1367 Wolfii

311 1394 358 1429 ad
380 1394 546 1434 eosdem,
570 1394 808 1430 accessiones
833 1394 878 1430 ad
901 1393 1107 1442 Ulpianum
1136 1408 1182 1431 ex
1205 1395 1371 1432 editione
1392 1396 1573 1438 parisina,
1594 1396 1822 1431 Demosthe-

309 1458 369 1493 nis
402 1458 482 1493 vita
517 1471 536 1494 e
572 1458 747 1500 Libanio,
779 1459 993 1499 Plutarcho,
1028 1459 1198 1495 Luciano
1230 1468 1267 1495 et
1302 1459 1428 1500 Sinda,
1459 1460 1659 1496 Aeschinis
1694 1459 1769 1494 vita
1802 1472 1823 1494 e

310 1522 527 1564 Plutarcho,
551 1530 588 1558 et
615 1522 689 1558 alia
714 1524 860 1558 incerto
887 1531 1054 1563 auctore,
1078 1524 1272 1571 Apollonii
1299 1524 1336 1559 in
1360 1524 1588 1559 Aeschinem
1619 1523 1822 1564 enarratio,

310 1585 515 1623 Aeschinis
549 1587 629 1622 vita
660 1599 679 1623 e
711 1587 841 1628 Suida,
873 1587 1003 1622 Wolfii
1037 1588 1307 1623 annotationes
1336 1588 1375 1622 in
1408 1588 1491 1623 illas
1525 1587 1633 1628 vitas,
1665 1587 1821 1623 tandem

201 1661 295 1684 xxx1
310 1649 458 1700 farrago
485 1651 778 1686 annotationum
802 1651 1017 1691 Ruberana,
1041 1651 1086 1686 de
1109 1664 1183 1698 qua
1209 1663 1321 1699 supra
1342 1651 1517 1693 diximus,
1541 1663 1627 1686 cum
1653 1651 1698 1686 de
1721 1651 1819 1686 Her—

310 1713 482 1763 Wagiana
511 1714 634 1762 prima
663 1714 889 1749 diceremus.
949 1713 1068 1749 Sexto
1096 1713 1260 1761 denique
1287 1721 1392 1749 tomo
1422 1714 1515 1749 haec
1542 1714 1683 1749 insunt.
1742 1714 1820 1748 Pri-

310 1789 414 1812 mum
436 1785 559 1813 totum
589 1777 780 1826 specimen
802 1777 1077 1814 Demosthenis
1097 1777 1295 1827 recognit³‚
1316 1778 1362 1813 de
1382 1791 1457 1825 quo
1478 1785 1565 1813 ante
1586 1777 1820 1821 dicebamus,

309 1854 410 1877 anno
437 1843 547 1889 1569.
569 1843 773 1889 proditum,
795 1842 855 1877 hic
881 1842 1073 1883 iteratum,
1094 1854 1143 1877 ne
1169 1842 1280 1877 litera
1301 1841 1451 1889 quidem
1481 1849 1651 1881 mutata3
1683 1842 1820 1877 deinde

308 1906 576 1941 annotationes
602 1906 734 1941 Wolfii
763 1905 809 1941 ad
842 1918 975 1941 omnes
1004 1905 1276 1940 Demosthenis
1308 1913 1345 1940 et
1377 1904 1568 1940 Aeschinis
1600 1905 1819 1944 orationes;

307 1977 393 2016 post
421 1968 547 2005 variae
581 1969 766 2005 lectiones
799 1969 915 2004 totius
947 1969 1072 2016 operis
1102 1969 1389 2004 Demosthenici
1419 1981 1438 2003 e
1468 1977 1630 2016 quatuor
1663 1967 1820 2004 diversis

308 2032 502 2069 codicibus
535 2034 732 2070 collectae.
789 2033 888 2069 Sunt
922 2033 976 2068 illi
1009 2040 1171 2080 quatuor
1205 2032 1355 2068 codices
1389 2032 1502 2068 editio
1538 2032 1687 2073 Aldina,
1721 2032 1820 2067 Her-

308 2098 480 2146 wagiana
508 2098 640 2146 prima,
672 2098 889 2134 Felicianea
919 2105 956 2133 et
985 2097 1226 2133 Manutiana.
1259 2109 1295 2144 p.
1322 2096 1408 2143 138.
1467 2095 1747 2144 Castigationes
1782 2103 1820 2131 et

306 2161 434 2197 variae
471 2162 656 2197 lectiones
689 2162 727 2196 in
757 2162 1059 2197 Demosthenem
1099 2173 1165 2208 per
1197 2160 1443 2196 vincentium
1477 2159 1738 2207 Obsopoeum,
1773 2159 1819 2194 de

307 2225 444 2271 quibus
466 2226 578 2272 paulo
600 2233 684 2273 post
707 2225 856 2261 dicetur
876 2239 909 2273 p.
934 2236 1017 2272 145.
1075 2225 1213 2261 Variae
1234 2225 1420 2260 lectiones
1451 2225 1497 2260 ad
1519 2225 1819 2260 Demosthenem

307 2300 353 2323 ex
376 2288 543 2323 editione
567 2287 797 2324 Felicianea.
819 2302 855 2336 p.
881 2299 966 2336 157.
1007 2288 1137 2323 Wolfii
1157 2289 1427 2323 annotationes
1448 2288 1493 2323 ad
1516 2288 1819 2324 Demosthenem

306 2363 326 2386 e
353 2351 484 2386 codice
508 2351 730 2387 Lutetiano.
752 2365 787 2398 p.
813 2363 895 2398 ¹59·
927 2365 1040 2399 quam
1070 2352 1221 2399 appello
1237 2351 1471 2398 farrayinem
1498 2352 1717 2399 IVolfianam,
1744 2365 1820 2399 qua

305 2414 545 2463 consignavit
574 2427 708 2449 omnes
737 2415 923 2451 lectiones
953 2415 1011 2451 ed.
1035 2416 1163 2451 Lutet.
1190 2427 1211 2450 a
1240 2427 1308 2450 sua
1336 2415 1609 2462 discrepante&
1641 2427 1727 2450 cum
1760 2415 1815 2450 in-

304 2478 441 2524 spersis
467 2478 542 2513 suis
572 2479 801 2527 conjecturis
824 2479 933 2514 novis
960 2492 1026 2515 seu
1053 2479 1152 2514 curis
1180 2478 1367 2514 secundis.
1426 2479 1608 2514 Diversae
1630 2479 1817 2515 lectiones

304 2541 445 2577 codicis
482 2542 704 2589 Augustani.
736 2555 772 2589 p.
798 2552 880 2589 179.
938 2542 1093 2578 Scholia
1132 2542 1274 2578 codicis
1308 2542 1522 2591 Augustani
1562 2542 1746 2591 ejusdem.
1777 2556 1813 2590 p.

310 2616 394 2651 ¹93-
452 2604 589 2640 Variae
617 2605 804 2641 lectiones
833 2606 871 2641 in
899 2606 990 2641 Vita
1018 2606 1291 2641 Demosthenis
1320 2618 1342 2640 a
1370 2605 1573 2642 Plutarcho
1602 2605 1754 2654 scripta.
1781 2619 1815 2653 p.

308 2680 391 2716 199.
448 2669 577 2704 Wolfii
606 2676 755 2705 veteres
784 2669 1041 2717 praefationes
1071 2677 1108 2705 et
1143 2670 1311 2705 carmina
1342 2670 1491 2705 Graeca
1516 2677 1631 2717 atque
1661 2670 1813 2706 Latina.

303 2731 377 2767 Hic
398 2739 455 2767 est
481 2741 722 2781 conspectus,
745 2734 839 2769 haec
866 2734 980 2769 series
1009 2734 1133 2781 operis
1157 2733 1351 2769 Wolfiani.
1409 2734 1617 2770 Videamus
1642 2746 1747 2769 nunc
1767 2734 1813 2769 de

302 2795 527 2841 quibusdam
548 2797 683 2832 horum
704 2797 918 2833 libellorum
941 2798 1110 2833 seorsim.
1169 2797 1339 2832 Primum
1361 2797 1407 2833 de
1429 2797 1677 2844 dispositione
1697 2804 1812 2844 atque

302 2857 567 2895 distributione
596 2868 707 2896 oratt.
735 2862 846 2897 Dem.
871 2861 1073 2898 &Volfiana
1132 2861 1336 2897 Orationes
1364 2860 1634 2897 Demosthenis
1662 2860 1702 2895 in
1732 2860 1811 2896 edi-

302 2919 407 2956 tione
436 2922 575 2958 Aldina
603 2936 679 2959 una
707 2925 890 2960 continua
919 2926 1027 2966 serie,
1060 2925 1141 2960 sine
1171 2924 1250 2960 ulla
1281 2924 1548 2961 distributione
1583 2924 1622 2958 in
1657 2923 1809 2963 classes,
