1914 3184
304 159 384 197 1530
720 158 1069 197 PHILIPPICA
1108 158 1403 198 SECUNDA.

294 276 372 315 pm·
403 275 500 315 quas
523 262 690 308 (caussa
720 266 784 301 est
818 261 1085 301 instrumenti
1115 261 1268 313 instar)
1292 262 1317 301 i.
1339 277 1373 302 e.
1397 261 1534 315 quibus
1557 269 1817 316 permotus—

303 317 548 357 existimem.
614 318 834 357 FRANK.

360 376 426 425 67,
456 388 516 413 10.
541 375 616 424 ἐγὼ
641 375 769 413 τοίνυν
792 392 822 412 κ.
847 390 878 412 τ.
901 374 958 425 λ.]
990 373 1115 412 Η11110
1137 373 1271 413 10011111
1293 388 1422 426 usque
1443 374 1497 414 ad
1518 374 1758 424 ποιήσασθαι
1778 390 1813 415 v.

307 431 368 468 16.
390 429 495 469 citat
518 429 710 469 Tiberius
732 444 771 482 p.
797 431 865 481 58.
929 429 1260 469 SCHAEFER.

359 484 388 524 ὦ
410 487 546 536 ἄνδρες
565 485 784 538 Ἀθηναῖοι]
809 484 983 525 Omittit
1006 485 1211 525 Tiberius.
1276 485 1606 526 SCHAEFER.

360 543 425 588 67,
457 554 516 580 [Ι.
553 541 923 593 κύριος-κατέστη]
966 541 1183 581 Tiberius:
1218 545 1371 592 πρῶτον
1398 542 1538 593 γέγονε
1567 544 1692 593 κύριος
1717 545 1815 593 μετὰ

302 598 372 646 τὴν
395 596 572 648 εἶρήνηνς
610 596 942 637 SOHAEFER.

360 655 426 704 67,
458 665 517 692 12.
553 657 626 692 τῶν
649 655 691 693 ἐν
713 657 892 693 Φωκεῦσι
913 653 1165 706 πραγμάτων]
1200 653 1368 701 Rerum,
1393 668 1499 707 quae
1527 653 1569 692 in
1593 654 1815 694 Phocensi-

301 710 378 749 bus
408 709 674 762 gerebantur.
709 710 733 748 i.
756 724 789 748 e.
822 713 1034 762 potestate
1066 710 1159 749 belli
1195 709 1301 750 sacri
1336 724 1410 750 suo
1443 710 1620 750 arbitrio
1651 725 1814 764 compo-

302 765 425 805 nendi
448 765 609 818 potitus
631 773 705 805 est.
770 765 991 804 FRANK.

359 823 425 870 67,
482 834 543 872 13.
609 821 790 873 πράττειν
840 822 1059 875 προείλετο]
1125 823 1327 872 προείλετο
1378 821 1560 873 πράττειν
1611 822 1814 863 Tiberius.

305 877 639 918 SGHAEFER.

358 935 424 985 67,
454 947 515 985 15.
538 935 576 972 τί
596 933 640 983 δή
662 950 756 973 ποτε
774 933 803 986 ς]
838 933 1029 973 Tiberius
1049 950 1056 973 ε
1092 935 1129 973 τί
1148 933 1278 984 δήποτ’
1300 935 1372 979 ἄν;
1409 933 1740 974 SCHAEFER.

359 990 446 1030 τοὺς
496 996 583 1040 λογ.
632 989 746 1042 ἐξετ.]
810 990 896 1031 τοὺς
940 990 1154 1041 λογισμοὺς
1203 990 1412 1041 ἀναφέρων
1457 991 1519 1029 ἐπὶ
1564 992 1813 1040 πλεονεξίαν.

307 1045 495 1085 WOLF.
528 1045 552 1084 i.
578 1061 609 1085 e.
636 1045 818 1085 rationes
840 1046 989 1099 agendi
1014 1060 1045 1085 s.
1069 1046 1241 1085 consilia
1262 1046 1316 1085 ad
1338 1046 1522 1086 studium
1545 1061 1625 1099 quo
1647 1047 1815 1086 teneba-

302 1107 371 1141 tur
393 1116 492 1154 opes
513 1116 608 1141 suas
642 1101 787 1154 quovis
809 1102 932 1141 modo
955 1101 1133 1155 augendi
1159 1102 1269 1151 (πρὸς
1289 1103 1358 1151 τὴν
1386 1103 1640 1154 πλεονεξίαν)
1663 1103 1817 1156 emigrans

301 1163 343 1198 et
365 1158 643 1197 emolumento
666 1172 739 1197 suo
761 1157 948 1197 metiens.
1014 1157 1234 1197 FRANK.

357 1216 423 1263 67..
463 1226 527 1253 20.
563 1214 788 1266 ἐνδείξαιτο]
824 1215 877 1253 Sa
912 1220 1193 1253 ostentaturum
1231 1227 1315 1253 esse.
1379 1213 1432 1252 V.
1474 1213 1563 1252 Ind.
1603 1214 1674 1253 Gr.
1713 1229 1742 1253 s.
1777 1229 1814 1253 v.

303 1270 635 1310 SCHAEFER.

358 1329 424 1378 67,
462 1340 524 1366 m.
562 1327 682 1379 τινὰς]
719 1327 782 1365 D«)
808 1326 1088 1365 Phoceu-sibus
1122 1326 1325 1379 cogitasse
1363 1331 1571 1366 oratorem
1608 1326 1813 1367 existimo.

307 1382 469 1421 FRAN
475 1382 528 1421 K.

358 1440 423 1488 67.
450 1451 512 1491 23.
551 1440 575 1477 ἃ
596 1439 801 1493 προσήκει]
843 1439 937 1478 Scil.
964 1442 1215 1489 προορᾶσθαι.
1278 1438 1447 1478 Etenim
1478 1444 1520 1478 et
1547 1437 1740 1491 justitiae
1771 1445 1815 1479 et

302 1494 463 1533 decoris
486 1500 527 1534 et
549 1509 687 1533 rerum
718 1496 953 1534 futurarum
985 1495 1093 1534 ratio
1129 1496 1202 1545 (ὅτι
1235 1497 1280 1533 τὰ
1310 1497 1407 1544 μετὰ
1438 1498 1557 1534 ταῦτα
1578 1498 1814 1545 προορᾶσθε,

301 1552 353 1589 0]”.
381 1552 415 1604 Q.
442 1552 526 1599 21.)
553 1550 831 1590 Athenienses
857 1550 1109 1603 impeditura
1136 1556 1227 1590 erat
1254 1550 1473 1603 quominus
1496 1550 1691 1602 Philippo
1712 1550 1815 1591 alios

302 1607 484 1646 Graecos
514 1607 751 1659 proderent.
816 1606 1111 1660 Intelligebant
1135 1606 1244 1645 0111111
1274 1607 1461 1646 futurum
1488 1621 1578 1646 esse
1599 1611 1646 1645 ut
1672 1611 1715 1646 et
1737 1607 1814 1660 ipsi

301 1662 342 1701 in
364 1667 619 1715 potestatem
641 1662 749 1716 regis
772 1662 996 1702 concedere
1018 1668 1277 1731 cogerentur.
1340 1662 1375 1700 F
1380 1662 1561 1702 RANK.

362 1719 428 1766 68
461 1731 495 1757 2.
532 1718 611 1757 καθ’
645 1720 749 1768 ὑμῶν
783 1719 989 1771 ἐγκώμιον]
1027 1721 1122 1758 κατὰ
1154 1718 1195 1756 in
1227 1719 1380 1757 bonam
1410 1720 1667 1771 paite1n,de
1698 1717 1814 1758 cobis.

304 1774 371 1814 Sic
408 1790 446 1828 1).
481 1787 575 1827 300,
609 1787 648 1827 3.
684 1775 833 1824 ἔδειξαν
867 1775 1035 1825 εγκώμια
1062 1778 1236 1823 Θηβαῖοι
1271 1773 1351 1813 καθ’
1385 1775 1490 1823 ὑμῶν
1525 1777 1571 1814 τὰ
1608 1775 1812 1815 κάλλιστα.

302 1830 454 1870 Rarior
475 1830 540 1870 hic
562 1845 659 1869 usus
691 1845 753 1883 pl
742 1830 1012 1883 aepositionis
1035 1830 1129 1869 κατά
1150 1834 1240 1870 tam
1261 1829 1385 1869 solius
1408 1844 1532 1882 quam
1558 1830 1815 1885 compositae

301 1901 393 1925 cum
416 1886 566 1926 verbis.
612 1886 663 1924 V.
689 1887 780 1926 Ind.
803 1887 856 1926 ad
880 1886 1072 1939 A.pollon
1098 1886 1233 1925 Rhod.
1252 1901 1290 1938 p.
1311 1888 1404 1926 662.
1428 1887 1468 1925 b.
1489 1890 1531 1926 et
1554 1886 1737 1926 Elmslei.
1759 1887 1814 1926 ad

304 1942 490 1995 Euripid.
516 1943 666 1981 Bacch.
702 1956 799 1995 334.
863 1942 982 1992 Quod
1014 1948 1155 1982 autem
1180 1942 1361 1981 Wolfius
1394 1941 1571 1995 scripsit,
1596 1945 1691 1982 κατὰ
1716 1957 1750 1981 ν.
1777 1943 1813 1981 8.

302 1998 344 2036 in
366 1998 517 2038 malam
538 2003 702 2051 partem
724 1998 816 2043 diei,
840 2012 921 2037 non
953 1997 1162 2037 assentior
1181 2015 1188 2037 z
1222 2012 1318 2037 nam
1345 1997 1400 2037 ibi
1430 2012 1593 2051 quoque
1616 2001 1711 2038 κατὰ
1732 2012 1814 2038 11011

302 2060 365 2094 est
387 2054 497 2093 aliud
520 2069 643 2107 quam
667 2055 777 2107 quod
799 2054 1009 2108 praecedit
1032 2055 1130 2104 περί.
1197 2053 1528 2093 SCHAEFER.
1676 2103 1678 2105 Υ

359 2110 425 2158 68,
448 2125 486 2161 4.
521 2112 562 2149 ἐκ
584 2112 729 2150 τούτων
750 2114 825 2149 τῶν
848 2110 990 2162 ἔργων]
1033 2110 1098 2149 SC.
1121 2111 1333 2149 Φιλίππου.
1397 2109 1462 2148 Sic
1490 2109 1568 2157 ille,
1593 2110 1702 2162 quod
1725 2110 1813 2163 qui-

302 2166 395 2205 dem
418 2180 468 2204 ex
490 2166 553 2205 his
580 2166 703 2205 factis
729 2170 945 2219 appareat.
970 2166 1020 2205 de
1042 2165 1159 2205 vobis
1188 2165 1403 2219 judicavit.
1427 2170 1471 2204 ut
1496 2166 1813 2219 vos—proditu-

301 2236 369 2260 ros
390 2236 479 2260 esse
501 2227 702 2261 censeret.
768 2221 988 2260 FRANK.

357 2277 521 2326 μηδενὸς
554 2276 602 2316 ἂν
639 2277 1058 2329 κέρδους-προέσθαι]
1103 2277 1263 2317 Eadem
1299 2277 1612 2317 construetione
1644 2293 1683 2331 p.
1721 2289 1811 2329 107,

302 2333 339 2370 8.
372 2334 408 2371 οἱ
428 2335 493 2381 τῆς
514 2331 600 2382 παρ’
624 2333 770 2382 ἡμέραν
802 2333 959 2384 χάριτος
986 2335 1033 2371 τὰ
1053 2334 1222 2383 μέγιστα
1243 2336 1306 2381 τῆς
1327 2334 1478 2374 πόλεως
1505 2334 1810 2375 ἀπολωλεκότες.

304 2387 383 2426 Est
395 2388 563 2440 perdere
584 2388 754 2440 aliquid,
780 2395 820 2427 ιη’
841 2387 959 2427 allud
978 2387 1156 2427 lucreris.
1221 2387 1457 2428 SOHAEF
1463 2388 1550 2427 ER.

360 2445 426 2489 68,
450 2456 490 2495 5.
515 2446 561 2482 τὰ
584 2445 692 2482 κοινὰ
714 2446 841 2483 δίκαια
862 2447 937 2482 τῶν
957 2442 1180 2496 (Ελλήνων]
1205 2443 1257 2482 V.
1280 2443 1332 2483 ad
1354 2458 1393 2496 p.
1420 2456 1482 2496 25,
1509 2456 1544 2483 2.

360 2499 425 2541 68.
451 2501 486 2538 8.
525 2500 573 2540 ὡς
607 2499 762 2551 ἑτέρως]
804 2499 896 2537 Νο11
928 2499 1116 2538 abundat
1148 2499 1207 2545 ὡς,
1241 2499 1313 2538 sed
1344 2505 1470 2552 auget
1501 2499 1582 2539 vim
1613 2499 1811 2546 adverbii,

302 2554 419 2607 quasi
436 2554 550 2594 dicas
570 2560 612 2593 ut
628 2554 747 2594 aliter
764 2558 776 2593 !
811 2554 920 2593 Vide
937 2554 988 2593 de
1008 2554 1072 2593 his
1089 2554 1366 2594 locutionibus
1383 2555 1655 2608 probabiliter
1676 2555 1812 2608 dispu-

302 2614 465 2650 tantem
476 2610 711 2649 Weiskium
726 2610 766 2648 in
781 2610 917 2649 libello
932 2610 983 2649 de
993 2609 1228 2649 Pleonasm.
1239 2610 1432 2664 Graee.p.
1445 2623 1537 2662 207.
1562 2611 1810 2651 SOHAEF.

302 2665 367 2705 De
389 2665 484 2705 Cor.
517 2681 558 2718 p.
584 2678 689 2718 254:
725 2666 794 2705 ἐάν
827 2682 868 2704 τε
902 2669 1029 2707 καλῶς
1063 2666 1146 2719 ἔχῃ,
1170 2666 1329 2717 χάριτος
1361 2666 1558 2719 τυγχάνει,
1593 2666 1661 2706 ἐάν
1694 2665 1726 2706 θ’
1758 2667 1813 2707 ὡς

303 2722 479 2771 ἑτέρως,
516 2723 705 2772 τιμωρίας.
771 2721 876 2760 Ι1)ἱ(1.
911 2736 950 2774 p.
976 2721 1068 2774 298.
1102 2725 1176 2760 τῶν
1212 2721 1242 2759 δ’
1280 2723 1329 2763 ὡς
1367 2723 1528 2773 ἑτέρως
1564 2721 1809 2772 συμβάντων.

305 2776 492 2816 VOEM.

359 2833 515 2877 68.12.
549 2832 655 2901 ὥστ]
691 2831 1034 2885 Conjunctionem
1067 2833 1385 2885 exspectavelis,
1414 2848 1520 2897 quae
1553 2833 1811 2873 conditionem

302 2888 520 2939 exprimat.
541 2887 601 2937 εφ
625 2887 708 2930 ὧτε
724 2887 792 2927 sab
807 2902 851 2927 ea
869 2888 1086 2927 eonditzone
1102 2894 1172 2933 ατ,-
1206 2894 1334 2942 atque
1351 2890 1477 2929 etiam
1499 2889 1540 2928 in
1562 2888 1810 2941 quibusdam

303 2942 416 2981 libris
452 2943 730 2993 conjunctioni
767 2944 866 2983 ὥστε
908 2945 1009 2983 haec
1051 2943 1310 2995 significati‹)‚
1347 2950 1392 2983 ut
1430 2945 1546 2985 aliae.
1585 2958 1687 2997 quas
1727 2957 1807 2982 non
