1914 3184
297 145 352 185 64
690 147 1087 188 OLYNTHIAGA
1122 148 1414 189 SECUNDA.

296 251 383 290 τότε
406 252 468 290 καὶ
489 252 623 293 παιδὸς
645 254 762 300 οὔσης
785 253 896 303 κόρης
918 253 1095 291 ἐναντίον
1119 251 1362 303 ἐφθέγγοντο
1386 253 1549 305 αἰσχρά)
1565 261 1640 295 aut
1662 269 1802 294 Versus

297 305 556 345 Fescennini.
620 307 684 346 De
717 307 780 346 his
813 307 1116 360 posterioribus
1149 307 1418 361 cogitandum
1453 323 1542 349 esse
1576 311 1803 350 ostendunt

295 363 421 402 verba
442 364 495 402 ὧν
517 365 570 404 εἰς
590 364 678 404 τοὺς
699 365 889 404 συνόντας
921 367 1112 402 ποιοῦσιν.
1175 363 1438 404 Carminibus
1468 366 1628 405 acerbis
1659 366 1802 405 irride-

295 418 399 458 bant
432 432 513 464 eos.
538 418 782 471 quibuscum
817 418 893 471 ipsi
929 422 971 458 et
994 418 1211 472 Philippus
1233 424 1511 468 versarentur,
1536 436 1617 474 quo
1644 422 1803 461 factum

293 479 357 513 est
394 479 441 514 ut
474 474 542 522 illi,
579 474 648 527 qui
691 475 977 521 irriderentur,
1009 475 1231 514 cachinnos
1264 475 1509 515 excitarent.
1572 477 1676 516 Fert
1707 492 1803 517 vero

294 534 448 569 natura
475 544 616 569 eorum
643 530 873 570 carminum
900 535 947 570 ut
975 530 1102 570 etiam
1124 531 1330 570 obscoena
1359 532 1471 571 haud
1493 547 1589 571 raro
1611 532 1803 574 immixta

292 585 419 624 fuisse
450 590 655 638 putemus.
719 587 986 639 Quantopere
1010 586 1229 639 Philippus
1260 586 1397 627 ridere
1427 587 1631 627 amaverit
1664 594 1802 628 osten—

294 641 399 680 dunt
430 656 537 694 quae
560 642 804 682 Athenaeus
828 642 1103 696 Hegesandro
1133 647 1305 682 auctore
1331 647 1369 682 6.
1403 658 1443 696 p-
1471 647 1564 682 260.
1591 644 1641 682 A.
1667 649 1710 684 et
1738 658 1798 694 14.

294 712 333 749 p.
359 700 453 746 614.
488 698 540 736 D.
574 703 734 746 narrat7
774 698 1015 751 Philippum
1048 698 1220 752 collegio
1253 698 1473 752 sexaginta
1509 699 1698 745 risormn,
1731 701 1800 753 qui

296 753 475 792 Athenis
497 753 538 791 in
560 754 716 807 templo
739 754 977 794 Diomeensi
997 754 1190 793 Herculis
1213 754 1429 794 convenire
1451 755 1654 801 solebant,
1672 756 1801 795 talen-

293 813 383 848 tum
405 808 580 863 dedisse
604 815 650 850 ut
672 810 749 863 ipsi
772 810 948 850 ridicula
970 824 1044 850 sua
1065 811 1299 863 perscripta
1320 810 1553 850 mitterent.
1588 811 1800 850 SAUPP.

352 877 462 918 23‚2
443 879 506 918 ,33-
531 866 840 930 κακοδαιμονίας]
864 868 1138 915 κακοδαιμονία
1159 871 1223 906 est
1244 881 1262 905 ι
1263 873 1415 905 &trema
1435 866 1555 905 ‘misal
1557 867 1611 914 ia,
1630 867 1802 907 condi-tio

293 920 421 960 (immi
444 922 759 974 perversissima,
792 922 947 961 homini
979 923 1033 962 ab
1065 921 1230 961 numine
1265 921 1373 961 irato
1407 921 1604 969 immissa,
1639 922 1801 963 insania
1846 938 1849 941 “

292 976 493 1017 miserior.
556 978 776 1031 Alistoph.
804 978 916 1017 Plut.
939 989 1034 1031 505.

350 1061 399 1101 ὡς
417 1062 491 1109 μὲν
511 1063 584 1111 γὰρ
607 1064 675 1100 ιῦν
695 1061 784 1110 ἡμιν
807 1062 826 1099 ὁ
847 1061 936 1109 βίος
957 1064 1035 1101 τοῖς
1057 1062 1272 1111 ἀνθρώποις
1294 1060 1490 1106 διάκειται,

349 1117 405 1157 τίς
427 1116 475 1155 ἂν
496 1117 567 1168 οὐχ
589 1117 706 1167 ἡγοῖτ
733 1116 830 1155 εἶναι
851 1117 995 1165 μανίαν
1017 1118 1315 1165 κακοδαιμονίαν
1337 1133 1356 1154 τ
1391 1117 1444 1155 ἔτι
1464 1119 1643 1166 μᾶλλον·
1635 1149 1645 1163 ,

293 1198 463 1251 Olynth.
478 1212 515 1251 3.
537 1212 657 1251 J).34:
682 1199 726 1238 οὐ
745 1201 817 1250 γὰρ
832 1200 950 1240 οὕτως
964 1202 1119 1250 ἄφρων
1136 1199 1211 1239 οὐδ
1230 1199 1400 1251 ἀτυχης
1415 1202 1490 1249 εἰμι
1505 1202 1592 1251 ἐγώ.
1613 1200 1800 1239 VOEM.

356 1267 419 1305 ¹23,
453 1257 516 1292 26.
555 1256 755 1294 ἐπισκοτεῖ
784 1256 933 1296 τούτοις
968 1255 1010 1294 τὸ
1046 1254 1275 1309 κατορθοῦν]
1317 1255 1450 1294 Locus
1487 1255 1527 1294 in
1563 1260 1670 1295 orat.
1708 1256 1799 1295 adv.

293 1309 429 1362 Epist.
455 1310 563 1349 Phil.
595 1325 634 1363 p.
667 1323 752 1363 155,
779 1323 842 1361 24.
875 1310 1017 1364 spuria
1049 1310 1253 1364 repetitus
1284 1311 1392 1350 hunc
1423 1311 1570 1364 ipsum,
1593 1312 1702 1350 unde
1733 1312 1800 1351 de-

293 1370 455 1404 sumtus
487 1370 564 1413 est,
589 1366 805 1405 clariorem
840 1367 1093 1407 reddiderit:
1126 1367 1169 1405 τὸ
1205 1371 1418 1417 κατορθοῦν
1452 1367 1570 1406 αὐτὸν
1604 1369 1804 1407 ἐπισκοτεῖ

292 1421 337 1469 (ἰ.
363 1436 394 1460 6.
431 1423 568 1464 σκότος
601 1422 752 1474 ἐπάγει)
796 1426 892 1462 πᾶσι
922 1427 1001 1464 τοῖς
1033 1425 1231 1464 τοιούτοις.
1291 1422 1450 1462 Julian.
1484 1427 1554 1462 Or.
1587 1438 1626 1476 p.
1664 1426 1716 1472 84
1748 1424 1798 1462 D.

291 1482 481 1517 nostrum
515 1478 732 1520 imitatur:
767 1481 806 1518 αἶ
826 1482 900 1529 γὰρ
933 1480 1130 1529 εὐπραξίαι
1162 1480 1283 1518 δειναὶ
1313 1481 1381 1520 τὰς
1412 1481 1530 1530 ὀργὰς
1549 1479 1800 1530 ὑφαρπάζειν.

294 1533 347 1573 V.
375 1534 596 1587 wyttenb.
622 1534 756 1587 Epist.
780 1535 873 1575 crit.
897 1535 948 1574 de
969 1535 1055 1574 Jul.
1078 1550 1118 1588 p.
1141 1548 1209 1587 51.
1272 1535 1458 1574 VOEM.

352 1602 416 1642 23,
443 1602 508 1642 27.
550 1592 588 1629 αἱ
624 1594 698 1641 γὰρ
736 1590 1141 1644 εὐπραξίαι-ὀνείδη]
1182 1590 1364 1643 Lepidus
1403 1591 1557 1630 Salusti
1595 1592 1722 1635 (orat.
1758 1596 1800 1632 et

292 1645 414 1699 epist.
436 1660 486 1684 ex
514 1646 660 1685 histor.
693 1646 824 1697 libris)
852 1649 991 1700 §.10:
1027 1661 1150 1700 quare
1183 1647 1308 1700 ’ἱρὶίιιν
1333 1647 1483 1697 (Sulla)
1507 1653 1614 1686 ΐαηίο
1644 1646 1800 1700 aquiiae

291 1709 407 1755 atque
427 1702 575 1741 <minas
606 1703 782 1742 incedit?
814 1704 910 1756 ‹fflm'a
938 1703 1119 1742 secandae>
1140 1717 1202 1742 res
1230 1703 1330 1742 mire
1350 1709 1439 1742 siml
1467 1703 1577 1742 vitiis
1601 1702 1769 1742 obtentui
1784 1721 1797 1749 ‚-

290 1757 429 1812 quibus
450 1757 666 1810 labefactis,
689 1758 1073 1811 (suamsbrmidatus
1095 1765 1161 1805 est,
1182 1765 1264 1797 tam
1285 1764 1557 1798 contemnetur.
1620 1759 1752 1808 Quem
1773 1759 1798 1799 l.

292 1814 549 1866 comparavit
564 1814 751 1854 Voemel.
812 1815 957 1854 Verba
979 1815 1040 1853 καὶ
1062 1815 1272 1853 συσκιάσαι
1303 1828 1325 1853 6
1351 1814 1440 1853 1060
1461 1814 1662 1867 parallelo
1683 1814 1800 1854 libris

293 1870 542 1922 quibusdam
584 1870 700 1911 illata
735 1885 810 1910 suo
846 1885 1009 1923 quoque
1047 1869 1086 1909 in
1120 1869 1259 1909 codice
1291 1870 1391 1924 legit
1425 1870 1540 1909 Theo
1574 1870 1799 1924 Progymn.

293 1926 369 1965 vol.
398 1939 430 1965 Ι.
453 1941 490 1979 p.
517 1938 607 1966 200.

352 1995 414 2035 23,
442 1996 505 2033 29.
530 1983 646 2021 αὐτοῦ
668 1981 790 2035 ταῦτ’]
815 1983 930 2022 αὐτοῦ
951 1986 1015 2021 est
1045 1981 1253 2035 genitivus
1284 1981 1509 2035 partitivus
1534 1982 1717 2034 pendens
1748 1997 1798 2022 ex

292 2040 422 2085 ταῦτα,
446 2039 497 2077 (16
519 2052 600 2091 quo
622 2038 783 2077 monuit
807 2038 1029 2077 Frankius.

351 2106 415 2144 24,
455 2107 486 2132 1.
522 2093 679 2147 δείξειν]
718 2095 1019 2148 Appare'tur‘um
1058 2107 1143 2133 esse.
1205 2093 1283 2132 Est
1319 2093 1426 2132 enim
1464 2093 1800 2146 impersonaliter

292 2148 461 2196 dictum,
486 2155 531 2189 ut
562 2164 630 2202 ap.
657 2150 871 2204 Aristoph.
892 2150 1019 2202 Vesp.
1048 2150 1142 2200 988.
1169 2150 1308 2198 δείξειν
1341 2150 1476 2188 ἔοικεν.
1543 2149 1650 2188 Ean.
1680 2150 1797 2189 1261.

291 2218 325 2244 C.
348 2219 386 2254 4.
410 2207 524 2254 δείξει
546 2206 589 2254 δὴ
612 2205 724 2257 τάχα.

351 2272 414 2309 24,
441 2273 475 2300 2.
499 2261 924 2314 θέλωσι-βούλησθε]
960 2261 1092 2299 θέλειν
1127 2265 1169 2300 et
1201 2262 1418 2309 βούλεσθαι
1451 2260 1511 2300 ita
1546 2259 1723 2305 differre,
1751 2265 1797 2300 ut

292 2315 392 2354 illud
414 2317 597 2356 animum
619 2316 673 2355 ad
695 2316 852 2368 aliquid
874 2330 1138 2368 propensum,
1158 2316 1234 2354 hoc
1255 2316 1472 2355 consilium
1494 2315 1661 2363 indicet,
1677 2316 1797 2355 docet

291 2372 487 2425 cognatio
510 2371 632 2419 vocis,
656 2386 763 2424 quae
784 2377 848 2411 est
869 2371 1009 2421 βουλή.
1076 2371 1169 2410 Hoc
1195 2377 1308 2411 recte
1333 2371 1494 2410 monuit
1517 2371 1565 2409 Gr.
1592 2371 1797 2411 Herman-

291 2441 368 2466 nus
391 2427 430 2466 in
454 2428 779 2467 Zinnnermanni
802 2426 960 2466 diurnis
992 2442 1029 2466 a.
1061 2427 1179 2479 1835.
1202 2441 1241 2479 p.
1269 2439 1362 2477 299.
1425 2426 1544 2476 Quod
1576 2426 1797 2466 d1scrimen

292 2498 418 2535 quum
440 2489 482 2524 et
503 2483 598 2523 huic
620 2483 710 2522 loco
732 2488 774 2522 et
801 2482 1019 2536 permultis
1049 2482 1142 2521 aliis
1174 2482 1332 2534 optime
1364 2481 1595 2529 conveniat,
1618 2488 1797 2535 apparet

290 2543 430 2579 tamen
453 2539 538 2579 tale
560 2553 648 2578 esse
670 2544 717 2578 ut
737 2540 822 2578 fere
844 2553 1006 2591 semper
1028 2538 1275 2577 commutari
1298 2538 1471 2590 possint.
1534 2537 1748 2576 SAUPP.

351 2608 413 2643 24„
437 2609 475 2648 3.
501 2597 544 2634 ἐν
565 2600 645 2636 τοῖς
667 2593 863 2647 σώμασιν]
889 2593 1162 2646 Respublicas
1194 2608 1419 2645 earumque
1451 2598 1610 2632 statum
1643 2593 1796 2646 saepis-

292 2650 393 2689 sime
411 2655 570 2690 veteres
592 2665 684 2690 611111
705 2664 878 2703 corpore
899 2650 1070 2703 ejusque
1091 2649 1152 2688 vel
1175 2648 1358 2688 sanitate
1375 2649 1435 2688 vel
1457 2648 1614 2688 morbis
1632 2662 1796 2701 compa-

293 2720 387 2745 rare
418 2707 580 2751 solent;
614 2706 719 2745 conf.
744 2706 869 2745 Plato
893 2705 995 2758 Rep.
1020 2708 1055 2744 8.
1087 2720 1124 2758 p.
1148 2708 1229 2757 556
1255 2704 1315 2744 E:
1355 2705 1492 2744 οὐκοῦν
1525 2705 1657 2754 ὥσπερ
1687 2708 1797 2753 σῶμα

293 2766 459 2803 νοσῶδες
479 2766 613 2812 μικρᾶς
633 2764 752 2813 ῥοπῆς
775 2762 916 2810 ἔξωθεν
949 2764 1069 2800 δεῖται
1096 2760 1400 2811 προσλαβέσθαι
1427 2760 1523 2809 πρὸς
1553 2760 1594 2797 τὸ
1623 2759 1793 2807 κάμνειν,

294 2818 415 2856 ἐνίοτε
438 2820 477 2856 δὲ
501 2819 563 2856 καὶ
584 2820 675 2857 ἄνευ
697 2821 772 2856 τῶν
804 2818 875 2865 ἔξω
908 2816 1109 2862 στασιάζει
1133 2816 1225 2855 αὐτὸ
1246 2816 1359 2868 αὑτῷ,
1384 2817 1480 2853 οὕτω
1502 2815 1546 2863 δη
1569 2815 1628 2852 καὶ
1649 2832 1671 2863 η
1700 2817 1795 2853 κατὰ

293 2873 411 2911 ταύτὰ
434 2874 566 2925 ἐκείιῳ
589 2872 782 2921 διακειμει
785 2890 807 2922 η
840 2874 953 2912 πόλις
975 2872 1049 2910 ἀπὸ
1073 2874 1233 2921 σμικρᾶς
1263 2871 1511 2920 προφάσεως,
1536 2871 1678 2917 ἔξωθεν
1700 2871 1792 2909 ἐπα-

293 2944 468 2976 γομειων
490 2945 511 2976 η
533 2932 607 2966 τῶν
640 2929 780 2977 ἑτερων
811 2929 850 2976 ἐξ
884 2926 1217 2978 ὀλιγαρχουμενης
1246 2928 1399 2966 πόλεως
1429 2926 1646 2976 ξυμμαχίαν
1676 2942 1697 2973 η
1719 2929 1794 2964 τῶν
