1934 3179
284 149 365 191 490
685 147 763 187 DE
798 148 874 187 FA
885 147 993 187 LSA
1028 145 1389 186 LEGATIONE.

279 255 372 302 βεία
406 254 499 304 πρὸς
534 253 693 295 οὐδένας
725 255 810 292 τότε
844 257 919 291 τῶν
938 252 1158 301 (Ελλήνων.
1224 252 1286 290 De
1318 264 1398 304 quo
1432 248 1618 288 dissensu
1651 248 1785 288 Boeh-

280 308 450 348 neckius
472 309 711 359 Quaestion.
732 308 809 348 vol.
831 321 861 347 1.
885 323 924 360 p.
948 318 1045 360 379.
1075 306 1278 346 “Scilicet
1311 320 1359 345 eo
1391 310 1591 358 tempore⁷
1624 319 1704 357 quo
1737 305 1788 343 de

279 379 383 417 pace
405 364 585 404 ineunda
606 364 887 404 Athenienses
910 378 960 402 ex
985 363 1118 402 altero
1142 361 1394 402 Philocratis
1416 360 1698 414 psephismate
1720 360 1787 399 de-

279 420 529 468 liberabant,
552 420 663 459 nulla
693 419 847 473 legatio
876 419 928 458 ad
956 419 1139 458 Graecos
1166 418 1293 458 missa
1320 422 1396 463 est,
1421 417 1492 455 sed
1522 416 1645 469 paulo
1675 420 1785 463 ante,

278 476 413 515 hieme
449 476 633 526 ejusdem
668 475 778 521 anni,
813 475 930 527 cujus
963 488 1058 514 vere
1098 474 1233 527 prima
1267 474 1321 513 ad
1358 472 1597 525 Philippum
1634 471 1787 524 legatio

277 531 397 571 abiit.
461 531 764 571 Demosthenes
795 530 924 584 igitur
951 530 993 569 in
1018 530 1183 584 egregio
1205 530 1273 569 illo
1294 530 1383 568 loco
1405 528 1630 581 sophistice
1650 527 1786 567 abuti-

278 591 349 626 tur
369 587 587 626 veritate.”

333 644 477 695 346,6.
496 643 556 681 ἐπὶ
570 643 655 683 τοὺς
669 642 820 695 ὅρκους]
844 642 874 680 I.
893 656 925 681 e.
941 642 991 680 de
1009 641 1290 694 recipiendum
1300 639 1593 693 jusjurandum
1607 639 1657 678 de
1670 652 1784 692 pace.

333 700 429 750 346,
456 711 515 737 10.
539 697 627 737 ἀλλ’
647 698 776 747 ἐπειδὴ
804 697 924 737 πάλιν
945 698 1087 746 ἥκομεν
1110 715 1141 736 κ.
1160 713 1193 735 τ.
1215 696 1271 749 λ.]
1307 696 1596 748 Hermogenes
1627 710 1667 747 p.
1693 706 1784 747 275.

278 753 450 793 Μέθοδοι
481 755 522 793 δὲ
553 754 770 804 περιβολὴν
796 756 974 792 ποιοῦσιν
1000 754 1095 791 αἵδε.
1142 752 1185 791 τὸ
1218 751 1480 801 ἀναστρέφειν
1505 752 1552 789 τὰ
1583 750 1786 801 πράγματα

278 811 340 849 καὶ
360 811 408 848 τὰ
429 810 586 860 δεύτερα
607 813 738 860 πρῶτα
759 808 904 860 λέγειν,
925 809 1006 847 εἶτα
1029 808 1315 859 ἀναγκάζεσθαι
1338 806 1573 855 ἐπιβάλλειν
1588 808 1634 845 τὰ
1656 810 1786 856 πρῶτα

278 866 340 904 καὶ
359 867 410 918 τῷ
433 864 602 916 σχήματι
631 867 800 917 χρῆσθαι
820 867 870 918 τῷ
894 863 972 903 κατ’
990 863 1229 913 ἐπεμβολήν.
1274 864 1368 902 οἷον·
1402 861 1492 901 ἀλλ’
1511 861 1640 910 ἐπειδὴ
1665 861 1786 901 πάλιν

275 921 419 970 ἥκομεν
445 922 485 959 ἐκ
512 924 576 970 τῆς
603 921 817 970 πρεσβείας
840 921 980 969 ταύτης
1004 922 1068 968 τῆς
1099 919 1160 958 ἐπὶ
1191 919 1276 960 τοὺς
1306 920 1453 968 ὅρκους,
1477 917 1602 967 ἧσπερ
1625 918 1725 956 εἰσὶν
1747 919 1786 956 αἱ

277 977 573 1016 νῦν-εὔθυναι.
625 975 688 1015 εἶτ’
708 975 928 1025 ἐπενέβαλε
957 977 1004 1014 τὰ
1034 978 1177 1024 πρῶτα·
1211 976 1297 1013 οὔτε
1321 974 1457 1023 μικρὸν
1479 974 1566 1012 οὔτε
1592 973 1694 1023 μέγα
1720 973 1783 1011 οὐ-

277 1035 428 1072 δοτιοῦν
450 1031 650 1082 εὑρημένοι
670 1035 745 1070 τῶν
765 1031 838 1070 ὑπὸ
861 1032 1011 1077 τούτου,
1033 1031 1097 1069 ὅτε
1121 1030 1191 1078 τὴν
1213 1030 1367 1080 εἰρήνην
1389 1030 1600 1076 ἐποιεῖσθε,
1621 1028 1783 1080 λεχθέν-

277 1104 352 1127 των
375 1088 436 1126 καὶ
456 1087 812 1138 προσδοκηθέντων,
837 1087 899 1125 καὶ
919 1088 966 1125 τὰ
989 1088 1073 1135 ἑξῆς
1102 1085 1217 1137 μέχρι
1240 1089 1303 1124 τοῦ
1351 1085 1554 1138 προσῇμεν
1575 1084 1618 1133 τῇ
1641 1087 1781 1138 βουλῇ.

278 1143 472 1183 REISK.

333 1200 428 1253 346,
456 1200 517 1238 16.
550 1198 637 1250 παρ’
665 1199 756 1238 αὐτὸ
794 1200 836 1237 τὸ
867 1198 1058 1249 ψήφισμα
1093 1196 1459 1248 πεπρεσβευκότων]
1498 1195 1528 1234 Ι.
1552 1210 1587 1235 e.
1609 1211 1781 1246 παραπε-

275 1257 587 1306 πρεσβευκότων.
631 1254 882 1294 SCHAEF.

339 1312 434 1364 346,
458 1311 520 1349 18.
551 1310 724 1363 ἰδιωτῶν]
778 1310 809 1348 Ι.
841 1324 874 1349 e.
905 1309 1119 1348 hominum
1155 1308 1223 1361 qui
1262 1322 1343 1347 non
1379 1311 1519 1346 essent
1554 1310 1780 1346 senatores.

277 1366 431 1405 Schol.:
465 1367 534 1415 τὴν
563 1367 766 1415 ἐπιθυμίαν
793 1366 999 1404 αἰνίττεται
1029 1368 1096 1403 τοῦ
1122 1368 1272 1414 μαθεῖν·
1306 1365 1349 1403 οὐ
1377 1366 1451 1414 γὰρ
1480 1362 1686 1411 ἀνέμειναν
1713 1362 1782 1411 τὴν

276 1423 487 1471 ἐκκλησίαν
509 1425 604 1461 κατὰ
625 1422 667 1460 τὸ
691 1422 789 1469 ἔθος,
813 1422 902 1460 ἀλλ’
921 1422 1190 1472 ἀνεμίχθησαν
1212 1421 1248 1459 οἱ
1270 1422 1414 1459 ἰδιῶται
1434 1423 1513 1459 τοῖς
1536 1422 1779 1467 βουλευταῖς.

277 1477 587 1517 SHILLETO.

330 1536 426 1585 346,
452 1545 516 1584 25.
549 1533 632 1583 περὶ
665 1536 742 1571 τῶν
762 1533 1004 1584 ὑπολοίπων]
1045 1531 1229 1571 Subaudi
1255 1531 1396 1581 λέγων.
1430 1529 1623 1569 REISK.
1688 1528 1780 1568 Non

274 1588 616 1628 subaudiendum.
652 1588 764 1637 Quod
782 1588 838 1627 ad
857 1588 1013 1641 reliqua
1034 1587 1237 1635 attinebat,
1258 1587 1305 1626 (le
1326 1586 1499 1639 reliquis.
1548 1585 1601 1624 V.
1624 1589 1709 1624 not.
1727 1585 1781 1624 ad

274 1659 313 1698 p.
335 1657 433 1697 342,
459 1656 523 1696 27.
566 1643 817 1683 SGHAEF.

331 1705 477 1741 Φωκεῖς
507 1701 567 1739 καὶ
591 1701 736 1751 Πύλαι]
776 1699 1012 1738 Phocenses
1035 1703 1076 1738 et
1099 1697 1397 1750 Thermopylas
1420 1696 1638 1735 Aeschinis
1661 1696 1781 1749 culpa

272 1756 426 1796 amissa
445 1756 570 1794 fuisse
596 1755 922 1794 Atheniensibus
944 1754 1091 1793 deinde
1111 1753 1235 1793 latius
1257 1753 1462 1792 ostendet.
1502 1752 1720 1792 GREVE.

333 1813 432 1865 346,
467 1814 531 1850 26.
567 1810 874 1863 ἀναρτωμένους]
927 1810 1177 1850 Consulatur
1211 1808 1433 1848 Dorvillius
1473 1808 1527 1848 ad
1564 1808 1778 1848 Chariton.

273 1881 311 1921 3,
336 1882 372 1920 9.
401 1870 458 1920 (p.
480 1879 575 1918 407.
600 1866 697 1906 edit.
725 1866 871 1919 Lips.).
913 1865 1172 1904 TAYLOR.

329 1926 425 1976 346,
454 1935 518 1973 27.
552 1924 614 1962 καὶ
643 1921 932 1975 ὑποσχέσεσιν]
978 1921 1299 1974 Exspectassem
1336 1921 1396 1959 καὶ
1434 1919 1700 1971 ὑποσχέσεσιν
1737 1919 1782 1969 ἐξ

271 1980 543 2031 ὑποσχέσεων.
587 1979 638 2016 V.
659 1993 696 2031 p.
715 1991 865 2031 349,3.
903 1977 1263 2016 MARKLAND.
1327 1976 1420 2014 Non
1441 1975 1658 2015 assentior.
1712 1975 1778 2014 In-

272 2035 520 2089 telligendae
537 2039 634 2074 sunt
651 2034 983 2087 pollicitationes,
993 2033 1141 2086 quibus
1155 2033 1282 2073 factio
1300 2031 1572 2071 Macedonica
1589 2030 1778 2071 incautos

272 2105 379 2130 nunc
401 2090 579 2144 primum
602 2089 813 2129 inescavit.
857 2089 1107 2130 SGHAEF.

327 2150 423 2199 346,
450 2148 513 2185 28.
542 2146 673 2195 ἐπειδὴ
700 2147 739 2184 δὲ
771 2146 863 2195 ἧκεν
883 2147 905 2195 ἡ
933 2146 1119 2194 ἐκκλησία
1145 2162 1176 2183 κ.
1195 2161 1228 2182 τ.
1251 2144 1312 2196 λ.]
1352 2142 1561 2182 Aristides
1583 2142 1633 2181 de
1656 2142 1707 2181 D.
1731 2142 1774 2182 C.

271 2217 311 2255 p.
337 2203 430 2241 218.
454 2203 514 2241 καὶ
535 2201 656 2241 πάλιν
678 2204 720 2240 ἐν
741 2202 791 2254 τῷ
815 2204 878 2250 τῆς
903 2201 1234 2251 παραπρεσβείας·
1269 2198 1399 2247 ἐπειδὴ
1422 2200 1461 2237 δὲ
1487 2198 1579 2247 ἧκεν
1599 2199 1621 2247 ἡ
1644 2199 1776 2247 ἐκκλη-

272 2259 352 2304 σία,
385 2259 592 2308 παρελθὼν
621 2258 810 2308 Αἰσχίνης
840 2261 987 2306 πρῶτος
1016 2257 1122 2306 ἡμῶν
1153 2255 1347 2295 ἁπάντων.
1406 2254 1464 2292 καὶ
1496 2254 1563 2292 οὐκ
1595 2254 1703 2294 εὐθὺς
1732 2253 1775 2292 τὸ

271 2314 488 2352 ἀκόλουθον
510 2312 734 2362 ἐπήνεγκεν·
766 2312 856 2350 τάδε
888 2312 1140 2363 ἀπήγγειλεν.
1193 2312 1299 2349 ἀλλὰ
1329 2311 1518 2360 πρότερον
1540 2310 1635 2348 κατὰ
1663 2310 1771 2347 ἐναν-

271 2370 353 2407 τίον
374 2371 441 2407 τοῦ
472 2368 704 2412 ἀκολούθως,
738 2368 761 2406 ἃ
790 2367 878 2406 δέον
905 2366 1172 2417 ἀπαγγέλλειν
1198 2366 1263 2404 οὐκ
1295 2365 1523 2415 ἀπήγγειλε.
1571 2366 1657 2403 τίνα
1678 2363 1708 2402 δ’
1727 2364 1775 2413 ἣν

270 2427 413 2469 ταῦτα,
448 2427 610 2473 πρῶτον·
643 2426 709 2461 τοῦ
733 2424 806 2471 μὲν
827 2422 1095 2473 ἀπαγγέλλειν
1116 2438 1150 2460 τι
1175 2422 1262 2471 περὶ
1283 2424 1359 2459 τῶν
1379 2418 1732 2469 πεπρεσβευμένων
1751 2418 1774 2468 ἢ

270 2480 357 2530 περὶ
378 2483 452 2518 τῶν
475 2480 517 2517 ἐν
539 2479 581 2532 τῇ
604 2481 731 2532 βουλῇ
752 2479 960 2529 ῥηθέντων,
983 2479 1016 2516 εἰ
1037 2478 1110 2527 ἄρα
1130 2475 1370 2527 ἠμφισβήτει
1393 2475 1444 2524 μὴ
1469 2475 1616 2524 τάληθῆ
1641 2474 1774 2526 λέγειν

271 2537 351 2585 ἐμὲ,
373 2537 592 2584 μνησθῆναι
622 2533 853 2583 πάμπληθες
883 2532 1074 2585 ἀπέσχεν.
1123 2532 1205 2571 εἶτα
1231 2535 1300 2570 νῦν
1323 2533 1418 2570 κατὰ
1443 2530 1485 2568 τὸ
1512 2531 1729 2569 ἀκόλουθον
1749 2531 1773 2569 ἃ

272 2592 393 2630 ἐποίει
414 2590 475 2629 καὶ
497 2591 734 2640 ἐδημηγόρει·
769 2590 828 2628 καὶ
850 2590 1042 2629 τοιούτους
1064 2587 1146 2627 εἶπε
1168 2588 1321 2638 λόγους.
1364 2585 1556 2625 REISK.

334 2647 444 2697 ἧκεν]
502 2645 555 2684 V.
588 2644 757 2683 Dorvill.
798 2644 851 2684 ad
893 2644 1107 2684 Chariton.
1150 2658 1188 2695 p.
1231 2652 1327 2695 475.
1367 2645 1473 2681 extr.
1515 2640 1614 2680 edit.
1659 2640 1770 2693 Lips.

273 2700 523 2742 SOHAEF.

327 2769 422 2811 347,
441 2770 476 2797 2.
499 2759 685 2807 πειρᾶσθε
708 2755 1118 2806 συνδιαμνημονεύειν]
1148 2755 1254 2793 Date
1274 2767 1431 2806 operam
1454 2759 1495 2791 ut
1520 2765 1601 2790 una
1625 2765 1770 2790 mecumv

271 2813 459 2852 memoria
487 2811 681 2864 repetatis.
744 2810 901 2864 Agitur
931 2810 1040 2849 enim
1071 2810 1120 2848 de
1151 2809 1286 2848 vorbis
1319 2808 1414 2847 olim
1448 2807 1568 2847 factis
1603 2806 1644 2845 in
1677 2821 1769 2846 con·

271 2868 400 2907 ciono.
434 2867 632 2906 JURIN.
695 2866 787 2904 Non
808 2880 890 2905 una.
911 2879 1069 2912 mecum,
1093 2866 1164 2904 sed
1187 2879 1249 2904 vos
1269 2877 1407 2903 omnes.
1449 2861 1703 2902 SOHAEF.

327 2935 420 2974 347.
443 2936 480 2974 5ε
505 2921 605 2961 ταῦτ’
627 2923 731 2961 ἔστιν
753 2922 837 2973 ἤδη]
872 2921 1035 2961 Scilicet
1058 2922 1079 2960 ἃ
1103 2924 1170 2960 νῦν
1193 2922 1274 2970 ἐρῶ.
1319 2918 1509 2958 REISK.
