1934 3179
291 117 374 153 488
696 115 773 155 DE
809 116 1001 156 FALSA
1037 117 1395 157 LEGATIONE.

292 224 346 267 et,
380 223 426 258 ut
457 233 507 259 ex
540 219 723 272 Ulpiano
759 221 965 269 discimus,
1000 238 1021 261 e
1061 222 1200 262 schola
1236 222 1449 262 Isocratis.
1507 223 1560 262 V.
1590 223 1796 277 Harpocr.

291 289 323 314 s.
355 275 395 314 h.
424 289 459 313 v.
491 275 559 328 qui
592 275 905 329 Theopompum
948 277 1050 317 citat
1095 277 1258 317 Histm.
1290 278 1395 317 libro
1427 289 1493 331 51.
1537 279 1796 319 TAYLOR.

294 330 411 370 Oonf.
434 345 472 383 p
498 343 642 384 324,9
648 363 655 370 .

348 399 444 438 344,
469 397 528 439 15.
554 387 645 439 ἔφη]
679 387 810 426 Nemo
832 388 940 426 enim
973 393 1161 428 nostrum
1184 389 1367 428 omnium
1395 388 1585 429 interfuit
1606 390 1796 430 auditor:

293 446 340 481 ut
360 441 597 481 facillimum
618 442 653 480 ei
677 442 731 481 sit
754 443 904 482 nobis
894 458 1118 496 nnponele.
1162 444 1356 484 REISK.

349 509 452 560 344,
471 510 534 538 20.
566 498 652 547 περὶ
683 514 748 546 της
774 499 923 548 εἰρηνης
953 499 1138 549 πρέσβεις
1169 500 1350 553 πέμπειν]
1384 500 1528 539 Prima
1558 501 1661 541 haec
1693 501 1800 555 lega—

292 551 365 600 tio,
388 553 506 605 cujus
533 553 613 592 iter
635 553 885 593 describitur
913 554 1021 594 infra
1042 570 1080 608 p.
1103 568 1197 607 392,
1224 569 1298 605 14.,
1321 555 1446 595 missa
1468 556 1629 609 Olymp.
1654 557 1741 604 108
1764 570 1799 598 2.

296 608 368 659 (A
386 608 430 647 C.
452 610 588 661 346.);
624 609 674 647 de
696 623 834 661 quav
859 610 1055 649 Aeschin.
1080 626 1118 663 p.
1141 624 1207 663 30,
1235 623 1298 660 27.

349 676 445 715 344,
472 675 537 704 21.
558 664 854 718 Ἀριστοὸημου]
887 665 951 705 Ι)0
973 666 1049 705 hoc
1072 666 1229 706 dictum
1251 667 1303 706 ad
1326 681 1365 730 p.
1391 679 1481 718 232,
1507 668 1542 705 8.

350 719 650 772 Νεοπτολέμου]
681 719 848 759 Histrio
866 721 927 760 vel
949 722 1087 774 potius
1110 727 1234 774 poeta
1255 722 1452 776 traoicus,
1475 722 1632 775 primus
1654 728 1802 763 auctor

292 774 371 813 fuit
394 774 721 814 Atheniensibus
751 776 863 828 pacis
892 791 983 816 cum
1008 777 1202 831 Philippo
1225 778 1547 825 contrahendae
1570 784 1617 818 ut
1639 793 1688 817 ex
1711 779 1750 818 h.
1775 779 1800 818 l.

293 834 424 882 putet
487 830 717 893 Philippus,
741 832 864 871 rebus
885 833 1137 877 labantibus,
1159 848 1253 872 eum
1276 833 1605 873 Atheniensibus
1631 834 1802 874 immisit

293 890 507 925 auctorem
528 886 663 939 pacis:
698 902 732 926 v.
753 902 791 940 p.
812 900 909 938 442
934 889 1006 928 ult.
1070 889 1281 930 Athenis
1272 904 1312 928 111
1338 889 1631 929 Macedoniam
1652 890 1802 944 migra-

294 940 364 988 vit,
388 946 430 981 et
453 956 559 994 quae
581 942 635 981 ibi
660 943 830 983 vidisset
862 944 1143 998 audissetque
1167 945 1247 984 de
1238 945 1288 983 lis
1311 945 1551 998 Philippum
1582 945 1802 985 cer·ti01e1n

292 997 413 1037 fecit:
447 1013 482 1037 v.
507 1013 545 1051 p.
568 998 635 1050 58,
662 1011 725 1039 22.
750 1004 793 1038 et
820 999 1024 1053 inslgnem
1052 1001 1102 1040 de
1134 1015 1181 1039 00
1212 1001 1347 1040 locum
1380 1001 1552 1040 Diodori
1576 1001 1701 1041 Siculi
1724 1001 1800 1041 v.ol

296 1065 388 1106 2..Ῑ)
404 1066 493 1106 152.
511 1056 596 1106 (16,
613 1066 679 1105 92.
687 1059 700 1104 )
749 1055 1009 1109 Quamquam
1027 1057 1229 1107 ὑποκριτης
1246 1057 1538 1096 tantummodo
1554 1057 1799 1111 appellatur,

293 1109 510 1149 admonuit
545 1114 685 1149 tamen
723 1111 948 1151 scholiasta
978 1112 1031 1152 ad
1064 1127 1104 1165 p.
1137 1113 1293 1165 58,15
1326 1118 1485 1152 veteres
1522 1113 1600 1153 hoc
1638 1112 1803 1153 nomine

292 1165 500 1218 appellare
522 1166 780 1206 consuevisse
803 1166 912 1220 ipsos
934 1182 1097 1221 quoque
1129 1173 1287 1222 poetas,
1310 1168 1542 1208 fabularum
1565 1169 1802 1222 scriptores,

298 1220 451 1274 quippe
492 1221 560 1274 qui
600 1222 849 1262 histlionum
891 1238 1054 1277 quoque
1094 1230 1236 1278 partes
1279 1238 1575 1277 saepenumelo
1615 1230 1802 1278 agelent.

295 1276 490 1316 REISK.

354 1332 650 1386 Κτησιφῶντος]
686 1335 1013 1389 Harpocration,
1039 1339 1263 1386 Κτησιφῶν.
1311 1336 1564 1385 Δημοσθένης
1585 1338 1627 1375 ἐν
1648 1337 1698 1389 τῷ
1722 1335 1800 1375 κατ’

296 1390 484 1440 Αἰσχίνου
508 1392 566 1442 (p.
592 1394 710 1441 371.)
734 1392 776 1430 τὸ
802 1394 874 1441 μὲν
904 1394 977 1443 γὰρ
1003 1393 1041 1440 ἐξ
1071 1393 1189 1443 ἀρχῆς
1220 1392 1310 1444 ἄχρι
1340 1394 1407 1430 τοῦ
1437 1393 1560 1443 λόγου
1581 1396 1713 1444 τυχεῖν
1734 1393 1802 1431 Φί-

294 1450 440 1483 λιππον
464 1446 598 1495 “ὑπὲρ
629 1448 694 1494 τῆς
726 1448 889 1498 εἰρήνης,
925 1451 1136 1498 Κτησιφῶν
1165 1448 1226 1486 καὶ
1246 1446 1522 1497 Ἀριστόδημος
1551 1448 1620 1496 τὴν
1649 1448 1803 1498 πρώτην

297 1499 440 1550 ἔφερον
468 1503 534 1539 τοῦ
566 1503 848 1552 φενακισμοῦ.”
895 1504 948 1544 εἶς
978 1507 1054 1542 τῶν
1085 1502 1174 1542 δέκα
1205 1503 1411 1552 πρέσβεων
1440 1507 1515 1542 τῶν
1545 1505 1643 1552 μετὰ
1675 1508 1803 1553 Δημο-

299 1554 458 1596 σθένους
490 1556 551 1595 καὶ
581 1557 770 1609 Αἰσχίνου
800 1558 1132 1609 πρεσβευσάντων
1162 1558 1209 1607 ἣν
1240 1559 1360 1600 οὗτος·
1397 1558 1573 1608 ἑκάτερος
1603 1561 1697 1610 γοῦν
1728 1562 1804 1599 τῶν

295 1611 465 1661 ῥητόρων
492 1612 534 1650 ἐν
558 1614 608 1664 τῷ
640 1613 725 1663 περὶ
753 1616 817 1662 τῆς
846 1615 1164 1664 παραπρεσβείας
1194 1614 1385 1655 πολλάκις
1411 1614 1525 1653 αὐτοῦ
1555 1616 1802 1663 μνημονεύει.

300 1666 427 1716 ἕτερος
454 1665 483 1705 δ’
507 1667 555 1706 ἂν
577 1669 633 1716 ε’ίη
660 1685 714 1710 τις
743 1670 762 1708 ὁ
789 1669 831 1708 τὸ
862 1669 1051 1720 ψήφισμα
1082 1669 1124 1707 τὸ
1156 1670 1242 1720 περὶ
1272 1672 1340 1708 τοῦ
1370 1669 1567 1720 στεφάνου
1597 1671 1804 1721 γεγραφὼς

296 1721 554 1770 Δημοσθενει,
579 1722 660 1762 καθ’
679 1724 722 1763 οὗ
743 1726 862 1775 λόγος
883 1725 966 1764 ἐστι
987 1725 1037 1778 τῷ
1062 1726 1229 1778 Αἰσχίνῃ
1251 1726 1271 1763 ὁ
1295 1726 1390 1763 κατὰ
1410 1728 1696 1776 Κτησιφῶντος

352 1790 448 1852 344,
474 1790 539 1829 23.
571 1780 1006 1833 γίγνεται-Φιλίππῳ]
1047 1780 1162 1819 Citat
1194 1779 1409 1819 Philemon
1446 1795 1484 1833 p.
1523 1781 1614 1821 268.
1645 1781 1800 1820 Osann.

352 1901 448 1941 344,
467 1900 530 1941 25.
553 1890 625 1942 οὐχ
647 1891 695 1932 ὡς
717 1895 791 1930 τῶν
813 1891 1122 1940 ἀποδωσομένων
1145 1909 1175 1930 κ.
1194 1908 1226 1931 τ,
1244 1892 1303 1943 λ.]
1340 1891 1627 1945 Helmogenes
1648 1907 1686 1945 p.
1708 1892 1799 1932 286.

296 1946 340 1983 τό
367 1961 408 1983 τε
437 1961 506 1984 ουν
528 1944 605 1984 κατ’
623 1946 738 1996 ἄρσιν
764 1948 826 1986 καὶ
851 1946 963 1985 θέσιν
987 1946 1221 1997 περιβάλλει
1252 1946 1402 1986 τέλειον
1423 1951 1558 1986 ποιοῦν
1579 1947 1646 1986 τὸν
1666 1949 1801 1998 λόγον.

297 2000 391 2039 οἶον·
425 2001 497 2052 οὐχ
525 2001 575 2041 ὡς
602 2005 678 2041 τῶν
698 2002 1007 2052 ἀποδωσομένων
1032 2005 1079 2041 τὰ
1108 2002 1281 2052 ὑμέτερα.
1335 2002 1416 2041 εἶτα
1443 2003 1465 2052 ἡ
1495 2002 1608 2044 θέσις·
1642 2002 1803 2045 ἀλλ’ὡς

297 2059 373 2095 τῶν
394 2058 648 2106 φυλαξόντων
668 2058 755 2099 τοὺς
775 2058 932 2099 ἄλλους.
981 2057 1190 2097 Aristides
1209 2058 1259 2097 de
1277 2058 1328 2096 D.
1347 2059 1391 2097 G.
1410 2072 1447 2110 p.
1468 2061 1561 2097 216.
1584 2059 1802 2110 περιβολὴν

299 2112 340 2150 δὲ
361 2115 468 2150 ποιεῖ
486 2113 547 2151 καὶ
568 2113 662 2152 ὅταν
683 2130 739 2155 τις
762 2114 813 2163 μὴ
835 2115 1052 2153 τάκόλουθα
1076 2113 1227 2167 ἐξετάζῃ
1247 2115 1380 2163 μόνον,
1405 2115 1510 2153 ἀλλὰ
1536 2115 1598 2153 καὶ
1618 2115 1802 2154 τάναντία

298 2167 600 2217 προσλαμβάνῃ.
642 2169 691 2210 ὡς
712 2170 754 2208 ἐν
775 2172 824 2222 τῷ
847 2172 910 2218 τῆς
931 2171 1252 2219 παραπρεσβείας
1272 2169 1314 2208 τὸ
1342 2171 1414 2218 μὲν
1435 2171 1587 2209 ἁπλοῦν
1607 2170 1654 2219 ἦν
1676 2171 1738 2209 καὶ
1758 2169 1801 2209 τὸ

299 2222 516 2262 ἀκόλουθον
545 2225 672 2265 οὕτως·
715 2226 799 2264 ἐπεὶ
838 2227 913 2276 γὰρ
950 2225 1271 2276 ἐχειροτονήσατε
1306 2229 1443 2264 τοῦτον
1475 2225 1721 2275 πρεσβευτὴν
1752 2226 1803 2267 ὣς

300 2277 526 2327 φυλάξοντα
553 2279 641 2320 τοὺς
671 2280 829 2320 ἄλλους.
874 2281 1039 2319 ἐνταῦθα
1063 2281 1107 2319 τὸ
1133 2281 1311 2319 ἐναντίον
1331 2281 1546 2330 προλαβὼν
1567 2282 1683 2322 οὕτως
1711 2281 1801 2320 ἐπά-

299 2348 360 2382 γει
381 2332 423 2371 τὸ
446 2333 673 2373 ἀκόλουθον·
708 2335 1029 2386 ἐχειροτονησατε
1061 2338 1196 2374 τοῦτον
1216 2337 1404 2386 πρότερον
1425 2336 1467 2374 τὸ
1489 2337 1529 2374 τί
1549 2353 1600 2385 μη
1620 2336 1801 2385 ποιήσον-

300 2403 359 2432 τα,
385 2387 465 2427 εἶτα
486 2388 528 2426 τὸ
551 2390 589 2427 τί
606 2389 830 2438 ποιήσοντα.
894 2390 981 2441 (Sic
1008 2390 1120 2429 locus
1145 2390 1209 2429 hie
1236 2390 1496 2430 emendatius
1522 2391 1705 2445 legitur.)
1729 2393 1800 2443 οὐχ

301 2443 350 2483 ὡς
385 2447 460 2481 τῶν
491 2444 802 2494 ἀποδωσομένων
832 2448 879 2484 τὰ
911 2445 1087 2495 ὑμέτερα,
1120 2445 1196 2484 οὐδ’
1219 2447 1268 2487 ὡς
1303 2450 1378 2485 τῶν
1408 2448 1720 2486 πεπιστευκότων
1749 2464 1800 2486 τω

301 2499 495 2551 Φιλίππῳ.
549 2499 631 2539 εἶτα
660 2503 727 2539 νῦν
748 2500 791 2539 τὸ
816 2502 1043 2540 ἀκόλουθον·
1077 2503 1181 2540 ἀλλὰ
1204 2502 1251 2542 ὡς
1272 2502 1498 2552 φυλάξοντα
1528 2503 1615 2544 τοὺς
1643 2503 1799 2544 ἄλλους.

303 2553 521 2594 Sententia
543 2555 643 2595 haec
665 2560 740 2595 est.
801 2556 928 2596 Hunc
947 2556 1195 2596 Aeschinem
1218 2556 1283 2610 leo
1285 2561 1403 2596 atum
1424 2557 1596 2597 creastis
1611 2582 1676 2597 ——.
1732 2558 1801 2598 Se-

300 2609 479 2648 cundum
513 2610 614 2650 haec
650 2612 775 2651 verba
810 2612 1056 2652 universalia
1092 2612 1468 2666 eme,sig11ificavit
1503 2613 1670 2661 Orator,
1703 2613 1802 2666 quid

301 2665 520 2714 fhoturum,
547 2667 645 2719 quid
676 2681 770 2706 non.
832 2669 892 2708 Et
922 2668 1100 2720 plinium
1128 2668 1306 2720 quidem,
1334 2668 1433 2721 quid
1468 2683 1550 2707 non
1580 2669 1800 2709 facturum.

304 2720 394 2759 Non
417 2735 499 2773 quo
520 2722 717 2762 venderet
736 2724 845 2763 bona
866 2729 1004 2763 xestra
1024 2738 1112 2763 11101
1115 2724 1213 2763 00(10
1236 2724 1453 2776 Philippo:
1488 2738 1569 2763 non
1591 2739 1672 2777 quo
1693 2725 1802 2764 vide

302 2780 417 2815 retur
439 2776 555 2816 vobis
579 2777 771 2831 Philippo
793 2779 931 2818 fidere.
992 2780 1092 2819 Jam
1121 2779 1300 2832 subjicit
1319 2780 1417 2832 quid
1438 2780 1656 2819 factulum.
1720 2781 1801 2819 Sed

304 2846 384 2883 quo
415 2831 591 2885 reliquos
622 2833 792 2886 legatos
815 2835 1115 2875 fraudulentiae
1137 2840 1179 2874 et
1204 2835 1449 2887 proditionis
1481 2840 1707 2888 suspectOS,
1729 2836 1796 2875 ob·

302 2891 497 2927 servalet.
540 2888 617 2927 Rla
625 2889 733 2928 ISK.
