<?xml version="1.0" encoding="UTF-8"?>
<!DOCTYPE html PUBLIC "-//W3C//DTD XHTML 1.0 Transitional//EN"
    "http://www.w3.org/TR/xhtml1/DTD/xhtml1-transitional.dtd">
<html xmlns="http://www.w3.org/1999/xhtml" xml:lang="en" lang="en">
 <head>
  <title>
</title>
<meta http-equiv="Content-Type" content="text/html;charset=utf-8" />
  <meta name='ocr-system' content='tesseract 3.04.00' />
  <meta name='ocr-capabilities' content='ocr_page ocr_carea ocr_par ocr_line ocrx_word'/>
</head>
<body>
  <div class='ocr_page' id='page_1' title='image "./operaexrecension05demouoft_0566.png"; bbox 0 0 1934 3179; ppageno 0'>
   <div class='ocr_carea' id='block_1_1' title="bbox 299 149 1402 190">
    <p class='ocr_par' dir='ltr' id='par_1_1' title="bbox 299 149 1402 190">
     <span class='ocr_line' id='line_1_1' title="bbox 299 149 1402 190; baseline 0 -1"><span class='ocrx_word' id='word_1_1' title='bbox 299 150 382 189; x_wconf 77' lang='lat'>486</span> <span class='ocrx_word' id='word_1_2' title='bbox 699 150 780 190; x_wconf 90' lang='lat' dir='ltr'>DE</span> <span class='ocrx_word' id='word_1_3' title='bbox 815 151 1009 190; x_wconf 82' lang='lat' dir='ltr'><strong>FALSA</strong></span> <span class='ocrx_word' id='word_1_4' title='bbox 1045 149 1402 190; x_wconf 80' lang='lat' dir='ltr'><strong>LEGATIONE.</strong></span> 
     </span>
    </p>
   </div>
   <div class='ocr_carea' id='block_1_2' title="bbox 286 251 1802 2975">
    <p class='ocr_par' dir='ltr' id='par_1_2' title="bbox 295 251 1802 808">
     <span class='ocr_line' id='line_1_2' title="bbox 354 251 1799 309; baseline -0.002 -17"><span class='ocrx_word' id='word_1_5' title='bbox 354 266 533 308; x_wconf 81' lang='grc'>342,12.</span> <span class='ocrx_word' id='word_1_6' title='bbox 560 256 601 294; x_wconf 84' lang='grc' dir='ltr'>ἐκ</span> <span class='ocrx_word' id='word_1_7' title='bbox 622 255 785 309; x_wconf 81' lang='grc' dir='ltr'>τούτων]</span> <span class='ocrx_word' id='word_1_8' title='bbox 826 254 966 294; x_wconf 87' lang='lat' dir='ltr'>Dictio</span> <span class='ocrx_word' id='word_1_9' title='bbox 998 256 1039 292; x_wconf 84' lang='grc' dir='ltr'>ἐκ</span> <span class='ocrx_word' id='word_1_10' title='bbox 1069 254 1213 292; x_wconf 84' lang='grc' dir='ltr'>τούτων</span> <span class='ocrx_word' id='word_1_11' title='bbox 1235 252 1466 306; x_wconf 84' lang='lat' dir='ltr'>significat:</span> <span class='ocrx_word' id='word_1_12' title='bbox 1501 251 1542 291; x_wconf 89' lang='lat' dir='ltr'>in</span> <span class='ocrx_word' id='word_1_13' title='bbox 1573 256 1694 292; x_wconf 87' lang='lat' dir='ltr'>tanta</span> <span class='ocrx_word' id='word_1_14' title='bbox 1726 251 1799 290; x_wconf 91' lang='lat' dir='ltr'>ini-</span> 
     </span>
     <span class='ocr_line' id='line_1_3' title="bbox 299 307 1799 364; baseline -0.003 -14"><span class='ocrx_word' id='word_1_15' title='bbox 299 311 459 364; x_wconf 87' lang='lat' dir='ltr'>quitate</span> <span class='ocrx_word' id='word_1_16' title='bbox 481 310 557 350; x_wconf 92' lang='lat' dir='ltr'>loci</span> <span class='ocrx_word' id='word_1_17' title='bbox 576 310 701 350; x_wconf 87' lang='lat' dir='ltr'>vestri</span> <span class='ocrx_word' id='word_1_18' title='bbox 723 324 974 362; x_wconf 72' lang='lat' dir='ltr'>caussaeque</span> <span class='ocrx_word' id='word_1_19' title='bbox 995 312 1084 348; x_wconf 89' lang='lat' dir='ltr'>tam</span> <span class='ocrx_word' id='word_1_20' title='bbox 1104 324 1129 348; x_wconf 91' lang='lat' dir='ltr'>a</span> <span class='ocrx_word' id='word_1_21' title='bbox 1150 313 1269 361; x_wconf 83' lang='lat' dir='ltr'>parte</span> <span class='ocrx_word' id='word_1_22' title='bbox 1290 322 1383 347; x_wconf 88' lang='lat' dir='ltr'>mea</span> <span class='ocrx_word' id='word_1_23' title='bbox 1403 307 1658 347; x_wconf 87' lang='lat' dir='ltr'>accusatoris</span> <span class='ocrx_word' id='word_1_24' title='bbox 1675 322 1799 360; x_wconf 89' lang='lat' dir='ltr'>quam</span> 
     </span>
     <span class='ocr_line' id='line_1_4' title="bbox 298 363 1801 420; baseline -0.003 -14"><span class='ocrx_word' id='word_1_25' title='bbox 298 381 324 406; x_wconf 89' lang='lat' dir='ltr'>a</span> <span class='ocrx_word' id='word_1_26' title='bbox 354 371 475 420; x_wconf 90' lang='lat' dir='ltr'>parte</span> <span class='ocrx_word' id='word_1_27' title='bbox 505 366 563 405; x_wconf 90' lang='lat' dir='ltr'>rei</span> <span class='ocrx_word' id='word_1_28' title='bbox 595 372 637 405; x_wconf 87' lang='lat' dir='ltr'>et</span> <span class='ocrx_word' id='word_1_29' title='bbox 667 365 1088 412; x_wconf 78' lang='lat' dir='ltr'>circumstantiarum,</span> <span class='ocrx_word' id='word_1_30' title='bbox 1112 378 1192 417; x_wconf 89' lang='lat' dir='ltr'>quo</span> <span class='ocrx_word' id='word_1_31' title='bbox 1218 364 1400 416; x_wconf 75' lang='lat' dir='ltr'>pertinet</span> <span class='ocrx_word' id='word_1_32' title='bbox 1423 363 1677 403; x_wconf 74' lang='lat' dir='ltr'>diuturnitas</span> <span class='ocrx_word' id='word_1_33' title='bbox 1699 369 1801 402; x_wconf 90' lang='lat' dir='ltr'>tem-</span> 
     </span>
     <span class='ocr_line' id='line_1_5' title="bbox 297 418 1801 475; baseline -0.003 -14"><span class='ocrx_word' id='word_1_34' title='bbox 297 422 409 475; x_wconf 88' lang='lat' dir='ltr'>poris</span> <span class='ocrx_word' id='word_1_35' title='bbox 437 422 546 461; x_wconf 84' lang='lat' dir='ltr'>inter</span> <span class='ocrx_word' id='word_1_36' title='bbox 566 435 653 461; x_wconf 87' lang='lat' dir='ltr'>rem</span> <span class='ocrx_word' id='word_1_37' title='bbox 682 425 846 474; x_wconf 83' lang='lat' dir='ltr'>gestam</span> <span class='ocrx_word' id='word_1_38' title='bbox 876 426 918 460; x_wconf 88' lang='lat' dir='ltr'>et</span> <span class='ocrx_word' id='word_1_39' title='bbox 946 419 1252 460; x_wconf 73' lang='lat' dir='ltr'>accusationem</span> <span class='ocrx_word' id='word_1_40' title='bbox 1273 419 1412 472; x_wconf 86' lang='lat' dir='ltr'>elapsi.</span> <span class='ocrx_word' id='word_1_41' title='bbox 1475 418 1594 458; x_wconf 89' lang='lat' dir='ltr'>Nunc</span> <span class='ocrx_word' id='word_1_42' title='bbox 1615 418 1801 472; x_wconf 84' lang='lat' dir='ltr'>aperiam</span> 
     </span>
     <span class='ocr_line' id='line_1_6' title="bbox 299 474 1801 530; baseline -0.003 -13"><span class='ocrx_word' id='word_1_43' title='bbox 299 477 425 524; x_wconf 88' lang='lat' dir='ltr'>vobis,</span> <span class='ocrx_word' id='word_1_44' title='bbox 456 477 662 530; x_wconf 86' lang='lat' dir='ltr'>quomodo</span> <span class='ocrx_word' id='word_1_45' title='bbox 692 476 791 515; x_wconf 91' lang='lat' dir='ltr'>mihi</span> <span class='ocrx_word' id='word_1_46' title='bbox 818 475 1051 521; x_wconf 87' lang='lat' dir='ltr'>videamini,</span> <span class='ocrx_word' id='word_1_47' title='bbox 1078 476 1202 514; x_wconf 88' lang='lat' dir='ltr'>rebus</span> <span class='ocrx_word' id='word_1_48' title='bbox 1233 474 1289 514; x_wconf 90' lang='lat' dir='ltr'>sic</span> <span class='ocrx_word' id='word_1_49' title='bbox 1322 489 1364 514; x_wconf 87' lang='lat' dir='ltr'>se</span> <span class='ocrx_word' id='word_1_50' title='bbox 1395 474 1656 521; x_wconf 72' lang='lat' dir='ltr'>habentibus,</span> <span class='ocrx_word' id='word_1_51' title='bbox 1681 474 1742 525; x_wconf 86' lang='lat' dir='ltr'>(h.</span> <span class='ocrx_word' id='word_1_52' title='bbox 1767 488 1801 513; x_wconf 87' lang='lat' dir='ltr'>e.</span> 
     </span>
     <span class='ocr_line' id='line_1_7' title="bbox 298 529 1802 573; baseline -0.001 -1"><span class='ocrx_word' id='word_1_53' title='bbox 298 532 466 573; x_wconf 83' lang='lat' dir='ltr'>tametsi</span> <span class='ocrx_word' id='word_1_54' title='bbox 498 532 639 571; x_wconf 88' lang='lat' dir='ltr'>soletis</span> <span class='ocrx_word' id='word_1_55' title='bbox 660 536 871 571; x_wconf 86' lang='lat' dir='ltr'>vetustate</span> <span class='ocrx_word' id='word_1_56' title='bbox 901 531 1124 571; x_wconf 89' lang='lat' dir='ltr'>obliterata</span> <span class='ocrx_word' id='word_1_57' title='bbox 1145 530 1327 570; x_wconf 85' lang='lat' dir='ltr'>oblivisci</span> <span class='ocrx_word' id='word_1_58' title='bbox 1356 536 1430 570; x_wconf 88' lang='lat' dir='ltr'>aut</span> <span class='ocrx_word' id='word_1_59' title='bbox 1458 545 1483 569; x_wconf 89' lang='lat' dir='ltr'>a</span> <span class='ocrx_word' id='word_1_60' title='bbox 1510 529 1738 569; x_wconf 75' lang='lat' dir='ltr'>crebritate</span> <span class='ocrx_word' id='word_1_61' title='bbox 1759 534 1802 570; x_wconf 86' lang='lat' dir='ltr'>et</span> 
     </span>
     <span class='ocr_line' id='line_1_8' title="bbox 295 585 1801 641; baseline -0.003 -13"><span class='ocrx_word' id='word_1_62' title='bbox 295 587 564 628; x_wconf 73' lang='lat' dir='ltr'>assuetudine</span> <span class='ocrx_word' id='word_1_63' title='bbox 594 587 848 641; x_wconf 88' lang='lat' dir='ltr'>flagitiorum</span> <span class='ocrx_word' id='word_1_64' title='bbox 878 587 931 627; x_wconf 89' lang='lat' dir='ltr'>ad</span> <span class='ocrx_word' id='word_1_65' title='bbox 962 592 1175 640; x_wconf 88' lang='lat' dir='ltr'>torporem</span> <span class='ocrx_word' id='word_1_66' title='bbox 1197 586 1403 639; x_wconf 77' lang='lat' dir='ltr'>quendam</span> <span class='ocrx_word' id='word_1_67' title='bbox 1435 585 1627 636; x_wconf 84' lang='lat' dir='ltr'>remitti,)</span> <span class='ocrx_word' id='word_1_68' title='bbox 1658 585 1801 624; x_wconf 92' lang='lat' dir='ltr'>nihilo-</span> 
     </span>
     <span class='ocr_line' id='line_1_9' title="bbox 297 641 1801 695; baseline -0.001 -12"><span class='ocrx_word' id='word_1_69' title='bbox 297 643 432 683; x_wconf 88' lang='lat' dir='ltr'>minus</span> <span class='ocrx_word' id='word_1_70' title='bbox 465 648 606 683; x_wconf 89' lang='lat' dir='ltr'>tamen</span> <span class='ocrx_word' id='word_1_71' title='bbox 640 648 682 683; x_wconf 87' lang='lat' dir='ltr'>et</span> <span class='ocrx_word' id='word_1_72' title='bbox 712 643 931 683; x_wconf 87' lang='lat' dir='ltr'>veritatem</span> <span class='ocrx_word' id='word_1_73' title='bbox 970 643 1093 695; x_wconf 84' lang='lat' dir='ltr'>hujus</span> <span class='ocrx_word' id='word_1_74' title='bbox 1134 656 1304 681; x_wconf 76' lang='lat' dir='ltr'>caussae</span> <span class='ocrx_word' id='word_1_75' title='bbox 1342 641 1601 694; x_wconf 84' lang='lat' dir='ltr'>perspecturi</span> <span class='ocrx_word' id='word_1_76' title='bbox 1634 655 1723 680; x_wconf 88' lang='lat' dir='ltr'>esse</span> <span class='ocrx_word' id='word_1_77' title='bbox 1758 646 1801 681; x_wconf 89' lang='lat' dir='ltr'>et</span> 
     </span>
     <span class='ocr_line' id='line_1_10' title="bbox 295 696 1801 752; baseline -0.001 -14"><span class='ocrx_word' id='word_1_78' title='bbox 295 713 471 752; x_wconf 85' lang='lat' dir='ltr'>aequam</span> <span class='ocrx_word' id='word_1_79' title='bbox 510 713 732 752; x_wconf 84' lang='lat' dir='ltr'>veramque</span> <span class='ocrx_word' id='word_1_80' title='bbox 772 698 923 738; x_wconf 88' lang='lat' dir='ltr'>dicturi</span> <span class='ocrx_word' id='word_1_81' title='bbox 973 698 1236 738; x_wconf 84' lang='lat' dir='ltr'>sententiam.</span> <span class='ocrx_word' id='word_1_82' title='bbox 1282 697 1478 736; x_wconf 79' lang='lat' dir='ltr'>REISK.</span> <span class='ocrx_word' id='word_1_83' title='bbox 1546 696 1594 735; x_wconf 84' lang='lat' dir='ltr'>V.</span> <span class='ocrx_word' id='word_1_84' title='bbox 1626 702 1712 736; x_wconf 83' lang='lat' dir='ltr'>not.</span> <span class='ocrx_word' id='word_1_85' title='bbox 1747 697 1801 736; x_wconf 87' lang='lat' dir='ltr'>ad</span> 
     </span>
     <span class='ocr_line' id='line_1_11' title="bbox 299 754 1144 808; baseline -0.002 -14"><span class='ocrx_word' id='word_1_86' title='bbox 299 755 489 808; x_wconf 85' lang='lat' dir='ltr'>Sophocl.</span> <span class='ocrx_word' id='word_1_87' title='bbox 510 754 703 795; x_wconf 83' lang='lat' dir='ltr'>Trachin.</span> <span class='ocrx_word' id='word_1_88' title='bbox 724 768 735 793; x_wconf 90' lang='grc'>1</span> <span class='ocrx_word' id='word_1_89' title='bbox 753 768 766 793; x_wconf 92' lang='lat'>1</span> <span class='ocrx_word' id='word_1_90' title='bbox 782 768 795 793; x_wconf 89' lang='lat'><em>1</em></span> <span class='ocrx_word' id='word_1_91' title='bbox 810 768 841 794; x_wconf 87' lang='lat'>1.</span> <span class='ocrx_word' id='word_1_92' title='bbox 886 755 1144 794; x_wconf 83' lang='lat' dir='ltr'>SCHAEF.</span> 
     </span>
    </p>

    <p class='ocr_par' dir='ltr' id='par_1_3' title="bbox 296 807 1801 1141">
     <span class='ocr_line' id='line_1_12' title="bbox 353 807 1797 864; baseline -0.004 -12"><span class='ocrx_word' id='word_1_93' title='bbox 353 823 449 864; x_wconf 82' lang='grc'>342,</span> <span class='ocrx_word' id='word_1_94' title='bbox 470 823 530 863; x_wconf 85' lang='grc'>13.</span> <span class='ocrx_word' id='word_1_95' title='bbox 555 812 589 851; x_wconf 83' lang='grc' dir='ltr'>εἶ</span> <span class='ocrx_word' id='word_1_96' title='bbox 609 810 831 861; x_wconf 80' lang='grc' dir='ltr'>σκέψαισθε</span> <span class='ocrx_word' id='word_1_97' title='bbox 853 827 884 849; x_wconf 92' lang='grc' dir='ltr'>κ.</span> <span class='ocrx_word' id='word_1_98' title='bbox 903 827 935 849; x_wconf 94' lang='grc' dir='ltr'>τ.</span> <span class='ocrx_word' id='word_1_99' title='bbox 955 809 1015 863; x_wconf 87' lang='grc' dir='ltr'>λ.]</span> <span class='ocrx_word' id='word_1_100' title='bbox 1051 810 1206 849; x_wconf 87' lang='lat' dir='ltr'>Locum</span> <span class='ocrx_word' id='word_1_101' title='bbox 1237 809 1345 848; x_wconf 87' lang='lat' dir='ltr'>hunc</span> <span class='ocrx_word' id='word_1_102' title='bbox 1376 808 1481 848; x_wconf 87' lang='lat' dir='ltr'>citat</span> <span class='ocrx_word' id='word_1_103' title='bbox 1511 807 1797 861; x_wconf 83' lang='lat' dir='ltr'>Hermogenes</span> 
     </span>
     <span class='ocr_line' id='line_1_13' title="bbox 296 863 1801 920; baseline -0.003 -14"><span class='ocrx_word' id='word_1_104' title='bbox 296 881 336 920; x_wconf 90' lang='lat' dir='ltr'>p.</span> <span class='ocrx_word' id='word_1_105' title='bbox 360 878 449 919; x_wconf 90' lang='grc'>132.</span> <span class='ocrx_word' id='word_1_106' title='bbox 468 871 511 906; x_wconf 91' lang='lat' dir='ltr'>et</span> <span class='ocrx_word' id='word_1_107' title='bbox 534 878 627 920; x_wconf 88' lang='grc'>230,</span> <span class='ocrx_word' id='word_1_108' title='bbox 649 866 705 906; x_wconf 92' lang='lat' dir='ltr'>ibi</span> <span class='ocrx_word' id='word_1_109' title='bbox 728 866 769 905; x_wconf 92' lang='lat' dir='ltr'>in</span> <span class='ocrx_word' id='word_1_110' title='bbox 791 866 928 919; x_wconf 84' lang='lat' dir='ltr'>capite</span> <span class='ocrx_word' id='word_1_111' title='bbox 950 867 1036 916; x_wconf 83' lang='grc' dir='ltr'>περὶ</span> <span class='ocrx_word' id='word_1_112' title='bbox 1056 867 1381 916; x_wconf 83' lang='grc' dir='ltr'>προκατασκευῆς,</span> <span class='ocrx_word' id='word_1_113' title='bbox 1405 863 1470 903; x_wconf 86' lang='lat' dir='ltr'>hic</span> <span class='ocrx_word' id='word_1_114' title='bbox 1492 863 1532 902; x_wconf 91' lang='lat' dir='ltr'>in</span> <span class='ocrx_word' id='word_1_115' title='bbox 1554 863 1691 916; x_wconf 86' lang='lat' dir='ltr'>capite</span> <span class='ocrx_word' id='word_1_116' title='bbox 1712 864 1801 913; x_wconf 85' lang='grc' dir='ltr'>περὶ</span> 
     </span>
     <span class='ocr_line' id='line_1_14' title="bbox 297 919 1799 974; baseline -0.002 -13"><span class='ocrx_word' id='word_1_117' title='bbox 297 922 520 972; x_wconf 84' lang='grc' dir='ltr'>εὐκρινείας.</span> <span class='ocrx_word' id='word_1_118' title='bbox 583 922 690 961; x_wconf 87' lang='lat' dir='ltr'>Item</span> <span class='ocrx_word' id='word_1_119' title='bbox 714 922 923 961; x_wconf 82' lang='lat' dir='ltr'>Aristides</span> <span class='ocrx_word' id='word_1_120' title='bbox 944 936 982 974; x_wconf 88' lang='lat' dir='ltr'>p.</span> <span class='ocrx_word' id='word_1_121' title='bbox 1004 922 1109 967; x_wconf 78' lang='grc'>228,</span> <span class='ocrx_word' id='word_1_122' title='bbox 1133 921 1248 973; x_wconf 84' lang='lat' dir='ltr'>cujus</span> <span class='ocrx_word' id='word_1_123' title='bbox 1269 920 1370 959; x_wconf 84' lang='lat' dir='ltr'>haec</span> <span class='ocrx_word' id='word_1_124' title='bbox 1392 924 1489 959; x_wconf 89' lang='lat' dir='ltr'>sunt</span> <span class='ocrx_word' id='word_1_125' title='bbox 1511 919 1659 959; x_wconf 85' lang='lat' dir='ltr'>verba:</span> <span class='ocrx_word' id='word_1_126' title='bbox 1696 935 1799 969; x_wconf 89' lang='grc' dir='ltr'>περι-</span> 
     </span>
     <span class='ocr_line' id='line_1_15' title="bbox 296 975 1801 1030; baseline -0.003 -14"><span class='ocrx_word' id='word_1_127' title='bbox 296 980 422 1026; x_wconf 85' lang='grc' dir='ltr'>βολῆς</span> <span class='ocrx_word' id='word_1_128' title='bbox 450 979 491 1017; x_wconf 80' lang='grc' dir='ltr'>δὲ</span> <span class='ocrx_word' id='word_1_129' title='bbox 517 980 648 1030; x_wconf 79' lang='grc' dir='ltr'>σχῆμα</span> <span class='ocrx_word' id='word_1_130' title='bbox 676 978 736 1017; x_wconf 84' lang='grc' dir='ltr'>καὶ</span> <span class='ocrx_word' id='word_1_131' title='bbox 765 978 807 1016; x_wconf 83' lang='grc' dir='ltr'>τὸ</span> <span class='ocrx_word' id='word_1_132' title='bbox 838 976 914 1016; x_wconf 81' lang='grc' dir='ltr'>κατ’</span> <span class='ocrx_word' id='word_1_133' title='bbox 938 978 1213 1027; x_wconf 81' lang='grc' dir='ltr'>ἀπαρίθμησιν.</span> <span class='ocrx_word' id='word_1_134' title='bbox 1263 975 1507 1026; x_wconf 84' lang='grc' dir='ltr'>παράδειγμα</span> <span class='ocrx_word' id='word_1_135' title='bbox 1535 977 1575 1014; x_wconf 81' lang='grc' dir='ltr'>δὲ</span> <span class='ocrx_word' id='word_1_136' title='bbox 1602 975 1735 1013; x_wconf 85' lang='grc' dir='ltr'>τούτου</span> <span class='ocrx_word' id='word_1_137' title='bbox 1758 975 1801 1013; x_wconf 89' lang='grc' dir='ltr'>ἐν</span> 
     </span>
     <span class='ocr_line' id='line_1_16' title="bbox 296 1029 1801 1087; baseline -0.001 -16"><span class='ocrx_word' id='word_1_138' title='bbox 296 1034 346 1087; x_wconf 70' lang='grc' dir='ltr'>τῷ</span> <span class='ocrx_word' id='word_1_139' title='bbox 374 1036 440 1082; x_wconf 84' lang='grc' dir='ltr'>τῆς</span> <span class='ocrx_word' id='word_1_140' title='bbox 469 1034 800 1084; x_wconf 75' lang='grc' dir='ltr'>παραπρεσβείας,</span> <span class='ocrx_word' id='word_1_141' title='bbox 833 1034 928 1072; x_wconf 86' lang='grc' dir='ltr'>ὅπου</span> <span class='ocrx_word' id='word_1_142' title='bbox 960 1032 1081 1083; x_wconf 80' lang='grc' dir='ltr'>λέγει·</span> <span class='ocrx_word' id='word_1_143' title='bbox 1118 1033 1204 1071; x_wconf 89' lang='grc' dir='ltr'>τίνα</span> <span class='ocrx_word' id='word_1_144' title='bbox 1235 1031 1340 1084; x_wconf 82' lang='lat' dir='ltr'>[cod.</span> <span class='ocrx_word' id='word_1_145' title='bbox 1362 1030 1545 1070; x_wconf 86' lang='lat' dir='ltr'>Vindob.</span> <span class='ocrx_word' id='word_1_146' title='bbox 1570 1029 1700 1082; x_wconf 89' lang='grc' dir='ltr'>τίνων]</span> <span class='ocrx_word' id='word_1_147' title='bbox 1733 1030 1801 1069; x_wconf 69' lang='grc' dir='ltr'>οὖν</span> 
     </span>
     <span class='ocr_line' id='line_1_17' title="bbox 296 1086 1400 1141; baseline -0.003 -13"><span class='ocrx_word' id='word_1_148' title='bbox 296 1089 371 1141; x_wconf 79' lang='grc' dir='ltr'>χρὴ</span> <span class='ocrx_word' id='word_1_149' title='bbox 391 1091 496 1140; x_wconf 80' lang='grc' dir='ltr'>παρὰ</span> <span class='ocrx_word' id='word_1_150' title='bbox 517 1092 761 1140; x_wconf 81' lang='grc' dir='ltr'>πρεσβευτοῦ</span> <span class='ocrx_word' id='word_1_151' title='bbox 781 1090 904 1139; x_wconf 89' lang='grc' dir='ltr'>λόγον</span> <span class='ocrx_word' id='word_1_152' title='bbox 925 1092 1069 1138; x_wconf 90' lang='grc' dir='ltr'>λαβεῖν</span> <span class='ocrx_word' id='word_1_153' title='bbox 1086 1092 1164 1127; x_wconf 82' lang='lat' dir='ltr'>etc.</span> <span class='ocrx_word' id='word_1_154' title='bbox 1209 1086 1400 1126; x_wconf 80' lang='lat' dir='ltr'>REISK.</span> 
     </span>
    </p>

    <p class='ocr_par' dir='ltr' id='par_1_4' title="bbox 295 1141 1801 1644">
     <span class='ocr_line' id='line_1_18' title="bbox 357 1141 1801 1197; baseline -0.003 -13"><span class='ocrx_word' id='word_1_155' title='bbox 357 1156 453 1197; x_wconf 79' lang='lat'>342,</span> <span class='ocrx_word' id='word_1_156' title='bbox 478 1146 539 1184; x_wconf 78' lang='lat'>16.</span> <span class='ocrx_word' id='word_1_157' title='bbox 573 1148 724 1195; x_wconf 78' lang='grc' dir='ltr'>πρῶτον</span> <span class='ocrx_word' id='word_1_158' title='bbox 756 1146 829 1194; x_wconf 78' lang='grc' dir='ltr'>μὲν</span> <span class='ocrx_word' id='word_1_159' title='bbox 859 1145 989 1183; x_wconf 80' lang='grc' dir='ltr'>τοίνυν</span> <span class='ocrx_word' id='word_1_160' title='bbox 1017 1162 1049 1183; x_wconf 90' lang='grc' dir='ltr'>κ.</span> <span class='ocrx_word' id='word_1_161' title='bbox 1071 1160 1103 1182; x_wconf 89' lang='grc' dir='ltr'>τ.</span> <span class='ocrx_word' id='word_1_162' title='bbox 1126 1144 1182 1196; x_wconf 85' lang='grc' dir='ltr'>λ.]</span> <span class='ocrx_word' id='word_1_163' title='bbox 1228 1143 1357 1182; x_wconf 82' lang='lat' dir='ltr'>Forte</span> <span class='ocrx_word' id='word_1_164' title='bbox 1390 1142 1444 1181; x_wconf 75' lang='lat' dir='ltr'>sit</span> <span class='ocrx_word' id='word_1_165' title='bbox 1475 1141 1539 1181; x_wconf 82' lang='grc' dir='ltr'>01ιὶ</span> <span class='ocrx_word' id='word_1_166' title='bbox 1573 1141 1801 1195; x_wconf 81' lang='lat' dir='ltr'>elegantius</span> 
     </span>
     <span class='ocr_line' id='line_1_19' title="bbox 296 1197 1792 1254; baseline -0.002 -16"><span class='ocrx_word' id='word_1_167' title='bbox 296 1199 487 1240; x_wconf 86' lang='lat' dir='ltr'>videatur</span> <span class='ocrx_word' id='word_1_168' title='bbox 507 1200 664 1240; x_wconf 88' lang='lat' dir='ltr'>dictum</span> <span class='ocrx_word' id='word_1_169' title='bbox 685 1200 726 1239; x_wconf 89' lang='lat' dir='ltr'>in</span> <span class='ocrx_word' id='word_1_170' title='bbox 746 1199 930 1254; x_wconf 86' lang='lat' dir='ltr'>genitivo</span> <span class='ocrx_word' id='word_1_171' title='bbox 956 1199 1101 1252; x_wconf 82' lang='lat' dir='ltr'>plurali</span> <span class='ocrx_word' id='word_1_172' title='bbox 1129 1200 1289 1249; x_wconf 86' lang='grc' dir='ltr'>πρώτων</span> <span class='ocrx_word' id='word_1_173' title='bbox 1310 1204 1352 1238; x_wconf 88' lang='lat' dir='ltr'>et</span> <span class='ocrx_word' id='word_1_174' title='bbox 1374 1197 1561 1248; x_wconf 83' lang='grc' dir='ltr'>δευτέρων</span> <span class='ocrx_word' id='word_1_175' title='bbox 1582 1201 1624 1236; x_wconf 87' lang='lat' dir='ltr'>et</span> <span class='ocrx_word' id='word_1_176' title='bbox 1645 1198 1792 1247; x_wconf 83' lang='grc' dir='ltr'>τρίτων.</span> 
     </span>
     <span class='ocr_line' id='line_1_20' title="bbox 298 1252 1800 1310; baseline -0.002 -16"><span class='ocrx_word' id='word_1_177' title='bbox 298 1256 388 1310; x_wconf 89' lang='lat' dir='ltr'>Ego</span> <span class='ocrx_word' id='word_1_178' title='bbox 414 1270 510 1295; x_wconf 90' lang='lat' dir='ltr'>vero</span> <span class='ocrx_word' id='word_1_179' title='bbox 531 1256 742 1310; x_wconf 79' lang='lat' dir='ltr'>vulgatam</span> <span class='ocrx_word' id='word_1_180' title='bbox 772 1256 884 1295; x_wconf 87' lang='lat' dir='ltr'>haud</span> <span class='ocrx_word' id='word_1_181' title='bbox 914 1255 1184 1308; x_wconf 85' lang='lat' dir='ltr'>reprehendo.</span> <span class='ocrx_word' id='word_1_182' title='bbox 1249 1253 1503 1293; x_wconf 84' lang='lat' dir='ltr'>Scholiastes</span> <span class='ocrx_word' id='word_1_183' title='bbox 1525 1252 1800 1306; x_wconf 80' lang='lat' dir='ltr'>Hermogenis</span> 
     </span>
     <span class='ocr_line' id='line_1_21' title="bbox 295 1308 1800 1365; baseline -0.003 -14"><span class='ocrx_word' id='word_1_184' title='bbox 295 1326 334 1364; x_wconf 87' lang='lat' dir='ltr'>p.</span> <span class='ocrx_word' id='word_1_185' title='bbox 362 1313 458 1364; x_wconf 87' lang='grc'>388,</span> <span class='ocrx_word' id='word_1_186' title='bbox 482 1314 520 1351; x_wconf 92' lang='lat'>6.</span> <span class='ocrx_word' id='word_1_187' title='bbox 553 1312 606 1352; x_wconf 90' lang='lat' dir='ltr'>ad</span> <span class='ocrx_word' id='word_1_188' title='bbox 640 1312 722 1352; x_wconf 87' lang='lat' dir='ltr'>ista</span> <span class='ocrx_word' id='word_1_189' title='bbox 755 1311 1043 1365; x_wconf 74' lang='lat' dir='ltr'>Hermogenis,</span> <span class='ocrx_word' id='word_1_190' title='bbox 1077 1312 1137 1350; x_wconf 85' lang='grc' dir='ltr'>καὶ</span> <span class='ocrx_word' id='word_1_191' title='bbox 1171 1309 1410 1360; x_wconf 84' lang='grc' dir='ltr'>ἀναστρέφει</span> <span class='ocrx_word' id='word_1_192' title='bbox 1442 1309 1511 1358; x_wconf 77' lang='grc' dir='ltr'>τὴν</span> <span class='ocrx_word' id='word_1_193' title='bbox 1544 1308 1664 1357; x_wconf 77' lang='grc' dir='ltr'>τάξιν,</span> <span class='ocrx_word' id='word_1_194' title='bbox 1699 1308 1800 1348; x_wconf 85' lang='lat' dir='ltr'>haec</span> 
     </span>
     <span class='ocr_line' id='line_1_22' title="bbox 295 1364 1800 1419; baseline -0.003 -12"><span class='ocrx_word' id='word_1_195' title='bbox 295 1368 447 1407; x_wconf 76' lang='lat' dir='ltr'>habet:</span> <span class='ocrx_word' id='word_1_196' title='bbox 482 1368 558 1407; x_wconf 81' lang='grc' dir='ltr'>ἔδει</span> <span class='ocrx_word' id='word_1_197' title='bbox 588 1370 662 1419; x_wconf 82' lang='grc' dir='ltr'>γὰρ</span> <span class='ocrx_word' id='word_1_198' title='bbox 692 1370 825 1407; x_wconf 83' lang='grc' dir='ltr'>εἰπεῖν·</span> <span class='ocrx_word' id='word_1_199' title='bbox 858 1371 1008 1418; x_wconf 85' lang='grc' dir='ltr'>πρῶτον</span> <span class='ocrx_word' id='word_1_200' title='bbox 1032 1368 1104 1416; x_wconf 78' lang='grc' dir='ltr'>μὲν</span> <span class='ocrx_word' id='word_1_201' title='bbox 1125 1368 1178 1406; x_wconf 79' lang='grc' dir='ltr'>ὧν</span> <span class='ocrx_word' id='word_1_202' title='bbox 1198 1366 1476 1417; x_wconf 71' lang='grc' dir='ltr'>προσετάξατε,</span> <span class='ocrx_word' id='word_1_203' title='bbox 1507 1364 1588 1404; x_wconf 77' lang='grc' dir='ltr'>εἶτα</span> <span class='ocrx_word' id='word_1_204' title='bbox 1619 1365 1671 1403; x_wconf 78' lang='grc' dir='ltr'>ὧν</span> <span class='ocrx_word' id='word_1_205' title='bbox 1698 1364 1800 1403; x_wconf 79' lang='grc' dir='ltr'>ἕπει-</span> 
     </span>
     <span class='ocr_line' id='line_1_23' title="bbox 295 1421 1801 1475; baseline -0.003 -13"><span class='ocrx_word' id='word_1_206' title='bbox 295 1440 379 1469; x_wconf 84' lang='grc' dir='ltr'>σεν,</span> <span class='ocrx_word' id='word_1_207' title='bbox 409 1423 490 1463; x_wconf 76' lang='grc' dir='ltr'>εἶτα</span> <span class='ocrx_word' id='word_1_208' title='bbox 521 1426 574 1463; x_wconf 78' lang='grc' dir='ltr'>ὧν</span> <span class='ocrx_word' id='word_1_209' title='bbox 605 1424 856 1475; x_wconf 86' lang='grc' dir='ltr'>ἀπήγγειλεν.</span> <span class='ocrx_word' id='word_1_210' title='bbox 902 1424 995 1462; x_wconf 86' lang='grc' dir='ltr'>ἀλλ’</span> <span class='ocrx_word' id='word_1_211' title='bbox 1020 1423 1150 1472; x_wconf 73' lang='grc' dir='ltr'>ἐπειδὴ</span> <span class='ocrx_word' id='word_1_212' title='bbox 1180 1425 1291 1461; x_wconf 84' lang='grc' dir='ltr'>τοῦτο</span> <span class='ocrx_word' id='word_1_213' title='bbox 1322 1421 1509 1472; x_wconf 82' lang='grc' dir='ltr'>μέγιστον</span> <span class='ocrx_word' id='word_1_214' title='bbox 1538 1424 1704 1459; x_wconf 86' lang='grc' dir='ltr'>ποιεῖται</span> <span class='ocrx_word' id='word_1_215' title='bbox 1734 1423 1801 1458; x_wconf 86' lang='grc' dir='ltr'>τοῦ</span> 
     </span>
     <span class='ocr_line' id='line_1_24' title="bbox 295 1475 1801 1530; baseline -0.003 -12"><span class='ocrx_word' id='word_1_216' title='bbox 295 1479 535 1530; x_wconf 80' lang='grc' dir='ltr'>ἐγκλήματος</span> <span class='ocrx_word' id='word_1_217' title='bbox 570 1484 745 1529; x_wconf 83' lang='grc' dir='ltr'>σημεῖον,</span> <span class='ocrx_word' id='word_1_218' title='bbox 783 1479 825 1518; x_wconf 84' lang='grc' dir='ltr'>τὸ</span> <span class='ocrx_word' id='word_1_219' title='bbox 862 1481 908 1518; x_wconf 82' lang='grc' dir='ltr'>τὰ</span> <span class='ocrx_word' id='word_1_220' title='bbox 940 1481 1067 1530; x_wconf 78' lang='grc' dir='ltr'>ψευδῆ</span> <span class='ocrx_word' id='word_1_221' title='bbox 1103 1479 1342 1528; x_wconf 85' lang='grc' dir='ltr'>ἀπαγγεῖλαι</span> <span class='ocrx_word' id='word_1_222' title='bbox 1373 1480 1452 1518; x_wconf 83' lang='grc' dir='ltr'>τοῖς</span> <span class='ocrx_word' id='word_1_223' title='bbox 1477 1475 1710 1524; x_wconf 79' lang='grc' dir='ltr'>Ἀθηναίοις,</span> <span class='ocrx_word' id='word_1_224' title='bbox 1743 1475 1801 1514; x_wconf 82' lang='grc' dir='ltr'>ὅτι</span> 
     </span>
     <span class='ocr_line' id='line_1_25' title="bbox 295 1532 1800 1584; baseline -0.002 -11"><span class='ocrx_word' id='word_1_225' title='bbox 295 1535 541 1584; x_wconf 85' lang='grc' dir='ltr'>σωθήσονται</span> <span class='ocrx_word' id='word_1_226' title='bbox 562 1539 723 1580; x_wconf 82' lang='grc' dir='ltr'>Φωκεῖς,</span> <span class='ocrx_word' id='word_1_227' title='bbox 748 1535 985 1573; x_wconf 83' lang='grc' dir='ltr'>ἀπολοῦνται</span> <span class='ocrx_word' id='word_1_228' title='bbox 1016 1535 1054 1573; x_wconf 83' lang='grc' dir='ltr'>δὲ</span> <span class='ocrx_word' id='word_1_229' title='bbox 1080 1537 1266 1583; x_wconf 82' lang='grc' dir='ltr'>Θηβαῖοι,</span> <span class='ocrx_word' id='word_1_230' title='bbox 1290 1535 1351 1572; x_wconf 83' lang='grc' dir='ltr'>διὰ</span> <span class='ocrx_word' id='word_1_231' title='bbox 1381 1535 1489 1571; x_wconf 81' lang='grc' dir='ltr'>τοῦτο</span> <span class='ocrx_word' id='word_1_232' title='bbox 1513 1534 1580 1570; x_wconf 83' lang='grc' dir='ltr'>τοῦ</span> <span class='ocrx_word' id='word_1_233' title='bbox 1610 1532 1800 1582; x_wconf 81' lang='grc' dir='ltr'>χρησίμου</span> 
     </span>
     <span class='ocr_line' id='line_1_26' title="bbox 298 1586 1674 1644; baseline -0.003 -15"><span class='ocrx_word' id='word_1_234' title='bbox 298 1590 431 1630; x_wconf 77' lang='grc' dir='ltr'>ἕνεκεν</span> <span class='ocrx_word' id='word_1_235' title='bbox 453 1590 664 1641; x_wconf 75' lang='grc' dir='ltr'>προέταξεν</span> <span class='ocrx_word' id='word_1_236' title='bbox 685 1590 776 1629; x_wconf 80' lang='grc' dir='ltr'>αὐτὸ</span> <span class='ocrx_word' id='word_1_237' title='bbox 799 1590 860 1629; x_wconf 85' lang='grc' dir='ltr'>καὶ</span> <span class='ocrx_word' id='word_1_238' title='bbox 883 1592 925 1644; x_wconf 83' lang='grc' dir='ltr'>τῇ</span> <span class='ocrx_word' id='word_1_239' title='bbox 948 1590 1082 1642; x_wconf 76' lang='grc' dir='ltr'>ἀταξίᾳ</span> <span class='ocrx_word' id='word_1_240' title='bbox 1103 1589 1208 1638; x_wconf 75' lang='grc' dir='ltr'>τάξει</span> <span class='ocrx_word' id='word_1_241' title='bbox 1230 1588 1438 1639; x_wconf 82' lang='grc' dir='ltr'>ἐχρήσατο.</span> <span class='ocrx_word' id='word_1_242' title='bbox 1481 1586 1674 1626; x_wconf 83' lang='lat' dir='ltr'>REISK.</span> 
     </span>
    </p>

    <p class='ocr_par' dir='ltr' id='par_1_5' title="bbox 292 1641 1799 1922">
     <span class='ocr_line' id='line_1_27' title="bbox 351 1641 1796 1698; baseline -0.005 -12"><span class='ocrx_word' id='word_1_243' title='bbox 351 1658 446 1698; x_wconf 82' lang='lat'>342,</span> <span class='ocrx_word' id='word_1_244' title='bbox 473 1659 538 1688; x_wconf 83' lang='lat'>21.</span> <span class='ocrx_word' id='word_1_245' title='bbox 571 1647 705 1696; x_wconf 83' lang='grc' dir='ltr'>ὀρθῶς,</span> <span class='ocrx_word' id='word_1_246' title='bbox 729 1649 825 1698; x_wconf 89' lang='lat' dir='ltr'>post</span> <span class='ocrx_word' id='word_1_247' title='bbox 856 1645 1090 1695; x_wconf 84' lang='grc' dir='ltr'>πραγμάτων</span> <span class='ocrx_word' id='word_1_248' title='bbox 1111 1644 1233 1697; x_wconf 84' lang='lat' dir='ltr'>vulgo</span> <span class='ocrx_word' id='word_1_249' title='bbox 1264 1644 1429 1691; x_wconf 77' lang='lat' dir='ltr'>lectum,</span> <span class='ocrx_word' id='word_1_250' title='bbox 1452 1641 1592 1681; x_wconf 91' lang='lat' dir='ltr'>omisit</span> <span class='ocrx_word' id='word_1_251' title='bbox 1618 1641 1796 1680; x_wconf 87' lang='lat' dir='ltr'>Bekker.</span> 
     </span>
     <span class='ocr_line' id='line_1_28' title="bbox 294 1697 1799 1742; baseline -0.003 -3"><span class='ocrx_word' id='word_1_252' title='bbox 294 1700 418 1740; x_wconf 89' lang='lat' dir='ltr'>fidem</span> <span class='ocrx_word' id='word_1_253' title='bbox 449 1706 615 1742; x_wconf 83' lang='lat' dir='ltr'>secutus</span> <span class='ocrx_word' id='word_1_254' title='bbox 647 1701 821 1740; x_wconf 89' lang='lat' dir='ltr'>duorum</span> <span class='ocrx_word' id='word_1_255' title='bbox 852 1700 1065 1740; x_wconf 90' lang='lat' dir='ltr'>librorum.</span> <span class='ocrx_word' id='word_1_256' title='bbox 1129 1700 1272 1739; x_wconf 87' lang='lat' dir='ltr'>Recte.</span> <span class='ocrx_word' id='word_1_257' title='bbox 1335 1699 1429 1738; x_wconf 89' lang='lat' dir='ltr'>Hoc</span> <span class='ocrx_word' id='word_1_258' title='bbox 1462 1697 1570 1737; x_wconf 88' lang='lat' dir='ltr'>enim</span> <span class='ocrx_word' id='word_1_259' title='bbox 1591 1697 1678 1736; x_wconf 86' lang='lat' dir='ltr'>vult</span> <span class='ocrx_word' id='word_1_260' title='bbox 1709 1711 1799 1736; x_wconf 88' lang='lat' dir='ltr'>ora-</span> 
     </span>
     <span class='ocr_line' id='line_1_29' title="bbox 294 1752 1796 1809; baseline -0.003 -13"><span class='ocrx_word' id='word_1_261' title='bbox 294 1761 385 1796; x_wconf 86' lang='lat' dir='ltr'>tor:</span> <span class='ocrx_word' id='word_1_262' title='bbox 422 1757 600 1796; x_wconf 89' lang='lat' dir='ltr'>Omnino</span> <span class='ocrx_word' id='word_1_263' title='bbox 631 1755 882 1797; x_wconf 83' lang='lat' dir='ltr'>consultatio</span> <span class='ocrx_word' id='word_1_264' title='bbox 913 1756 964 1795; x_wconf 92' lang='lat' dir='ltr'>de</span> <span class='ocrx_word' id='word_1_265' title='bbox 995 1756 1118 1795; x_wconf 89' lang='lat' dir='ltr'>rebus</span> <span class='ocrx_word' id='word_1_266' title='bbox 1155 1754 1346 1809; x_wconf 84' lang='lat' dir='ltr'>gerendis</span> <span class='ocrx_word' id='word_1_267' title='bbox 1381 1754 1535 1807; x_wconf 89' lang='lat' dir='ltr'>pendet</span> <span class='ocrx_word' id='word_1_268' title='bbox 1565 1767 1586 1792; x_wconf 88' lang='lat' dir='ltr'>e</span> <span class='ocrx_word' id='word_1_269' title='bbox 1616 1752 1796 1792; x_wconf 90' lang='lat' dir='ltr'>nuntiis:</span> 
     </span>
     <span class='ocr_line' id='line_1_30' title="bbox 294 1809 1799 1865; baseline -0.003 -14"><span class='ocrx_word' id='word_1_270' title='bbox 294 1812 363 1865; x_wconf 89' lang='lat' dir='ltr'>qui</span> <span class='ocrx_word' id='word_1_271' title='bbox 387 1812 419 1851; x_wconf 90' lang='lat' dir='ltr'>si</span> <span class='ocrx_word' id='word_1_272' title='bbox 442 1812 525 1852; x_wconf 88' lang='lat' dir='ltr'>veri</span> <span class='ocrx_word' id='word_1_273' title='bbox 548 1817 659 1862; x_wconf 89' lang='lat' dir='ltr'>sunt,</span> <span class='ocrx_word' id='word_1_274' title='bbox 677 1817 789 1852; x_wconf 89' lang='lat' dir='ltr'>recte</span> <span class='ocrx_word' id='word_1_275' title='bbox 812 1812 1098 1858; x_wconf 68' lang='lat' dir='ltr'>consultatur-3</span> <span class='ocrx_word' id='word_1_276' title='bbox 1135 1825 1264 1859; x_wconf 78' lang='lat' dir='ltr'>secus,</span> <span class='ocrx_word' id='word_1_277' title='bbox 1287 1810 1320 1849; x_wconf 92' lang='lat' dir='ltr'>si</span> <span class='ocrx_word' id='word_1_278' title='bbox 1342 1809 1446 1850; x_wconf 84' lang='lat' dir='ltr'>falsi.</span> <span class='ocrx_word' id='word_1_279' title='bbox 1510 1809 1673 1848; x_wconf 85' lang='lat' dir='ltr'>Docent</span> <span class='ocrx_word' id='word_1_280' title='bbox 1694 1822 1799 1861; x_wconf 87' lang='lat' dir='ltr'>quae</span> 
     </span>
     <span class='ocr_line' id='line_1_31' title="bbox 292 1867 1049 1922; baseline -0.001 -15"><span class='ocrx_word' id='word_1_281' title='bbox 292 1867 479 1921; x_wconf 87' lang='lat' dir='ltr'>proxime</span> <span class='ocrx_word' id='word_1_282' title='bbox 501 1873 744 1922; x_wconf 87' lang='lat' dir='ltr'>sequuntur.</span> <span class='ocrx_word' id='word_1_283' title='bbox 791 1868 1049 1908; x_wconf 81' lang='lat' dir='ltr'>SCHAEF.</span> 
     </span>
    </p>

    <p class='ocr_par' dir='ltr' id='par_1_6' title="bbox 290 1919 1798 2144">
     <span class='ocr_line' id='line_1_32' title="bbox 347 1919 1797 1977; baseline -0.004 -13"><span class='ocrx_word' id='word_1_284' title='bbox 347 1936 443 1977; x_wconf 80' lang='grc'>342,</span> <span class='ocrx_word' id='word_1_285' title='bbox 470 1937 533 1976; x_wconf 88' lang='grc'>27.</span> <span class='ocrx_word' id='word_1_286' title='bbox 559 1925 620 1964; x_wconf 86' lang='grc' dir='ltr'>καὶ</span> <span class='ocrx_word' id='word_1_287' title='bbox 639 1925 716 1975; x_wconf 78' lang='grc' dir='ltr'>μὴν</span> <span class='ocrx_word' id='word_1_288' title='bbox 728 1923 803 1977; x_wconf 83' lang='grc'>-]</span> <span class='ocrx_word' id='word_1_289' title='bbox 838 1923 993 1963; x_wconf 85' lang='lat' dir='ltr'>Verte:</span> <span class='ocrx_word' id='word_1_290' title='bbox 1028 1923 1161 1962; x_wconf 70' lang='lat' dir='ltr'>Porro</span> <span class='ocrx_word' id='word_1_291' title='bbox 1182 1922 1285 1976; x_wconf 74' lang='lat' dir='ltr'>qnod</span> <span class='ocrx_word' id='word_1_292' title='bbox 1304 1922 1441 1962; x_wconf 70' lang='lat' dir='ltr'>attinet</span> <span class='ocrx_word' id='word_1_293' title='bbox 1461 1921 1518 1960; x_wconf 74' lang='lat' dir='ltr'>ad</span> <span class='ocrx_word' id='word_1_294' title='bbox 1535 1934 1579 1959; x_wconf 79' lang='lat' dir='ltr'>ea</span> <span class='ocrx_word' id='word_1_295' title='bbox 1601 1933 1700 1972; x_wconf 74' lang='lat' dir='ltr'>quae</span> <span class='ocrx_word' id='word_1_296' title='bbox 1711 1919 1797 1971; x_wconf 73' lang='lat' dir='ltr'>jus-</span> 
     </span>
     <span class='ocr_line' id='line_1_33' title="bbox 290 1978 1796 2034; baseline -0.004 -15"><span class='ocrx_word' id='word_1_297' title='bbox 290 1979 399 2019; x_wconf 71' lang='lat' dir='ltr'>sistis</span> <span class='ocrx_word' id='word_1_298' title='bbox 412 2005 482 2028; x_wconf 79' lang='lat'>—‚</span> <span class='ocrx_word' id='word_1_299' title='bbox 503 1987 648 2034; x_wconf 69' lang='lat' dir='ltr'>oportet</span> <span class='ocrx_word' id='word_1_300' title='bbox 676 1980 879 2034; x_wconf 88' lang='lat' dir='ltr'>[legatum</span> <span class='ocrx_word' id='word_1_301' title='bbox 899 1980 966 2031; x_wconf 87' lang='lat' dir='ltr'>ea]</span> <span class='ocrx_word' id='word_1_302' title='bbox 995 1992 1162 2018; x_wconf 65' lang='lat' dir='ltr'>cam-asse.</span> <span class='ocrx_word' id='word_1_303' title='bbox 1202 1978 1319 2018; x_wconf 81' lang='lat' dir='ltr'>Conf.</span> <span class='ocrx_word' id='word_1_304' title='bbox 1342 1992 1381 2030; x_wconf 89' lang='lat' dir='ltr'>p.</span> <span class='ocrx_word' id='word_1_305' title='bbox 1407 1990 1501 2030; x_wconf 90' lang='grc'>343,</span> <span class='ocrx_word' id='word_1_306' title='bbox 1528 1987 1587 2028; x_wconf 89' lang='lat'>17.</span> <span class='ocrx_word' id='word_1_307' title='bbox 1610 1987 1706 2028; x_wconf 77' lang='lat'>352,</span> <span class='ocrx_word' id='word_1_308' title='bbox 1732 1987 1753 2013; x_wconf 84' lang='grc'>2</span> <span class='ocrx_word' id='word_1_309' title='bbox 1757 1988 1796 2027; x_wconf 81' lang='lat'>5.</span> 
     </span>
     <span class='ocr_line' id='line_1_34' title="bbox 291 2031 1798 2087; baseline -0.003 -14"><span class='ocrx_word' id='word_1_310' title='bbox 291 2045 388 2087; x_wconf 89' lang='grc'>371,</span> <span class='ocrx_word' id='word_1_311' title='bbox 411 2049 472 2075; x_wconf 84' lang='lat'>10.</span> <span class='ocrx_word' id='word_1_312' title='bbox 497 2037 584 2087; x_wconf 85' lang='grc' dir='ltr'>περὶ</span> <span class='ocrx_word' id='word_1_313' title='bbox 604 2037 658 2075; x_wconf 80' lang='grc' dir='ltr'>ὧν</span> <span class='ocrx_word' id='word_1_314' title='bbox 678 2053 724 2087; x_wconf 88' lang='grc' dir='ltr'>γε</span> <span class='ocrx_word' id='word_1_315' title='bbox 751 2035 807 2075; x_wconf 85' lang='lat' dir='ltr'>sic</span> <span class='ocrx_word' id='word_1_316' title='bbox 829 2034 999 2081; x_wconf 86' lang='lat' dir='ltr'>dictum,</span> <span class='ocrx_word' id='word_1_317' title='bbox 1022 2039 1069 2074; x_wconf 90' lang='lat' dir='ltr'>ut</span> <span class='ocrx_word' id='word_1_318' title='bbox 1090 2033 1186 2085; x_wconf 86' lang='grc' dir='ltr'>ὑπέρ</span> <span class='ocrx_word' id='word_1_319' title='bbox 1207 2051 1252 2084; x_wconf 86' lang='grc' dir='ltr'>γε</span> <span class='ocrx_word' id='word_1_320' title='bbox 1273 2037 1339 2072; x_wconf 79' lang='grc' dir='ltr'>τοῦ</span> <span class='ocrx_word' id='word_1_321' title='bbox 1353 2057 1409 2062; x_wconf 93' lang='lat'>——</span> <span class='ocrx_word' id='word_1_322' title='bbox 1429 2047 1468 2085; x_wconf 91' lang='lat' dir='ltr'>p.</span> <span class='ocrx_word' id='word_1_323' title='bbox 1492 2045 1586 2085; x_wconf 81' lang='lat'>343,</span> <span class='ocrx_word' id='word_1_324' title='bbox 1607 2044 1662 2082; x_wconf 78' lang='lat'>5.,</span> <span class='ocrx_word' id='word_1_325' title='bbox 1687 2031 1798 2083; x_wconf 89' lang='lat' dir='ltr'>quod</span> 
     </span>
     <span class='ocr_line' id='line_1_35' title="bbox 291 2087 1795 2144; baseline -0.003 -14"><span class='ocrx_word' id='word_1_326' title='bbox 291 2090 483 2130; x_wconf 87' lang='lat' dir='ltr'>Reiskius</span> <span class='ocrx_word' id='word_1_327' title='bbox 500 2096 614 2131; x_wconf 83' lang='lat' dir='ltr'>recte</span> <span class='ocrx_word' id='word_1_328' title='bbox 629 2091 944 2144; x_wconf 86' lang='lat' dir='ltr'>interpretatur.</span> <span class='ocrx_word' id='word_1_329' title='bbox 979 2090 1095 2130; x_wconf 82' lang='lat' dir='ltr'>Conf.</span> <span class='ocrx_word' id='word_1_330' title='bbox 1113 2105 1151 2142; x_wconf 91' lang='lat' dir='ltr'>p.</span> <span class='ocrx_word' id='word_1_331' title='bbox 1171 2103 1228 2137; x_wconf 77' lang='grc'>14,</span> <span class='ocrx_word' id='word_1_332' title='bbox 1251 2090 1306 2128; x_wconf 84' lang='grc'>18.</span> <span class='ocrx_word' id='word_1_333' title='bbox 1321 2089 1415 2140; x_wconf 79' lang='grc'>346,</span> <span class='ocrx_word' id='word_1_334' title='bbox 1435 2101 1497 2139; x_wconf 63' lang='grc'>25.</span> <span class='ocrx_word' id='word_1_335' title='bbox 1536 2087 1795 2126; x_wconf 81' lang='lat' dir='ltr'>SCHAEF.</span> 
     </span>
    </p>

    <p class='ocr_par' dir='ltr' id='par_1_7' title="bbox 290 2141 1797 2255">
     <span class='ocr_line' id='line_1_36' title="bbox 345 2141 1797 2199; baseline -0.004 -13"><span class='ocrx_word' id='word_1_336' title='bbox 345 2159 442 2199; x_wconf 82' lang='lat'>342,</span> <span class='ocrx_word' id='word_1_337' title='bbox 468 2150 531 2188; x_wconf 85' lang='grc'>28.</span> <span class='ocrx_word' id='word_1_338' title='bbox 557 2147 832 2199; x_wconf 79' lang='grc' dir='ltr'>ἐψηφίσασθε]</span> <span class='ocrx_word' id='word_1_339' title='bbox 870 2147 918 2185; x_wconf 91' lang='lat' dir='ltr'>In</span> <span class='ocrx_word' id='word_1_340' title='bbox 950 2144 1159 2185; x_wconf 81' lang='lat' dir='ltr'>mandatis</span> <span class='ocrx_word' id='word_1_341' title='bbox 1181 2144 1329 2184; x_wconf 86' lang='lat' dir='ltr'>vestris</span> <span class='ocrx_word' id='word_1_342' title='bbox 1360 2144 1497 2197; x_wconf 88' lang='lat' dir='ltr'>legato</span> <span class='ocrx_word' id='word_1_343' title='bbox 1525 2141 1717 2182; x_wconf 80' lang='lat' dir='ltr'>facienda</span> <span class='ocrx_word' id='word_1_344' title='bbox 1739 2141 1797 2180; x_wconf 91' lang='lat' dir='ltr'>di-</span> 
     </span>
     <span class='ocr_line' id='line_1_37' title="bbox 290 2201 1118 2255; baseline -0.001 -15"><span class='ocrx_word' id='word_1_345' title='bbox 290 2202 414 2241; x_wconf 88' lang='lat' dir='ltr'>sertis</span> <span class='ocrx_word' id='word_1_346' title='bbox 436 2202 570 2242; x_wconf 86' lang='lat' dir='ltr'>verbis</span> <span class='ocrx_word' id='word_1_347' title='bbox 591 2202 880 2255; x_wconf 81' lang='lat' dir='ltr'>injunxeratis.</span> <span class='ocrx_word' id='word_1_348' title='bbox 926 2201 1118 2241; x_wconf 80' lang='lat' dir='ltr'>REISK.</span> 
     </span>
    </p>

    <p class='ocr_par' dir='ltr' id='par_1_8' title="bbox 288 2254 1798 2588">
     <span class='ocr_line' id='line_1_38' title="bbox 346 2254 1798 2310; baseline -0.004 -13"><span class='ocrx_word' id='word_1_349' title='bbox 346 2270 441 2310; x_wconf 83' lang='lat'>343,</span> <span class='ocrx_word' id='word_1_350' title='bbox 463 2269 503 2310; x_wconf 85' lang='lat'>5.</span> <span class='ocrx_word' id='word_1_351' title='bbox 536 2258 631 2309; x_wconf 84' lang='grc' dir='ltr'>ὑπέρ</span> <span class='ocrx_word' id='word_1_352' title='bbox 658 2275 704 2309; x_wconf 90' lang='grc' dir='ltr'>γε</span> <span class='ocrx_word' id='word_1_353' title='bbox 729 2262 796 2297; x_wconf 80' lang='grc' dir='ltr'>τοῦ</span> <span class='ocrx_word' id='word_1_354' title='bbox 823 2263 962 2308; x_wconf 85' lang='grc' dir='ltr'>προῖκα</span> <span class='ocrx_word' id='word_1_355' title='bbox 989 2256 1011 2306; x_wconf 76' lang='grc' dir='ltr'>ἦ</span> <span class='ocrx_word' id='word_1_356' title='bbox 1032 2257 1098 2310; x_wconf 81' lang='grc' dir='ltr'>μὴ]</span> <span class='ocrx_word' id='word_1_357' title='bbox 1132 2257 1201 2295; x_wconf 81' lang='lat' dir='ltr'>Ad</span> <span class='ocrx_word' id='word_1_358' title='bbox 1223 2256 1416 2295; x_wconf 84' lang='lat' dir='ltr'>verbum:</span> <span class='ocrx_word' id='word_1_359' title='bbox 1451 2254 1496 2293; x_wconf 76' lang='lat' dir='ltr'>do</span> <span class='ocrx_word' id='word_1_360' title='bbox 1521 2254 1698 2307; x_wconf 37' lang='lat' dir='ltr'>&#39;mamito</span> <span class='ocrx_word' id='word_1_361' title='bbox 1728 2259 1798 2292; x_wconf 72' lang='lat' dir='ltr'>aut</span> 
     </span>
     <span class='ocr_line' id='line_1_39' title="bbox 289 2309 1793 2366; baseline -0.003 -15"><span class='ocrx_word' id='word_1_362' title='bbox 289 2314 542 2360; x_wconf 70' lang='lat' dir='ltr'>mercenario,</span> <span class='ocrx_word' id='word_1_363' title='bbox 564 2314 603 2352; x_wconf 91' lang='lat' dir='ltr'>h.</span> <span class='ocrx_word' id='word_1_364' title='bbox 628 2328 661 2352; x_wconf 86' lang='lat' dir='ltr'>e.</span> <span class='ocrx_word' id='word_1_365' title='bbox 688 2313 799 2366; x_wconf 87' lang='lat' dir='ltr'>quod</span> <span class='ocrx_word' id='word_1_366' title='bbox 819 2313 975 2353; x_wconf 82' lang='lat' dir='ltr'>attinet</span> <span class='ocrx_word' id='word_1_367' title='bbox 996 2313 1050 2352; x_wconf 89' lang='lat' dir='ltr'>ad</span> <span class='ocrx_word' id='word_1_368' title='bbox 1071 2316 1198 2364; x_wconf 87' lang='lat' dir='ltr'>caput</span> <span class='ocrx_word' id='word_1_369' title='bbox 1226 2311 1304 2350; x_wconf 90' lang='lat' dir='ltr'>hoc</span> <span class='ocrx_word' id='word_1_370' title='bbox 1320 2335 1384 2348; x_wconf 94' lang='lat'>——.</span> <span class='ocrx_word' id='word_1_371' title='bbox 1449 2310 1576 2349; x_wconf 86' lang='lat' dir='ltr'>Plene</span> <span class='ocrx_word' id='word_1_372' title='bbox 1598 2309 1793 2349; x_wconf 78' lang='lat' dir='ltr'>dixisset:</span> 
     </span>
     <span class='ocr_line' id='line_1_40' title="bbox 288 2365 1792 2419; baseline -0.003 -12"><span class='ocrx_word' id='word_1_373' title='bbox 288 2368 384 2418; x_wconf 83' lang='grc' dir='ltr'>ὑπέρ</span> <span class='ocrx_word' id='word_1_374' title='bbox 405 2385 450 2419; x_wconf 90' lang='grc' dir='ltr'>γε</span> <span class='ocrx_word' id='word_1_375' title='bbox 472 2373 538 2407; x_wconf 78' lang='grc' dir='ltr'>τοῦ</span> <span class='ocrx_word' id='word_1_376' title='bbox 559 2373 698 2419; x_wconf 87' lang='grc' dir='ltr'>προῖκα</span> <span class='ocrx_word' id='word_1_377' title='bbox 719 2372 964 2417; x_wconf 82' lang='grc' dir='ltr'>πρεσβεῦσαι</span> <span class='ocrx_word' id='word_1_378' title='bbox 986 2369 1053 2406; x_wconf 78' lang='grc' dir='ltr'>τὸν</span> <span class='ocrx_word' id='word_1_379' title='bbox 1071 2367 1316 2416; x_wconf 80' lang='grc' dir='ltr'>πρεσβευτὴν</span> <span class='ocrx_word' id='word_1_380' title='bbox 1336 2365 1358 2414; x_wconf 83' lang='grc' dir='ltr'>ἢ</span> <span class='ocrx_word' id='word_1_381' title='bbox 1379 2365 1430 2415; x_wconf 77' lang='grc' dir='ltr'>μὴ</span> <span class='ocrx_word' id='word_1_382' title='bbox 1453 2367 1486 2404; x_wconf 85' lang='grc' dir='ltr'>εἰ</span> <span class='ocrx_word' id='word_1_383' title='bbox 1506 2368 1566 2404; x_wconf 82' lang='grc' dir='ltr'>δεῖ</span> <span class='ocrx_word' id='word_1_384' title='bbox 1583 2365 1792 2415; x_wconf 84' lang='grc' dir='ltr'>λέγειν-.</span> 
     </span>
     <span class='ocr_line' id='line_1_41' title="bbox 291 2419 1795 2477; baseline -0.003 -15"><span class='ocrx_word' id='word_1_385' title='bbox 291 2423 333 2462; x_wconf 88' lang='lat' dir='ltr'>Si</span> <span class='ocrx_word' id='word_1_386' title='bbox 356 2424 580 2476; x_wconf 85' lang='lat' dir='ltr'>quaeritur,</span> <span class='ocrx_word' id='word_1_387' title='bbox 604 2424 637 2463; x_wconf 88' lang='lat' dir='ltr'>si</span> <span class='ocrx_word' id='word_1_388' title='bbox 659 2424 801 2477; x_wconf 82' lang='lat' dir='ltr'>agitur</span> <span class='ocrx_word' id='word_1_389' title='bbox 821 2424 910 2470; x_wconf 86' lang='grc'>1100,</span> <span class='ocrx_word' id='word_1_390' title='bbox 935 2437 1031 2461; x_wconf 86' lang='grc'>1111111</span> <span class='ocrx_word' id='word_1_391' title='bbox 1054 2437 1130 2475; x_wconf 87' lang='lat' dir='ltr'>par</span> <span class='ocrx_word' id='word_1_392' title='bbox 1151 2421 1205 2461; x_wconf 86' lang='lat' dir='ltr'>sit</span> <span class='ocrx_word' id='word_1_393' title='bbox 1232 2421 1415 2475; x_wconf 84' lang='lat' dir='ltr'>legatum</span> <span class='ocrx_word' id='word_1_394' title='bbox 1438 2434 1608 2473; x_wconf 81' lang='lat' dir='ltr'>oporam</span> <span class='ocrx_word' id='word_1_395' title='bbox 1637 2419 1795 2472; x_wconf 85' lang='lat' dir='ltr'>gratui-</span> 
     </span>
     <span class='ocr_line' id='line_1_42' title="bbox 289 2475 1797 2525; baseline -0.003 -8"><span class='ocrx_word' id='word_1_396' title='bbox 289 2483 375 2518; x_wconf 87' lang='lat' dir='ltr'>tam</span> <span class='ocrx_word' id='word_1_397' title='bbox 398 2494 562 2525; x_wconf 82' lang='lat' dir='ltr'>navare,</span> <span class='ocrx_word' id='word_1_398' title='bbox 588 2495 641 2519; x_wconf 87' lang='lat' dir='ltr'>an</span> <span class='ocrx_word' id='word_1_399' title='bbox 665 2479 852 2525; x_wconf 85' lang='lat' dir='ltr'>vendere,</span> <span class='ocrx_word' id='word_1_400' title='bbox 877 2493 996 2517; x_wconf 84' lang='lat' dir='ltr'>nemo</span> <span class='ocrx_word' id='word_1_401' title='bbox 1018 2492 1100 2516; x_wconf 89' lang='grc'>11011</span> <span class='ocrx_word' id='word_1_402' title='bbox 1123 2477 1237 2516; x_wconf 90' lang='lat' dir='ltr'>novit</span> <span class='ocrx_word' id='word_1_403' title='bbox 1254 2500 1318 2515; x_wconf 92' lang='lat'>—.</span> <span class='ocrx_word' id='word_1_404' title='bbox 1358 2476 1553 2515; x_wconf 83' lang='lat' dir='ltr'>REISK.</span> <span class='ocrx_word' id='word_1_405' title='bbox 1618 2475 1672 2514; x_wconf 93' lang='lat' dir='ltr'>V.</span> <span class='ocrx_word' id='word_1_406' title='bbox 1698 2475 1797 2514; x_wconf 87' lang='lat' dir='ltr'>Bre-</span> 
     </span>
     <span class='ocr_line' id='line_1_43' title="bbox 290 2534 1007 2588; baseline 0 -15"><span class='ocrx_word' id='word_1_407' title='bbox 290 2534 396 2574; x_wconf 88' lang='lat' dir='ltr'>mius</span> <span class='ocrx_word' id='word_1_408' title='bbox 417 2536 469 2575; x_wconf 86' lang='lat' dir='ltr'>ad</span> <span class='ocrx_word' id='word_1_409' title='bbox 493 2550 531 2588; x_wconf 87' lang='lat' dir='ltr'>p.</span> <span class='ocrx_word' id='word_1_410' title='bbox 557 2548 617 2585; x_wconf 83' lang='grc'>14,</span> <span class='ocrx_word' id='word_1_411' title='bbox 644 2536 702 2574; x_wconf 87' lang='grc'>18.</span> <span class='ocrx_word' id='word_1_412' title='bbox 749 2535 1007 2574; x_wconf 83' lang='lat' dir='ltr'>SCHAEF.</span> 
     </span>
    </p>

    <p class='ocr_par' dir='ltr' id='par_1_9' title="bbox 287 2586 1794 2700">
     <span class='ocr_line' id='line_1_44' title="bbox 345 2586 1794 2644; baseline -0.003 -15"><span class='ocrx_word' id='word_1_413' title='bbox 345 2604 440 2644; x_wconf 85' lang='grc'>343,</span> <span class='ocrx_word' id='word_1_414' title='bbox 467 2604 525 2632; x_wconf 91' lang='grc'>12.</span> <span class='ocrx_word' id='word_1_415' title='bbox 551 2591 598 2630; x_wconf 81' lang='grc' dir='ltr'>ἂν</span> <span class='ocrx_word' id='word_1_416' title='bbox 619 2592 691 2640; x_wconf 82' lang='grc' dir='ltr'>μὲν</span> <span class='ocrx_word' id='word_1_417' title='bbox 708 2593 838 2630; x_wconf 88' lang='grc' dir='ltr'>τοίνυν</span> <span class='ocrx_word' id='word_1_418' title='bbox 855 2589 1044 2640; x_wconf 76' lang='grc' dir='ltr'>ἐξελέγξω</span> <span class='ocrx_word' id='word_1_419' title='bbox 1069 2606 1100 2627; x_wconf 84' lang='grc' dir='ltr'>κ.</span> <span class='ocrx_word' id='word_1_420' title='bbox 1119 2605 1150 2628; x_wconf 87' lang='grc' dir='ltr'>τ.</span> <span class='ocrx_word' id='word_1_421' title='bbox 1170 2587 1229 2640; x_wconf 88' lang='grc' dir='ltr'>λ.]</span> <span class='ocrx_word' id='word_1_422' title='bbox 1265 2587 1378 2627; x_wconf 73' lang='lat' dir='ltr'>Gitat</span> <span class='ocrx_word' id='word_1_423' title='bbox 1400 2587 1509 2626; x_wconf 85' lang='lat' dir='ltr'>hunc</span> <span class='ocrx_word' id='word_1_424' title='bbox 1530 2586 1665 2625; x_wconf 86' lang='lat' dir='ltr'>locum</span> <span class='ocrx_word' id='word_1_425' title='bbox 1688 2586 1794 2625; x_wconf 86' lang='lat' dir='ltr'>Her-</span> 
     </span>
     <span class='ocr_line' id='line_1_45' title="bbox 287 2642 1633 2700; baseline -0.003 -16"><span class='ocrx_word' id='word_1_426' title='bbox 287 2660 482 2699; x_wconf 87' lang='lat' dir='ltr'>mogenes</span> <span class='ocrx_word' id='word_1_427' title='bbox 502 2662 541 2700; x_wconf 88' lang='lat' dir='ltr'>p.</span> <span class='ocrx_word' id='word_1_428' title='bbox 559 2648 655 2695; x_wconf 82' lang='grc'>418.</span> <span class='ocrx_word' id='word_1_429' title='bbox 678 2646 718 2684; x_wconf 82' lang='grc'>111</span> <span class='ocrx_word' id='word_1_430' title='bbox 740 2661 828 2698; x_wconf 87' lang='lat' dir='ltr'>cap.</span> <span class='ocrx_word' id='word_1_431' title='bbox 853 2646 940 2695; x_wconf 84' lang='grc' dir='ltr'>περὶ</span> <span class='ocrx_word' id='word_1_432' title='bbox 962 2650 1036 2684; x_wconf 84' lang='grc' dir='ltr'>τῶν</span> <span class='ocrx_word' id='word_1_433' title='bbox 1058 2646 1154 2683; x_wconf 81' lang='grc' dir='ltr'>’ίσων</span> <span class='ocrx_word' id='word_1_434' title='bbox 1177 2644 1397 2695; x_wconf 81' lang='grc' dir='ltr'>σχημάτων.</span> <span class='ocrx_word' id='word_1_435' title='bbox 1440 2642 1633 2681; x_wconf 82' lang='lat' dir='ltr'>REISK.</span> 
     </span>
    </p>

    <p class='ocr_par' dir='ltr' id='par_1_10' title="bbox 286 2697 1792 2907">
     <span class='ocr_line' id='line_1_46' title="bbox 343 2697 1792 2753; baseline -0.004 -12"><span class='ocrx_word' id='word_1_436' title='bbox 343 2714 438 2753; x_wconf 76' lang='lat'>343,</span> <span class='ocrx_word' id='word_1_437' title='bbox 464 2714 527 2742; x_wconf 82' lang='lat'>21.</span> <span class='ocrx_word' id='word_1_438' title='bbox 556 2705 673 2741; x_wconf 81' lang='grc' dir='ltr'>ταῦτα</span> <span class='ocrx_word' id='word_1_439' title='bbox 704 2701 725 2750; x_wconf 79' lang='grc' dir='ltr'>ἦ</span> <span class='ocrx_word' id='word_1_440' title='bbox 755 2702 805 2750; x_wconf 83' lang='grc' dir='ltr'>μὴ</span> <span class='ocrx_word' id='word_1_441' title='bbox 834 2700 976 2753; x_wconf 82' lang='grc' dir='ltr'>πάντα]</span> <span class='ocrx_word' id='word_1_442' title='bbox 1009 2703 1127 2739; x_wconf 80' lang='grc' dir='ltr'>ταῦτα</span> <span class='ocrx_word' id='word_1_443' title='bbox 1162 2699 1333 2752; x_wconf 84' lang='lat' dir='ltr'>perinde</span> <span class='ocrx_word' id='word_1_444' title='bbox 1368 2702 1415 2737; x_wconf 87' lang='lat' dir='ltr'>ut</span> <span class='ocrx_word' id='word_1_445' title='bbox 1450 2697 1578 2736; x_wconf 87' lang='grc' dir='ltr'>πάντα</span> <span class='ocrx_word' id='word_1_446' title='bbox 1614 2711 1792 2750; x_wconf 86' lang='lat' dir='ltr'>promm-</span> 
     </span>
     <span class='ocr_line' id='line_1_47' title="bbox 286 2753 1792 2806; baseline -0.003 -11"><span class='ocrx_word' id='word_1_447' title='bbox 286 2756 431 2796; x_wconf 86' lang='lat' dir='ltr'>tianda</span> <span class='ocrx_word' id='word_1_448' title='bbox 458 2772 547 2797; x_wconf 86' lang='lat' dir='ltr'>esse</span> <span class='ocrx_word' id='word_1_449' title='bbox 567 2762 734 2798; x_wconf 87' lang='grc' dir='ltr'>τονικῶς.</span> <span class='ocrx_word' id='word_1_450' title='bbox 786 2757 866 2796; x_wconf 76' lang='lat' dir='ltr'>m&#39;sz&#39;</span> <span class='ocrx_word' id='word_1_451' title='bbox 886 2756 1081 2795; x_wconf 64' lang='lat' dir='ltr'>ostendero</span> <span class='ocrx_word' id='word_1_452' title='bbox 1102 2755 1193 2793; x_wconf 68' lang='lat' dir='ltr'>haec</span> <span class='ocrx_word' id='word_1_453' title='bbox 1215 2754 1229 2805; x_wconf 89' lang='grc'>(</span> <span class='ocrx_word' id='word_1_454' title='bbox 1236 2760 1322 2794; x_wconf 89' lang='lat' dir='ltr'>tam</span> <span class='ocrx_word' id='word_1_455' title='bbox 1344 2754 1464 2792; x_wconf 88' lang='lat' dir='ltr'>foeda</span> <span class='ocrx_word' id='word_1_456' title='bbox 1487 2758 1656 2806; x_wconf 86' lang='lat' dir='ltr'>tamque</span> <span class='ocrx_word' id='word_1_457' title='bbox 1678 2753 1792 2792; x_wconf 88' lang='lat' dir='ltr'>dam-</span> 
     </span>
     <span class='ocr_line' id='line_1_48' title="bbox 287 2809 1787 2864; baseline -0.004 -13"><span class='ocrx_word' id='word_1_458' title='bbox 287 2826 389 2852; x_wconf 83' lang='lat' dir='ltr'>nosa</span> <span class='ocrx_word' id='word_1_459' title='bbox 409 2812 585 2864; x_wconf 85' lang='lat' dir='ltr'>civitati)</span> <span class='ocrx_word' id='word_1_460' title='bbox 610 2817 680 2852; x_wconf 70' lang='lat' dir='ltr'>aut</span> <span class='ocrx_word' id='word_1_461' title='bbox 706 2813 786 2852; x_wconf 71' lang='lat' dir='ltr'>nisi</span> <span class='ocrx_word' id='word_1_462' title='bbox 815 2812 1013 2852; x_wconf 70' lang='lat' dir='ltr'>ostendero</span> <span class='ocrx_word' id='word_1_463' title='bbox 1043 2811 1175 2850; x_wconf 69' lang='lat' dir='ltr'>onmia</span> <span class='ocrx_word' id='word_1_464' title='bbox 1200 2812 1268 2861; x_wconf 87' lang='lat' dir='ltr'>(ne</span> <span class='ocrx_word' id='word_1_465' title='bbox 1290 2824 1371 2849; x_wconf 89' lang='lat' dir='ltr'>uno</span> <span class='ocrx_word' id='word_1_466' title='bbox 1394 2809 1559 2862; x_wconf 88' lang='lat' dir='ltr'>quidem</span> <span class='ocrx_word' id='word_1_467' title='bbox 1580 2811 1787 2861; x_wconf 82' lang='lat' dir='ltr'>excepto).</span> 
     </span>
     <span class='ocr_line' id='line_1_49' title="bbox 291 2868 550 2907; baseline 0.004 -1"><span class='ocrx_word' id='word_1_468' title='bbox 291 2868 550 2907; x_wconf 84' lang='lat' dir='ltr'>SCHAEF.</span> 
     </span>
    </p>

    <p class='ocr_par' dir='ltr' id='par_1_11' title="bbox 344 2920 1789 2975">
     <span class='ocr_line' id='line_1_50' title="bbox 344 2920 1789 2975; baseline -0.005 -11"><span class='ocrx_word' id='word_1_469' title='bbox 344 2935 440 2975; x_wconf 83' lang='lat'>343,</span> <span class='ocrx_word' id='word_1_470' title='bbox 467 2925 529 2963; x_wconf 85' lang='lat'>26.</span> <span class='ocrx_word' id='word_1_471' title='bbox 553 2925 746 2973; x_wconf 83' lang='grc' dir='ltr'>βούλομαι</span> <span class='ocrx_word' id='word_1_472' title='bbox 769 2924 842 2975; x_wconf 82' lang='grc' dir='ltr'>πρὸ</span> <span class='ocrx_word' id='word_1_473' title='bbox 865 2923 1020 2963; x_wconf 86' lang='grc' dir='ltr'>πάντων</span> <span class='ocrx_word' id='word_1_474' title='bbox 1042 2940 1073 2962; x_wconf 88' lang='grc' dir='ltr'>κ.</span> <span class='ocrx_word' id='word_1_475' title='bbox 1093 2939 1125 2961; x_wconf 91' lang='grc' dir='ltr'>τ.</span> <span class='ocrx_word' id='word_1_476' title='bbox 1147 2921 1206 2975; x_wconf 55' lang='lat' dir='ltr'>A]</span> <span class='ocrx_word' id='word_1_477' title='bbox 1241 2921 1356 2962; x_wconf 77' lang='lat' dir='ltr'>Oitat</span> <span class='ocrx_word' id='word_1_478' title='bbox 1378 2920 1485 2961; x_wconf 89' lang='lat' dir='ltr'>hunc</span> <span class='ocrx_word' id='word_1_479' title='bbox 1507 2920 1642 2960; x_wconf 88' lang='lat' dir='ltr'>locum</span> <span class='ocrx_word' id='word_1_480' title='bbox 1663 2932 1789 2971; x_wconf 84' lang='lat' dir='ltr'>usque</span> 
     </span>
    </p>
   </div>
  </div>
 </body>
</html>
