1934 3179
299 139 383 183 492
703 139 782 179 DE
817 139 1015 179 FALSA
1049 138 1409 178 LEGATIONE.

300 242 412 282 sibus
452 247 714 283 antevertere
756 244 943 291 voluisse.
987 258 1079 283 cum
1119 243 1274 284 fuerint
1314 244 1580 297 posteriores.
1621 244 1807 284 WOLF.

303 297 415 337 Nihil
438 298 489 337 de
511 298 588 338 hac
610 313 654 339 re
676 299 788 352 apud
809 300 1059 338 Aeschinem
1081 299 1244 352 legitur.

358 366 457 406 347,
481 356 544 396 26.
579 355 906 408 ἐπικεκηρυχεναι]
948 355 1262 407 Η31ΗΡΟΟΙ311011
1293 369 1323 395 S.
1352 355 1392 394 h.
1417 370 1453 395 v.
1483 356 1736 406 Δημοσθένης
1767 357 1810 395 ἐν

301 410 352 462 τῷ
375 411 462 460 περὶ
493 427 558 459 της
588 412 917 461 παραπρεσβείας.
960 412 1076 450 ὁπότε
1105 412 1291 459 βούλοιτο
1320 412 1433 453 πόλις
1460 429 1482 461 η
1508 413 1639 464 ἄρχων
1660 413 1810 462 ἀναιρε-

301 467 418 514 θῆναί
435 482 521 504 τινα
541 469 617 504 τῶν
636 466 687 515 μὴ
713 468 837 505 ὄντων
857 464 922 516 ὑφ’
942 467 1102 513 ἑαυτοῖς
1125 466 1301 517 ἐκήρυττε
1324 468 1464 506 δώσειν
1485 467 1675 519 χρήματα,
1700 469 1736 506 εἵ
1757 483 1812 509 τις

302 521 421 560 αὐτὸν
443 521 590 566 ἀνέλοι,
614 523 713 560 τόσα
739 522 802 560 καὶ
822 523 934 567 τόσα,
958 521 1130 572 καθάπερ
1152 522 1274 576 Ξέρξῃ
1297 522 1532 573 ἐπεκηρυξαν
1553 525 1589 562 οἱ
1598 521 1809 572 ‘',Emwyves

302 578 338 615 εἴ
356 593 410 617 τις
432 594 454 625 η
477 575 637 624 ζῶντα
619 594 640 625 η
664 577 800 627 νεκρὸν
822 577 1036 628 καταγάγοι
1047 576 1247 627 Ἀθηναζε,
1272 579 1446 617 δώσειν
1432 579 1569 617 εκατὸν
1590 578 1777 618 τάλαντα.

357 644 454 683 347,
480 643 544 682 27.
576 636 651 671 τῶν
674 632 859 681 Εὐβοεων
880 633 1009 686 ἐνίων]
1051 632 1319 673 0160611316111
1350 633 1452 673 dicit
1483 634 1809 682 Chalcidensem‚

303 700 425 739 quem
447 686 634 727 nominat
657 688 889 727 Aeschines
911 703 950 741 p.
973 702 1039 738 44,
1066 701 1100 729 2.

357 742 645 793 πεφοβημένων
677 744 738 783 καὶ
769 744 1065 795 τεταραγμένων
1095 744 1462 798 τὴν-οἰκειότητα]
1511 745 1735 785 structura
1764 750 1812 785 ut

302 798 547 837 insolenti01
576 798 643 847 sit,
673 804 812 839 tamen
844 800 949 839 bene
981 800 1143 839 Graeca
1175 805 1262 840 est.
1295 814 1387 840 cum
1419 800 1529 840 enim
1554 801 1813 852 ταράττεσθαι

302 854 439 893 valeat
468 853 576 893 idem
598 855 709 907 quod
735 859 951 906 φοβεῖσθαι
975 858 1089 907 (113111
1113 856 1268 896 Orator
1293 857 1374 896 (1110
1396 857 1522 896 verba
1551 856 1659 896 idem
1688 855 1811 910 signi-

301 909 472 949 ficantia
500 911 749 964 usurpavit),
772 911 870 964 quid
897 911 1046 950 mirum
1075 926 1157 951 una
1188 926 1280 951 cum
1311 912 1613 966 significatione
1643 912 1811 965 partici-

300 980 401 1018 pare
432 966 811 1006 constructionem?
843 967 882 1005 V
886 967 939 1006 id.
964 982 1069 1020 quae
1099 968 1244 1021 scripsi
1275 968 1329 1008 ad
1359 968 1534 1008 Polsoni
1558 968 1749 1008 Orestem
1770 983 1810 1021 p.

305 1033 368 1074 75.
392 1021 492 1061 edit.
516 1026 613 1061 tert.
640 1022 750 1075 Lips.
772 1023 871 1062 item
894 1038 999 1077 quae
1020 1023 1074 1063 ad
1099 1024 1293 1063 Medeam
1315 1039 1352 1077 p.
1379 1035 1443 1076 77.
1487 1024 1737 1064 SCHAEF.

357 1089 453 1129 347,
486 1079 550 1117 28.
583 1078 652 1127 τὴν
673 1079 768 1129 πρὸς
799 1079 1210 1133 τὴν-γεγενημένην]
1247 1080 1311 1119 De
1344 1081 1420 1120 hac
1454 1079 1684 1120 inversione
1717 1094 1811 1119 eon—

302 1133 544 1173 structionis
566 1148 601 1173 v.
624 1138 710 1174 not.
733 1134 786 1173 ad
807 1149 847 1188 p.
870 1147 966 1187 323,
990 1148 1049 1187 13.
1094 1135 1342 1174 SOHAEF.

358 1202 454 1241 347,
481 1201 545 1241 29.
569 1189 646 1243 ὅτι]
683 1190 845 1230 Pendet
866 1191 919 1230 ab
942 1192 1107 1230 ἀκούειν.

363 1247 454 1297 348,
471 1256 511 1298 5.
535 1247 579 1284 οὐ
599 1246 674 1295 μήν
695 1247 769 1300 πω]
803 1246 975 1300 Saepius
997 1248 1101 1287 οὔπω
1123 1247 1181 1286 sic
1199 1247 1414 1288 dirimunt.
1478 1247 1671 1301 Inprimis
1693 1252 1810 1288 nota-

301 1300 382 1340 bile
396 1301 506 1353 quod
528 1301 682 1355 16(11·1111·
701 1317 739 1356 p.
758 1315 850 1355 236,
868 1315 931 1353 27.
955 1303 999 1342 οὐ
1020 1306 1094 1354 γὰρ
1117 1303 1161 1352 δη
1184 1304 1309 1354 ἔγωγε
1331 1305 1610 1354 επολιτευόμην
1631 1320 1689 1343 πω
1709 1305 1809 1343 τότε.

359 1414 454 1464 348
473 1424 508 1464 7.
527 1413 766 1466 παρεδηλου]
787 1417 1049 1464 παραδηλοῧν,
1064 1413 1224 1468 οόἶ1,(]111)
1240 1420 1331 1454 tem
1346 1414 1582 1485 8111111βσξ11ν6.
1614 1414 1809 1454 REISK.

303 1467 500 1507 Similiter
533 1469 784 1508 Plutarchus
819 1470 969 1510 Μο131.
990 1470 1068 1510 v.ol
1095 1485 1124 1510 1
1149 1486 1187 1524 p.
1212 1483 1280 1524 33.
1301 1470 1441 1524 Wytt.
1465 1472 1719 1520 αἰνιττόμενοι
1751 1471 1811 1510 καὶ

302 1527 630 1574 παραδηλοῦντες.
675 1525 925 1565 SCHAEF.

358 1581 454 1632 348,
479 1592 539 1632 13.
563 1579 763 1631 εξέκρουόν
783 1581 851 1634 με]
885 1581 1215 1635 Interpellabant
1236 1596 1300 1621 me
1322 1582 1573 1634 loquentem,
1597 1583 1809 1635 obstrepe-

301 1635 418 1674 bant.
454 1635 647 1675 REISK.
710 1635 907 1686 ἐξέκλειόν
927 1654 973 1687 με
1005 1640 1126 1688 λόγου
1154 1640 1362 1690 τυγχάνειν
1384 1653 1423 1691 p.
1445 1651 1540 1691 349,
1562 1651 1602 1691 5.
1625 1638 1695 1677 ubi
1716 1638 1810 1678 libri

303 1691 485 1729 nonnulli
510 1691 722 1741 ἐξέκρουον,
747 1693 856 1745 quod
879 1708 928 1732 ex
950 1693 990 1731 h.
1012 1693 1038 1731 l.
1062 1693 1236 1733 illatum.

359 1748 455 1797 348,
480 1760 539 1796 17.
564 1747 695 1798 ἔμοιγε
717 1748 879 1801 δοκεῖτε]
912 1749 997 1787 Α111
1029 1749 1121 1788 libri
1150 1748 1270 1799 ἔμοιγ’
1290 1750 1470 1787 ἐδοκεῖτε.
1533 1749 1639 1788 Illud
1669 1750 1808 1789 malui.

303 1802 407 1841 Rem
438 1802 637 1842 memoria
667 1808 709 1843 et
740 1808 880 1843 mente
912 1805 1117 1858 repetenti
1149 1804 1249 1843 mihi
1276 1804 1468 1843 videmini
1501 1818 1608 1844 nunc
1640 1819 1810 1845 consen—

302 1863 425 1898 tanee
445 1862 545 1897 tunc
566 1864 609 1898 et
630 1874 744 1899 more
772 1860 953 1900 humano
985 1860 1129 1914 egisse,
1152 1865 1277 1914 prout
1304 1861 1357 1899 ab
1383 1860 1618 1899 hominibus
1641 1860 1682 1899 in
1703 1861 1810 1914 ejus-

301 1914 413 1953 modi
435 1914 524 1953 loco
546 1915 787 1955 constitutis
808 1916 1041 1969 exspectari
1062 1921 1242 1970 poteiat.
1286 1916 1479 1955 REISK.

359 1971 454 2022 348
482 1982 546 2009 22
569 1971 828 2025 προσδοκιῶν]
861 1972 1011 2012 Ralior
1031 1987 1130 2012 usus
1150 1971 1330 2043 pluralis.
1373 1971 1623 2012 SCHAEF.

367 2027 404 2064 οἱ
444 2024 473 2065 δ’
507 2027 1129 2082 ἀντιλεγοντες-κατεφαίνετο]
1165 2028 1376 2078 <Ετέρωο-ις
1416 2029 1577 2078 ἀριθμοῦ
1618 2029 1703 2067 ἀντὶ
1742 2032 1810 2067 τοῦ

304 2082 540 2131 κατεφαινοι
543 2098 585 2120 το
607 2083 769 2134 ὀχληροὶ
789 2083 912 2133 μάτην
935 2085 995 2124 καὶ
1015 2084 1212 2133 βάσκανοι
1260 2083 1449 2122 WOLF.
1500 2083 1541 2121 V
1545 2083 1611 2123 ide
1632 2083 1807 2123 Dorvill.

302 2136 357 2176 ad
380 2136 593 2177 Chariton.
619 2153 657 2191 p
680 2140 776 2192 596.
801 2142 860 2192 (p.
883 2141 980 2192 565.
1005 2139 1103 2180 edit.
1128 2139 1275 2192 Lips..)
1317 2138 1810 2179 TAYLOR.Att1-ae-

304 2191 429 2231 tionis
461 2196 524 2232 est
553 2207 683 2246 genus
713 2199 862 2247 patens
891 2195 1104 2235 latissime.
1166 2194 1362 2248 Inprimis
1382 2195 1553 2234 verbum
1583 2195 1811 2235 substanti-

304 2261 400 2286 vum
430 2248 508 2286 hoc
535 2249 703 2290 schema
733 2250 906 2303 patitur.
959 2254 1026 2293 τὰς
1048 2251 1273 2302 θυγατερας,
1296 2251 1476 2290 παιδία”
1450 2267 1546 2290 οντα
1566 2265 1604 2304 p.
1624 2264 1719 2300 401,
1745 2251 1809 2290 28.

307 2302 557 2342 SGHAEF.

362 2359 483 2410 ὄχλος
504 2359 653 2411 ἄλλως]
694 2360 851 2400 Anecd.
875 2361 1005 2401 Bekk.
1023 2377 1063 2415 p.
1081 2375 1148 2415 53,
1171 2363 1234 2402 26.
1263 2362 1385 2413 ὄχλος
1413 2362 1556 2403 ἄλλως·
1590 2362 1809 2413 ἐνόχλησις.

307 2413 574 2463 Δημοσθένης.
618 2415 870 2456 SCHAEF.

362 2470 458 2522 348,
484 2482 548 2523 23.
570 2471 707 2523 ταῦτα]
746 2472 815 2511 Ab
839 2472 1046 2513 Aeschine
1074 2487 1167 2512 cum
1191 2472 1454 2513 consortibus
1481 2476 1578 2512 acta
1602 2476 1645 2512 et
1665 2472 1810 2512 relata.

363 2583 458 2632 348,
476 2557 538 2634 25.
562 2585 628 2621 τοῦ
651 2582 764 2634 χάριν
785 2584 830 2633 δη
851 2583 957 2624 ταῦθ’
974 2603 1007 2624 κ.
1024 2602 1057 2624 τ.
1074 2584 1134 2639 λ.]
1167 2584 1453 2638 Hermogenes
1474 2598 1513 2636 p.
1539 2593 1631 2636 235.
1655 2599 1716 2622 και
1736 2599 1812 2632 μην

308 2636 370 2675 καὶ
399 2638 438 2675 αἱ
463 2637 734 2689 ἐπαναληψεις
764 2640 872 2689 μάλα
905 2657 1087 2692 χρησιμοι
1116 2641 1211 2691 πρὸς
1242 2641 1456 2690 εὐκρίνειαν
1486 2640 1547 2679 καὶ
1578 2638 1811 2689 σαφήνειαν.

308 2692 465 2731 επειδὰν
492 2692 566 2743 γάρ
596 2709 631 2731 τι
663 2697 834 2744 προσθῇς
863 2713 996 2747 σχημα
1025 2701 1101 2735 τῶν
1127 2695 1400 2746 ἐφελκομένων
1427 2696 1559 2745 ἕτερον
1585 2695 1719 2744 νόημα,
1744 2693 1810 2732 εἶτ’

307 2747 555 2801 ἀναγκασθῃς
577 2749 819 2797 επεμβαλεῖν
840 2752 945 2790 ἄλλα
976 2754 1063 2791 τινὰ
1095 2752 1278 2801 νοήματα,
1302 2752 1392 2801 πρὶν
1412 2752 1625 2790 ἀποδοῦναι
1654 2749 1697 2788 τὸ
1724 2749 1811 2787 ἀκό-

306 2805 463 2850 λουθον,
487 2803 634 2853 ἀνάγκη
658 2805 928 2855 ἐπαναλαβεῖν
950 2808 1010 2846 καὶ
1035 2810 1307 2857 διευκρινῆσαι,
1330 2808 1394 2846 ἵνα
1413 2806 1463 2856 μή
1486 2823 1550 2844 σοι
1572 2804 1728 2855 ἀσαφὴς
1750 2805 1811 2843 καὶ

306 2858 592 2909 συγκεχυμένος
625 2859 780 2909 γένηται
814 2863 833 2899 ὁ
870 2863 1001 2912 λόγος,
1031 2863 1161 2912 ὥσπερ
1193 2864 1302 2902 εἴωθε
1339 2866 1464 2901 ποιεῖν
1491 2863 1510 2900 ὁ
1545 2859 1808 2910 Δημοσθένης.
