1935 3205
226 152 263 191 vi
806 145 1168 187 PRAEFATIO.

228 267 690 327 psephismatumque
731 263 1080 309 collectionibus
1117 268 1164 306 et
1203 261 1304 305 aliis
1340 260 1605 320 hujusmodi
1644 259 1750 304 sub-³

229 343 369 395 sidiis,
414 342 579 401 partim
625 347 790 399 suopte
832 340 1018 398 ingenio
1061 338 1118 382 de
1159 336 1304 380 nihilo
1345 337 1608 397 fingerent:
1660 351 1751 394 quo

229 419 407 463 factum
432 423 502 462 est
536 423 588 460 ut
621 416 822 475 genuina
855 421 903 459 et
936 413 1271 463 commentitia,
1299 428 1406 457 vera
1438 419 1486 457 et
1518 412 1641 465 falsa,
1667 412 1753 455 mi-

230 494 452 540 rabilibus
488 493 636 537 modis
672 492 1073 551 permiscerentur.
1144 489 1198 533 In
1236 489 1403 548 quibus
1438 487 1753 533 discernendis

229 577 386 615 nostra
417 570 605 613 demum
639 574 794 612 aetate
827 567 1022 625 majores
1055 566 1151 609 fieri
1185 580 1451 626 progressus
1483 569 1754 624 potuerunt,

231 653 476 706 postquam
507 645 728 689 historiae
761 643 1189 702 antiquitatumque
1226 641 1510 686 Graecarum
1548 641 1756 700 cognitio

232 722 487 767 multorum
535 721 699 765 studiis
745 719 1027 778 amplificata
1073 725 1380 777 veterumque
1426 722 1756 761 monumento-

233 815 350 852 rum,
387 813 585 857 quorum
621 798 667 840 in
704 797 800 840 dies
838 796 984 839 crevit
1022 795 1154 853 copia
1192 810 1250 839 ex
1289 810 1379 852 quo
1421 793 1618 839 Graecia
1655 793 1756 836 bar-

235 876 451 920 barorum
479 875 648 934 jugum
686 873 903 924 excussit,
936 872 1292 931 investigatione
1322 884 1603 930 magnopere
1635 873 1757 913 esset

237 952 410 1011 adjuta.

306 1028 610 1072 Pervenimus
637 1028 735 1086 jam
774 1041 829 1069 eo
859 1030 912 1068 ut
945 1025 1001 1068 de
1040 1024 1374 1068 recentioribus
1411 1023 1658 1067 dicendum
1697 1022 1757 1065 sit

239 1103 586 1162 interpretibus,
614 1103 692 1160 qui
727 1101 835 1145 inde
859 1101 916 1145 ab
942 1101 1111 1145 renatis
1148 1100 1382 1144 literarum
1422 1100 1585 1144 studiis
1609 1113 1758 1157 usque

241 1181 298 1225 ad
335 1180 583 1224 novissima
621 1185 832 1237 tempora
868 1193 1055 1236 operam
1094 1178 1139 1220 in
1179 1177 1267 1221 hoc
1306 1177 1527 1235 scriptore
1563 1175 1761 1220 colloca-

241 1263 362 1300 runt.
433 1256 568 1308 Quod
607 1256 717 1298 dum
755 1256 820 1298 ita
856 1254 1049 1297 facimus
1085 1260 1137 1297 ut
1174 1254 1414 1312 primarios
1450 1258 1634 1297 tantum
1671 1251 1759 1295 hoc

243 1332 345 1376 loco
381 1346 693 1375 memoremus
729 1332 1020 1388 interpretes,
1045 1329 1159 1373 nihil
1198 1329 1391 1373 aliorum
1431 1329 1646 1373 laudibus
1682 1328 1760 1371 de-

244 1415 445 1452 tractum
469 1406 695 1457 volumus,
717 1406 793 1464 qui
820 1420 957 1450 unam
984 1405 1271 1463 alteramque
1296 1406 1614 1463 quaestionem
1642 1410 1762 1448 trac-

246 1485 435 1528 tandam
470 1483 553 1526 sibi
591 1488 902 1540 sumpserunt,
927 1496 1123 1539 quorum
1161 1496 1296 1540 saepe
1331 1482 1623 1525 utilissimam
1654 1495 1762 1538 ope—

247 1575 343 1604 ram
390 1560 525 1603 fuisse
564 1573 621 1602 ex
664 1558 1040 1602 annotationibus
1078 1559 1245 1602 nostris
1290 1557 1392 1616 plus
1431 1573 1523 1601 uno
1567 1558 1614 1601 in
1660 1557 1762 1601 loco

250 1635 551 1694 intelligetur.

317 1710 391 1754 Ac
426 1711 560 1769 primi
595 1710 780 1767 quidem
821 1710 1018 1753 editores
1062 1711 1167 1754 inde
1206 1711 1263 1754 ab
1296 1709 1422 1754 Aldo
1456 1710 1672 1754 Manutio
1703 1712 1763 1767 (a.

255 1785 414 1841 1504.)
457 1801 601 1843 usque
647 1787 702 1829 ad
747 1785 1035 1829 Gulielmum
1088 1785 1340 1829 Morelium
1389 1793 1436 1829 et
1484 1786 1763 1844 Dionysium

256 1860 533 1905 Lambinum
573 1867 628 1920 (a.
652 1862 812 1917 1570.)
850 1861 1123 1919 plerumque
1171 1862 1266 1906 sola
1303 1863 1441 1905 verba
1485 1862 1665 1906 Graeca
1706 1877 1765 1905 ex

255 1938 462 1995 pessimis
495 1953 709 1996 expressa
742 1939 977 1981 codicibus
1013 1938 1353 1981 exhibuerunt:
1391 1938 1766 1996 interpretationi

258 2014 380 2070 quod
428 2014 644 2057 inservire
692 2019 844 2071 posset
892 2013 1005 2056 nihil
1053 2014 1331 2057 addiderunt
1380 2019 1562 2071 praeter
1607 2015 1768 2057 tenuia

260 2089 486 2145 quaedam
523 2090 890 2142 annotationum,
917 2091 1082 2148 partim
1120 2106 1178 2133 ex
1205 2089 1382 2134 Budaei
1409 2089 1768 2134 Commentariis

261 2163 444 2221 linguae
465 2163 667 2207 Graecae
692 2164 1004 2215 collectarum,
1026 2172 1243 2222 tanquam
1271 2167 1535 2210 rudimenta
1555 2166 1770 2225 Ulpiani-

263 2253 352 2294 que
388 2238 571 2287 scholia,
602 2240 747 2282 donec
780 2238 1094 2298 Hieronymus
1115 2240 1317 2284 Wolfius
1353 2242 1625 2299 ampliorem
1661 2243 1769 2287 huic

265 2313 470 2369 scriptori
515 2327 699 2369 operam
742 2314 929 2357 dicaret.
1009 2314 1054 2357 Is
1096 2316 1216 2358 enim
1265 2331 1355 2359 non
1398 2317 1545 2359 solum
1595 2319 1770 2375 primus

267 2388 692 2444 interpretationem
732 2387 944 2432 Latinam
981 2390 1181 2434 confecit
1218 2390 1500 2449 Ulpianiqne
1536 2407 1770 2437 commen-

268 2462 405 2504 tarios
447 2462 638 2505 eandem
686 2463 731 2505 in
779 2463 982 2522 linguam
1029 2466 1451 2510 transtulit—miro
1494 2468 1538 2511 id
1580 2470 1766 2526 quidem

269 2536 469 2585 consilio,
498 2538 575 2580 sed
601 2544 755 2582 tamen
792 2554 872 2597 pro
907 2555 959 2583 ea
984 2556 1100 2598 quae
1130 2548 1227 2586 tum
1264 2548 1362 2586 erat
1399 2542 1559 2587 horum
1598 2545 1773 2588 studio-

269 2628 367 2655 rum
394 2613 656 2656 conditione
691 2629 780 2657 non
814 2620 906 2658 tam
945 2616 1115 2659 absono
1141 2632 1275 2675 quam
1306 2618 1496 2662 Reiskio
1522 2620 1669 2663 visum
1702 2627 1773 2664 est

270 2689 314 2730 in
334 2687 397 2729 W
402 2687 558 2730 olfium
584 2689 818 2733 invehenti
840 2690 1038 2735 Praefat.
1060 2692 1147 2736 vol.
1170 2696 1211 2736 1.
1232 2709 1274 2752 p.
1296 2697 1602 2739 40.——verum
1631 2698 1773 2741 etiam

272 2763 528 2819 copiosioris
564 2766 881 2808 commentarii
918 2766 1218 2812 fundamenta
1244 2769 1361 2827 jecit
1396 2772 1772 2815 annotationibus

272 2838 317 2879 in
353 2837 475 2880 calce
511 2839 722 2883 editionis
748 2839 1022 2887 Basileensis
1050 2858 1088 2887 a.
1112 2847 1251 2893 1572.
1288 2846 1556 2904 proposit-is:
1595 2847 1642 2889 in
1675 2847 1773 2904 qui-

273 2912 357 2955 bus
381 2913 465 2956 etsi
501 2912 695 2969 plurima
729 2922 835 2960 sunt
860 2933 975 2975 qnae
1011 2919 1148 2964 hodie
1181 2921 1399 2965 oblivioni
1430 2922 1548 2966 tradi
1575 2927 1771 2979 oportet,
