1950 3210
529 128 608 166 1)Ιέ
643 128 719 167 FA
731 128 835 168 LSA
874 129 1229 172 LEGATIONE.
1555 136 1628 173 :381

130 228 325 282 tliority.”
392 230 581 270 Perilaus
622 231 656 271 is
700 233 939 273 mentioned
979 239 1175 287 among-st
1216 236 1286 276 the
1329 237 1501 277 traitors
1533 238 1635 282 who,

127 285 236 325 after
259 285 395 339 Philip
418 286 500 325 had
524 287 674 339 gained
697 288 808 328 what
839 289 890 329 hc
913 290 1090 337 wanted,
1115 305 1219 330 were
1251 299 1341 332 cast
1372 294 1432 331 off
1458 294 1538 332 and
1569 295 1638 333 be-

129 355 245 381 came
267 341 510 396 universally
533 345 853 397 contenqitible:
889 345 940 385 de
961 346 1112 385 (toron.
1142 362 1180 400 p.
1201 359 1293 397 242.
1313 350 1349 400 ξ.
1369 352 1436 402 69.
1480 350 1636 389 SlllL-

130 396 295 437 LETO.

181 455 278 506 436,
304 465 340 493 2.
364 456 626 507 Πτοιόδωρος]
663 456 779 496 Conf.
802 458 855 497 ad
878 473 915 511 p.
938 471 1036 511 324,
1057 472 1116 507 14.

182 512 278 563 436,
301 522 340 562 5.
369 510 542 565 ἐτύρευε]
583 512 790 565 Ulpianus
821 528 913 567 exp.
945 516 1209 563 κατεσκεύαζε,
1241 517 1473 568 ἐμηχανᾶτο.
1537 517 1636 557 Cae-

126 568 263 605 terum
300 570 449 606 notatu
482 567 652 621 dignuin
684 573 759 617 est,
787 570 897 622 quod
929 570 1081 621 legitur
1112 571 1151 609 in
1191 571 1355 611 l'olluee
1377 575 1415 619 6,
1437 586 1504 625 32.
1535 575 1568 613 εἰ
1594 576 1635 613 δὲ

127 622 189 660 καὶ
212 622 464 672 Δημοσθένης
497 625 632 674 φησὶν,
658 625 677 661 ὁ
710 626 751 664 δὲ
783 627 896 665 ἕινὸου
918 622 1107 677 ἐτύρευευ,
1131 626 1220 667 ἀλλ’
1238 628 1306 667 οὐκ
1339 629 1464 680 ἔγωγε
1497 630 1635 669 ἀποδέ-

124 693 243 729 χομαι
265 679 307 717 τὸ
329 679 512 729 τυρεύειυ,
556 679 629 718 ΤΛ
645 680 815 720 YLOR.

182 735 203 772 ὁ
230 732 260 773 δ’
279 734 392 773 ἔνδον
415 736 586 788 ἐτύρευε]
627 736 889 776 Ptocodorus
917 737 1030 777 intus
1062 738 1102 777 in
1134 739 1236 778 urbe
1266 740 1382 783 clani,
1407 746 1519 781 tecte
1541 755 1635 780 con-

124 789 307 830 turbatis
329 789 369 828 in
392 791 570 844 negotiis
595 806 732 831 rerum
762 807 932 833 suarum
963 794 1195 847 satagebat,
1219 796 1273 835 ad
1306 796 1481 836 lubitum
1513 811 1633 836 suum

124 845 263 885 omnia
298 847 600 895 conformabat,
628 848 753 888 veluti
790 849 822 888 si
850 849 940 902 quis
975 849 1038 889 lac
1075 850 1275 902 pinsendo
1311 852 1508 905 butyrum
1539 853 1634 893 inde

122 900 287 941 officiat.
350 902 429 942 Est
454 903 596 955 utique
625 905 782 945 comica
804 910 846 945 et
867 905 1043 945 trivialis
1074 906 1241 955 locutio,
1265 909 1356 948 foro
1377 913 1519 949 tamen
1550 923 1632 949 non

123 956 216 997 ideo
239 957 421 1011 indigna.
466 959 660 1000 REISK.

178 1016 274 1066 436,
299 1011 343 1054 6Ῑ
366 1016 541 1068 τοιαῦτα]
580 1017 640 1056 Et
667 1032 772 1071 quae
803 1021 901 1057 sunt
932 1017 1015 1057 alia
1050 1018 1153 1058 talia
1188 1020 1376 1074 exempla
1407 1021 1633 1075 complura.

124 1068 318 1110 RElSK.
382 1071 434 1110 Υ.
458 1076 543 1111 not.
567 1073 621 1112 ad
641 1088 681 1126 p.
702 1075 767 1127 96,
790 1087 850 1113 10.
893 1073 1144 1113 SCHAEF.

178 1128 274 1178 436,
300 1128 338 1165 8.
365 1126 417 1176 μή
444 1145 508 1176 μοι
531 1129 712 1176 σωζέσθω
735 1147 767 1168 κ.
786 1147 819 1169 τ.
836 1129 896 1182 λ.Ἰ
933 1129 1151 1169 Laudatur
1185 1130 1245 1170 ita
1281 1132 1334 1171 ab
1368 1132 1634 1187 Hermogene

122 1195 162 1234 p.
188 1184 280 1233 264.
312 1184 363 1231 μή
393 1200 458 1232 μοι
487 1184 683 1233 σωζέσθω,
712 1185 795 1234 μηδ’
815 1186 1053 1225 ἀπολλύσθω
1081 1187 1222 1235 μηδεὶς,
1246 1186 1292 1227 ὃν
1313 1187 1362 1227 ἂν
1383 1190 1402 1227 ὁ
1426 1191 1536 1228 δεῖνα
1562 1188 1584 1239 ἢ
1613 1191 1634 1229 ὁ

123 1240 231 1277 ὃεῖυα
251 1240 453 1288 βούληται.
497 1239 758 1280 TAYLOR.

177 1296 274 1345 436,
294 1307 357 1333 10.
379 1295 618 1342 τούναντίου,
643 1297 780 1350 τούτῳ]
812 1298 932 1350 τούτῳ
954 1310 1037 1336 11011
1062 1297 1173 1338 redit
1195 1299 1249 1338 ad
1271 1299 1537 1349 Aeschinem,
1561 1301 1634 1341 sed

121 1349 176 1389 ad
198 1349 311 1389 illum
332 1350 494 1390 infinite
521 1352 818 1392 adumbratum
839 1352 879 1391 iu
903 1353 948 1392 ’ὸν
970 1367 1088 1392 versu
1111 1366 1171 1393 10.
1198 1355 1419 1408 quicunque
1439 1356 1474 1395 is
1495 1363 1552 1396 est
1564 1381 1632 1406 —,

120 1404 222 1445 kzwzc
251 1406 395 1459 efficite
416 1421 549 1459 poena
579 1409 830 1448 com-emente.
866 1408 1059 1449 REISK.
1122 1410 1254 1450 Recte
1279 1411 1488 1463 ί1011111ῒὸ11
1510 1413 1632 1461 ἂυ-,

120 1462 254 1515 τούτῳ.
318 1462 387 1501 Sic
423 1467 564 1503 autem
600 1470 695 1517 post
728 1465 953 1504 τούναντίον
984 1479 1067 1504 11011
1100 1465 1219 1518 plene
1255 1466 1633 1520 i11te1²1·›1111gend11111

120 1521 224 1566 erat,
260 1518 453 1571 ponenda
494 1519 800 1568 subdistinctio,
834 1535 958 1573 quain
998 1521 1137 1573 posuit
1176 1522 1355 1563 Bekker.
1429 1523 1575 1577 Neque
1609 1525 1633 1575 ἡ

120 1574 372 1623 προσήκουσα
402 1577 538 1626 ψῆφος
574 1590 667 1614 011111
703 1576 874 1615 Reiskio
906 1580 1071 1616 tantum
1103 1577 1154 1617 de
1185 1592 1318 1631 poena
1350 1578 1632 1633 intelligenda,

121 1629 194 1668 sed
215 1629 344 1669 etiam
365 1630 416 1669 de
436 1631 710 1671 absolutione.
753 1631 1005 1672 SCHAEF.

175 1688 271 1738 436,
285 1699 347 1740 13.
367 1687 980 1739 Καλλίστρατος-Ἀριστοφῶν,
999 1689 1238 1742 Διόφαυτος]
1258 1689 1401 1743 Colnp.
1417 1691 1468 1730 (le
1483 1690 1633 1732 Coron.

119 1755 159 1794 p.
180 1753 278 1794 301.
303 1743 340 1793 ξ.
365 1744 457 1793 278.
483 1743 618 1782 Καίτοι
643 1745 788 1783 πολλοὶ
815 1743 903 1793 παρ’
921 1746 1023 1793 ὑμῖν,
1048 1745 1184 1795 ἄνδρες
1203 1744 1418 1793 Ἀθηναῖοι,
1442 1748 1633 1797 γεγόνασι

118 1796 276 1848 ῥήτορες
298 1798 446 1847 ἔνδοξοι
467 1799 529 1837 καὶ
549 1798 717 1850 μεγάλοι
737 1799 811 1849 πρὸ
833 1800 937 1848 ἐμοῦ,
960 1801 1258 1850 Καλλίστρατος
1280 1801 1440 1847 ἐκεῖνος,
1455 1801 1633 1853 Ἀριστο-

120 1856 219 1903 φῶυ,
259 1852 458 1904 Κέφαλος,
495 1856 796 1905 Θρασύβουλος,
836 1856 960 1905 ἕτεροι
992 1856 1119 1905 μυρίοι
1151 1873 1182 1894 κ.
1205 1872 1238 1894 τ.
1262 1861 1300 1894 λ.
1368 1856 1634 1898 Callistratus

119 1922 204 1948 was
236 1923 261 1948 a
290 1908 481 1961 frequent
518 1924 638 1949 name
669 1914 863 1963 amongst
896 1911 968 1949 the
999 1911 1181 1951 Greeks:
1224 1917 1246 1933 ‘²
1262 1911 1350 1950 The
1384 1918 1494 1952 most
1530 1914 1632 1954 cele-

120 1964 271 2004 brated
301 1965 347 2003 of
372 1965 444 2004 the
475 1980 647 2018 persons
679 1966 725 2005 of
749 1966 833 2005 this
864 1980 984 2005 name
1015 1965 1050 2005 is
1078 1966 1355 2014 Callistratus,
1382 1968 1456 2007 the
1486 1983 1561 2008 son
1591 1970 1639 2010 of

121 2019 364 2060 Callicrates
383 2021 428 2059 of
444 2021 656 2074 Aphidna,
674 2021 747 2062 the
769 2036 870 2061 near
891 2021 1067 2061 relation
1089 2023 1135 2061 of
1152 2022 1402 2075 Agyrrhius,
1425 2038 1449 2063 a
1470 2024 1632 2065 famous

120 2080 266 2115 orator
295 2076 379 2116 and
408 2077 576 2130 general
598 2077 639 2116 in
660 2077 733 2117 the
756 2077 884 2117 100th
905 2077 989 2117 and
1010 2083 1131 2117 101st
1154 2078 1406 2131 Olylnpia(ls‚
1430 2082 1632 2121 censured

119 2131 184 2170 for
208 2132 273 2171 his
303 2132 464 2185 private
490 2133 559 2172 life
580 2133 953 2187 byTheopompos,
976 2134 1053 2173 but
1083 2133 1251 2186 praised
1281 2135 1344 2173 sor
1375 2135 1439 2174 his
1470 2137 1557 2176 zeal
1587 2136 1630 2176 in

120 2187 193 2227 the
218 2188 356 2241 public
384 2188 564 2228 service:
599 2189 652 2229 he
678 2188 712 2228 is
741 2189 830 2229 said
860 2194 905 2229 to
936 2189 1041 2229 have
1071 2189 1237 2229 exeited
1259 2189 1564 2232 Demosthenes
1585 2196 1630 2232 to

120 2243 192 2283 t-hc
214 2244 338 2297 study
360 2244 405 2283 of
431 2244 653 2297 eloquence
679 2245 735 2298 by
755 2245 827 2285 the
851 2245 1012 2285 famous
1042 2244 1223 2285 law-suit
1254 2246 1504 2301 concerning
1525 2247 1630 2288 Oro-

120 2313 211 2353 pus,
236 2300 319 2340 and
356 2300 509 2354 having
542 2301 647 2340 been
682 2307 729 2341 at
763 2301 855 2341 first
890 2301 1106 2353 acquitted
1137 2316 1219 2341 was
1255 2302 1500 2342 afterwards
1535 2318 1630 2344 con-

120 2355 297 2396 demned
318 2360 362 2396 to
385 2356 524 2403 death,
543 2356 584 2395 in
600 2357 760 2410 Olymp.
784 2371 874 2408 104„
896 2370 918 2408 3
929 2357 963 2396 .”
994 2357 1177 2396 Boeckh.
1200 2357 1322 2397 Publ.
1342 2358 1493 2398 Oecon.
1518 2359 1629 2399 book

123 2424 160 2452 2.
180 2425 242 2462 14.
304 2411 570 2465 Diophantus
595 2412 629 2451 is
660 2413 900 2453 mentioned
920 2428 959 2466 p.
981 2416 1077 2466 498.
1102 2414 1139 2464 ξ.
1160 2426 1250 2466 152.
1312 2413 1401 2453 The
1421 2429 1542 2454 name
1564 2430 1629 2455 oc-

120 2481 214 2507 curs
238 2467 353 2507 twice
375 2467 417 2506 in
438 2468 523 2508 this
546 2468 738 2517 Oration,
761 2470 800 2521 §.
825 2482 890 2521 97.
916 2470 954 2520 ξ.
979 2480 1072 2507 220.
1093 2469 1169 2508 but
1195 2469 1237 2508 in
1268 2469 1431 2509 neither
1452 2484 1630 2524 passage

120 2523 322 2577 probably
342 2523 377 2562 is
407 2524 478 2564 the
510 2538 623 2564 same
653 2539 803 2578 person
835 2524 1037 2578 signified.
1077 2523 1390 2564 SHILLETO.
1452 2525 1517 2565 Dc
1539 2526 1630 2566 Cal-

120 2579 285 2619 listrato
321 2579 479 2619 dictum
515 2580 570 2620 ad
600 2595 640 2633 p.
670 2594 766 2634 301,
792 2582 864 2628 18.,
895 2580 946 2619 de
977 2579 1285 2633 Aristophonte
1316 2580 1539 2620 Azeniensi
1574 2582 1630 2622 ad

120 2647 278 2688 11434,
304 2646 369 2674 21.
431 2635 698 2689 Diophantus
733 2636 854 2684 idem,
886 2640 935 2675 ut
965 2635 1141 2683 videtur,
1174 2640 1433 2675 memoratur
1463 2636 1517 2676 ab
1545 2638 1629 2677 Ae-

121 2690 265 2730 schine
285 2705 325 2744 p.
352 2703 415 2739 22,
438 2704 506 2745 33.

175 2747 272 2799 436,
294 2747 359 2785 18.
381 2746 538 2801 τοῦτον]
574 2747 723 2788 Malim
744 2749 911 2789 τούτους.
974 2746 1264 2787 Verecundius
1291 2746 1399 2785 enim
1428 2761 1521 2787 cum
1544 2747 1628 2788 Eu-

119 2801 217 2841 bulo
238 2801 327 2855 agit
349 2816 474 2855 quam
495 2808 543 2843 ut
564 2817 658 2843 eum
678 2808 767 2843 tam
787 2807 934 2856 aperte
955 2802 1157 2856 designet.
1200 2801 1370 2841 DOBR.

178 2856 334 2911 ἐάσητε]
368 2857 535 2899 Scilicet
562 2859 818 2912 praepollere
848 2858 1008 2912 legibus
1029 2863 1072 2897 et
1093 2857 1309 2898 sanctitati
1330 2863 1458 2910 atque
1479 2859 1628 2898 severi-

119 2912 200 2953 tati
221 2917 265 2953 et-
284 2913 498 2967 majestati
514 2914 765 2968 judiciorum
786 2920 829 2955 et
848 2913 1036 2968 religioni
1054 2912 1340 2967 jurisjurandi.
1382 2913 1576 2954 REISK.
