1935 3205
570 125 919 165 l’H11211’1’wA
957 124 1221 175 QUARTA.
1568 128 1651 166 203

137 234 354 280 Βυζαντίοις
376 233 613 271 ἀποστεῖλαι
634 232 836 281 βοήθειαν,
855 231 899 280 ἧς
921 231 1029 270 ἐστὶν
1052 231 1152 283 ἀρχὴ
1178 238 1200 250 '‘
1220 231 1293 269 Καὶ
1314 232 1653 280 σπουδαῖα-περὶ

135 290 258 329 αὐτῶν
280 287 439 328 etvetus*
501 290 616 337 Quae
640 303 688 327 ex
715 287 953 327 Callimachi
978 287 1132 326 tabulis
1155 285 1453 339 transscripsit,
1475 287 1657 339 genuina

134 360 186 385 an
210 344 351 398 spuria
372 343 426 384 sit
448 344 583 383 oratio
607 344 670 383 hic
694 358 775 383 non
798 343 929 397 magis
952 358 1076 396 quam
1099 343 1194 382 alibi
1219 357 1434 395 quaerens.

199 523 286 563 131,
317 525 348 550 1.
387 513 460 551 Καὶ
483 515 676 551 σπουδαῖα
710 513 874 562 νομίζων
906 530 937 551 κ.
962 529 992 550 τ.
1017 513 1073 562 R]
1115 510 1403 563 Hermogenes
1426 525 1463 562 p.
1485 523 1583 562 309.
1617 512 1656 550 αἱ

134 572 286 619 ταχεῖαι
310 569 370 607 καὶ
392 567 436 607 δι’
461 569 673 619 ἐλαχίστου
705 569 941 616 συμπλοκαὶ,
966 569 1061 607 οἷον·
1098 568 1173 606 Καὶ
1195 570 1390 606 σπουδαῖα
1421 568 1654 615 νομίζων-.

136 622 346 663 Aristides
367 624 418 663 (lc
442 623 494 662 D.
517 625 562 663 (J.
587 638 625 676 p.
648 637 742 677 310.
776 625 798 673 ἡ
820 626 861 663 δὲ
886 626 980 663 κατὰ
1002 625 1184 674 περίοδον
1209 622 1310 673 (scil.
1334 624 1550 674 σύνθεσις),
1573 623 1655 672 ἥτις

135 680 220 719 ἐστὶ
242 679 423 729 συντάξει
446 681 581 719 κώλων
614 681 674 718 καὶ
695 679 899 729 κομμάτων
932 682 985 721 εἰς
1007 679 1183 719 διάνοιαν
1207 678 1472 729 ἀπηρτισμένη
1495 679 1651 729 φράσις,

135 737 230 775 οἷον·
266 737 339 775 Καὶ
362 739 554 775 σπουδαῖα
579 737 811 784 ι»ὀμι’ζων-.
875 736 1008 775 Schol.
1035 735 1291 787 Ifflermogen.
1323 749 1361 787 p.
1385 736 1481 787 384.
1504 737 1655 784 ποιότη-

134 808 181 831 τα
211 791 450 843 πράγματος,
475 793 558 831 οἷον
591 793 632 830 ἐν
666 792 812 844 ἐκείνῳ·
852 792 927 831 Καὶ
961 795 1154 831 σπουδαῖα
1188 791 1420 839 νομίζων-.
1455 795 1497 829 et
1532 791 1655 843 paulo

135 855 230 901 post
250 864 257 887 :
292 847 519 897 συμπλέξας
542 849 596 893 δὲ,
621 848 716 886 οἷον·
753 849 830 886 Καὶ
853 851 1046 887 σπουδαῖα
1068 847 1302 896 νομίζων-.
1366 846 1561 885 REISK.

193 903 405 957 σπουδαῖα]
444 907 613 953 σπουδῆς
649 904 748 953 ἄξια.
784 910 831 943 ut
866 903 1075 943 Isocrates
1107 903 1158 942 dc
1194 916 1325 954 pace:
1351 900 1551 943 ‘'Am-omres
1582 904 1656 952 μὲν

136 960 319 999 εἰώθασιν
353 962 388 999 οἱ
421 961 624 1011 παριόντες
647 961 784 999 ἐνθάδε
818 963 939 998 ταῦτα
970 959 1139 1010 μέγιστα
1170 958 1339 1008 φάσκειν
1371 957 1471 997 εἶναι
1503 959 1564 998 καὶ
1584 959 1654 1008 μά-

135 1020 253 1055 λιστα
275 1019 443 1065 σπουδῆς
465 1018 551 1065 ἄξια
572 1018 616 1066 τῇ
640 1018 765 1063 πόλει,
790 1017 876 1066 περὶ
909 1017 961 1055 ὧν
984 1015 1031 1055 ἂν
1065 1015 1172 1054 αὐτοὶ
1197 1014 1378 1064 μέλλωσι
1411 1015 1656 1063 συμβουλεύ-

136 1088 205 1111 ειν.
269 1071 460 1112 WOLF.

197 1141 286 1180 131⁷
309 1140 347 1180 5.
372 1128 484 1168 οὐδέν
507 1127 923 1177 ἐστιν-ἀφεστήκατε
946 1131 1021 1166 τῶν
1042 1125 1295 1177 πραγμάτων]
1323 1124 1467 1165 citant
1490 1126 1653 1166 Allecd.

136 1183 267 1223 Bokk.
290 1199 329 1237 p.
357 1197 449 1232 120,
472 1198 513 1235 5.
578 1183 909 1224 SOHAEFER.

201 1252 289 1291 131,
314 1253 351 1291 7.
375 1241 432 1278 ὅτι
454 1244 536 1281 ταῖς
557 1240 862 1291 γνώμαις-τῶν
883 1237 1136 1290 πραγμάτων]
1164 1238 1222 1276 ὅτι
1243 1237 1287 1276 οὐ
1310 1237 1547 1284 σπουδάζετε
1567 1238 1654 1288 περὶ

136 1297 183 1334 τὰ
204 1295 423 1346 πράγματα.
488 1296 621 1348 Supra
646 1298 706 1347 (p.
729 1308 796 1348 43,
818 1298 904 1344 22.)
929 1294 1190 1345 ἀπηρτημένοι
1211 1293 1273 1332 καὶ
1295 1297 1377 1334 ταῖς
1400 1294 1569 1344 γνώμαις
1591 1296 1654 1333 καὶ

135 1354 218 1392 ταῖς
239 1355 516 1401 παρασκευαῖς.
580 1350 770 1391 WOLF.

200 1419 287 1460 131,
326 1418 545 1460 15.—132,
578 1420 640 1446 10.
678 1406 831 1446 Efficta
867 1421 917 1446 ex
951 1404 1187 1458 Philippica
1228 1405 1410 1444 secunda
1445 1405 1498 1444 ab
1535 1404 1653 1444 initio

136 1476 264 1515 usque
286 1463 339 1502 ad
361 1478 400 1515 p.
423 1465 489 1511 66,
516 1475 577 1502 20.
602 1467 644 1502 et
667 1462 836 1515 Olynth.
862 1462 1043 1501 secunda
1066 1475 1104 1514 p.
1132 1473 1195 1508 21,
1223 1472 1288 1499 20.
1352 1460 1523 1500 DOBR.

200 1530 287 1570 132,
313 1531 349 1559 2.
385 1520 595 1569 περίεσμεν
615 1521 666 1572 τῷ
685 1518 813 1572 λόγῳ]
852 1521 897 1573 τῇ
920 1518 1175 1569 δικαιολογία,
1199 1517 1250 1570 τῷ
1283 1519 1412 1556 δοκεῖν
1434 1517 1654 1567 δικαιότερα

135 1572 270 1624 λέγειν
292 1578 367 1614 τῶν
389 1575 536 1620 ἄλλων,
561 1576 668 1614 ἀλλὰ
687 1574 751 1624 μὴ,
776 1575 820 1623 τῇ
843 1575 1032 1622 δεινότητι
1048 1577 1125 1612 τῶν
1145 1573 1290 1623 λόγων.
1354 1571 1463 1611 Nam
1484 1571 1549 1610 hio
1570 1586 1653 1610 non

135 1629 185 1668 de
207 1630 444 1682 eloquentia
464 1630 687 1683 praecipue
707 1629 862 1684 agitur,
886 1629 958 1668 sed
981 1629 1031 1668 de
1052 1628 1269 1681 aequitate
1292 1642 1464 1667 caussae
1487 1633 1529 1667 et
1555 1628 1653 1680 jure

134 1685 397 1738 reipublicae.
461 1686 650 1726 WOLF.

200 1754 286 1793 132,
308 1755 347 1793 5.
381 1744 478 1791 μετὰ
498 1741 638 1796 ταῦτα]
677 1741 708 1780 Ι.
732 1756 765 1780 e.
789 1746 886 1794 post,
920 1740 996 1780 has
1031 1740 1296 1791 δικαιολογίας
1319 1739 1380 1778 καὶ
1403 1741 1650 1790 δημηγορίας.

136 1796 467 1837 SCHAEFER.

191 1854 628 1908 πᾶσι-κινδυνεύσων]
663 1857 761 1893 πᾶσι
793 1857 873 1895 τοῖς
904 1853 1016 1892 οὖσιν
1038 1851 1198 1901 ἑτοίμως
1230 1851 1472 1897 κινδυνεύων,
1496 1850 1539 1888 in
1561 1849 1653 1890 belli

133 1907 345 1948 discrimen
380 1923 506 1949 onmes
535 1910 730 1962 fortunas
761 1915 796 1948 et-
826 1922 912 1961 opes
945 1921 1038 1948 suas
1073 1907 1268 1946 adducere·
1307 1905 1414 1945 nihil
1452 1905 1650 1946 dubitans.

140 1963 330 2004 WOLF.

198 2032 287 2071 132,
313 2034 349 2071 7.
372 2024 419 2060 τὰ
442 2020 556 2074 ἔργα]
582 2019 762 2073 Philippi
784 2019 983 2060 facinora.
1046 2017 1239 2057 REISK.

191 2077 277 2117 τοὺς
297 2078 459 2129 λόγους]
490 2076 653 2116 Titulos
670 2075 778 2129 juris
800 2091 825 2115 a
847 2075 966 2114 nobis
982 2074 1183 2127 jactatos.
1245 2072 1438 2112 REISK.

197 2143 289 2184 132,
314 2135 350 2170 8.
378 2131 630 2185 παρέρχεται]
665 2132 858 2183 διέρχεται
880 2131 1037 2170 Aldina
1060 2128 1241 2183 Taylori,
1266 2128 1431 2177 Bavar„
1453 2127 1525 2167 sed
1556 2141 1648 2166 cum

136 2188 416 2241 superscripta
451 2188 635 2241 vulgat-a.
678 2187 874 2227 REISK.
899 2185 1138 2240 praevertit.
1200 2184 1296 2224 Hoc
1333 2189 1396 2224 est
1434 2184 1545 2237 quod
1566 2183 1651 2223 De-

135 2242 371 2283 mosthenes
404 2244 518 2291 dicit,
543 2243 825 2283 Athenienses
845 2245 1024 2293 ὑστερεῖν
1056 2256 1088 2280 s,
1109 2241 1322 2291 ὑστερίζειν
1352 2243 1428 2278 τῶν
1460 2240 1585 2290 ἔργων
1616 2254 1647 2279 s.

135 2301 211 2336 τῶν
232 2303 384 2349 καιρῶν.
419 2299 751 2339 SCHAEFER.
815 2299 963 2351 Inepte
992 2297 1180 2337 confudit
1204 2295 1384 2349 Philipp.
1410 2295 1467 2334 II.
1492 2295 1581 2335 init.
1605 2300 1649 2335 et,

137 2352 305 2406 Olynth.
332 2355 387 2394 Π.
410 2369 447 2408 p.
475 2367 538 2398 21.
565 2368 629 2395 20.
652 2355 715 2394 vel
736 2354 910 2394 similem
930 2354 1066 2393 locum
1089 2352 1260 2392 DOBR.

203 2421 287 2461 132,
315 2423 378 2449 11.
417 2411 529 2450 οὐδὲν
559 2410 843 2463 γὰρ-λέγειν]
877 2410 1011 2449 Juvat
1046 2408 1155 2448 enim
1190 2406 1408 2447 atrocitati
1443 2405 1648 2446 orationis

136 2468 394 2516 temperare:
437 2480 688 2519 quamquam
720 2465 889 2519 gravius
925 2469 967 2504 et
1003 2463 1288 2504 vehementius
1325 2476 1397 2501 vos
1433 2461 1649 2514 increpare

136 2518 300 2559 licebat.
362 2521 554 2561 REISK.

199 2587 287 2628 132,
316 2589 377 2615 12.
409 2577 620 2629 τοιγάρτοι]
663 2577 746 2616 Est
777 2576 1169 2626 συμπερασματικόν;
1209 2574 1332 2612 docet
1362 2572 1471 2611 enim
1503 2577 1650 2611 orator

137 2643 240 2682 quae
262 2645 312 2670 ex
333 2631 401 2672 illa
418 2632 741 2672 Atheniensium
762 2632 925 2684 ῥᾳθυμίᾳ
942 2634 1262 2682 consequantur.
1315 2628 1511 2668 Ceterum
1528 2627 1642 2674 talia.

137 2685 271 2737 qualia
303 2687 368 2726 hic
405 2687 593 2741 legimus,
627 2687 1061 2738 τοιγάρτοι-παρεῖναι
1099 2689 1155 2735 (v.
1192 2685 1290 2734 27.),
1327 2682 1645 2729 Demosthenes,

136 2740 294 2792 opinor,
318 2757 398 2781 non
421 2748 511 2782 erat
534 2743 778 2795 scripturus.
840 2740 1081 2781 SCHAEF
1085 2739 1178 2778 ER.

192 2796 396 2847 τοιγάρτοι,
420 2799 675 2848 διεστηκότων
697 2815 730 2836 κ.
754 2813 786 2836 τ.
809 2797 867 2848 λ.]
908 2795 1023 2836 Citat
1046 2796 1084 2834 h.
1107 2795 1132 2833 l.
1157 2793 1363 2834 Stobaeus
1394 2807 1432 2844 p.
1460 2804 1552 2842 244,
1579 2805 1643 2831 10.

138 2850 331 2891 REISK.

200 2919 286 2958 132.
331 2910 386 2945 18.
427 2908 590 2961 ἐκείνου]
630 2907 822 2960 Philippi.
859 2905 1112 2946 SEAGER.
1148 2904 1263 2943 Diar.
1300 2902 1468 2943 Classie.
1501 2913 1568 2954 52.
1602 2916 1641 2954 p.
