1934 3179
268 154 352 194 556
670 155 749 196 DE
784 157 984 197 FALSA
1021 156 1382 196 LEGATIONE.

268 258 330 296 διὰ
351 259 472 296 ταῦτα
493 261 540 298 ut
561 272 583 298 e
611 273 790 311 persona
820 258 948 310 ipsius
970 258 1150 298 oratoris
1174 259 1423 309 ἀποφατικῶς
1444 257 1602 298 dictum
1634 258 1780 299 intelli-

266 312 395 366 genti.
445 313 501 352 V.
526 319 613 354 not.
637 328 721 367 seq.
765 314 1011 355 SGHAEF.

323 382 420 419 410,
442 380 482 421 5.
514 370 558 408 οὐ
581 372 642 409 διὰ
664 370 799 423 ταῦτα]
833 369 967 409 Scilic.
989 384 1140 409 accuso
1169 384 1245 423 ego
1274 374 1316 410 te
1345 373 1522 422 tuosque
1553 377 1779 419 consortes,

267 424 488 464 Aeschine.
531 425 725 464 REISK.
787 425 903 465 Oonf.
923 426 989 465 οὐκ
1013 426 1097 464 ἔστι
1120 428 1237 464 ταῦτα
1258 440 1293 464 v.
1321 427 1378 464 16.
1422 425 1673 466 SOHAEF.

321 493 418 530 410,
438 481 476 519 6.
499 479 638 533 ταῦτα]
670 482 802 531 φόβον
824 482 885 520 καὶ
907 482 1068 520 δειλίαν.
1123 482 1186 520 At
1208 485 1397 520 extrema
1419 481 1495 521 hac
1517 482 1671 535 pagina
1692 482 1781 536 ipse

265 536 426 575 fatetur
452 550 496 574 se
526 540 713 575 metuere
734 550 786 575 nc
808 536 885 575 sibi
913 536 1021 576 idem
1044 537 1154 589 quod
1182 536 1381 576 Aeschini
1413 537 1466 576 ab
1488 537 1597 577 irato
1628 538 1780 591 populo

264 591 362 630 olim
383 590 559 630 accidat.
623 591 783 644 Nempe
805 591 901 631 talis
922 596 1059 631 metus
1080 606 1270 632 caussam
1292 593 1421 632 habet
1437 593 1611 645 justam,
1630 599 1779 647 utpote

265 651 382 686 ortus
412 660 433 686 e
459 649 621 700 προνοίᾳ
644 651 709 686 τοῦ
735 648 951 697 μέλλοντος
976 651 1032 700 (v,
1058 650 1168 697 26.);
1202 648 1273 687 scd
1305 647 1371 687 hic
1403 648 1600 688 amolitur
1625 649 1780 689 crimen

265 701 454 755 ignaviae
477 706 519 741 et
541 702 797 743 timiditatis.
841 703 1092 744 SCHAEF.

321 771 416 807 410,
435 769 472 808 7.
495 758 576 812 καὶ]
606 759 781 798 Orditur
801 759 1086 799 amolitionem
1110 760 1203 798 novi
1221 759 1403 799 criminis
1420 763 1487 798 τοῦ
1503 766 1778 812 συκοφαντεῖν.

266 813 320 852 V.
346 813 560 853 Porsonus
581 815 636 854 ad
658 814 850 868 Euripid.
877 815 1092 854 Phocniss.
1114 826 1232 869 1373.
1278 815 1530 855 SOHAEF.

320 882 415 918 410,
441 870 477 908 8.
503 870 686 922 ἔλαττον]
724 870 817 909 Non
850 871 1005 924 pendet
1035 886 1060 910 a
1089 873 1272 917 διδόντος,
1297 872 1370 910 scd
1401 886 1425 910 a
1457 876 1613 920 λαβεῖν.
1674 873 1779 912 Τανι-

263 925 421 964 tundem
442 932 633 978 quantumi
653 926 791 965 Ιιονιιυι
812 927 983 980 quisque.
1029 927 1277 967 SGHAEF.

325 994 420 1029 410,
446 993 505 1020 10.
539 986 614 1021 τῶν
643 982 768 1021 αὐτῶν
797 984 1104 1035 κεκοινωνηκότι]
1143 985 1176 1022 εἰ
1206 987 1281 1022 τῶν
1314 983 1438 1022 αὐτῶν
1471 984 1774 1033 κεκοινωνήκειν.

264 1036 515 1076 SOHAEF.

319 1105 414 1141 410,
439 1105 499 1143 13.
530 1094 569 1131 ἐκ
592 1097 667 1132 τῶν
691 1094 811 1146 ἰδίων]
849 1094 1035 1133 Subaudi
1059 1094 1270 1143 κτημάτων.
1327 1095 1395 1132 Ειν
1416 1094 1543 1145 ipsias
1564 1095 1659 1134 meis
1679 1110 1777 1148 pro-

255 1148 365 1201 priis
386 1147 504 1187 bonis.
552 1148 745 1188 REISK.

321 1205 519 1243 τοσούτων
541 1204 769 1258 χρημάτων]
807 1206 887 1244 Pro
909 1211 1021 1244 tanta
1043 1205 1147 1244 aeris
1167 1219 1332 1244 smnma.
1377 1204 1572 1244 REISK.

320 1272 416 1309 410,
435 1271 499 1298 21.
525 1261 583 1298 καὶ
605 1261 672 1299 οὐκ
684 1261 890 1302 -οὐὸενός
913 1261 1086 1313 κέρδους]
1126 1260 1272 1301 Citant
1292 1261 1452 1300 Anccd.
1474 1261 1603 1300 Bekk.
1622 1277 1662 1315 p.
1685 1274 1775 1311 122,

273 1328 331 1353 10.
384 1315 634 1355 SGHAEF.

326 1384 421 1420 410,
453 1383 516 1410 22.
550 1373 796 1424 φιλοτιμίαν]
838 1372 1032 1417 Laudem„
1065 1372 1247 1426 pluriam.
1295 1377 1369 1412 τῶν
1404 1373 1509 1412 ἰδίων
1545 1378 1776 1423 φιλοτιμιῶν

264 1442 299 1465 v.
326 1439 387 1476 24.
435 1427 488 1465 V.
512 1432 599 1466 not.
623 1428 676 1466 ad
698 1442 736 1480 p.
763 1440 828 1476 22,
856 1440 919 1468 21.
950 1440 1119 1474 220,Ι2.
1172 1431 1236 1477 τῆς
1256 1427 1344 1479 παρ’
1362 1429 1467 1477 ὑμῶν
1487 1431 1595 1478 τιμῆς
1616 1443 1654 1482 p.
1680 1443 1773 1479 411,

268 1495 332 1534 25.
377 1482 629 1522 SCHAEF.

321 1551 416 1585 410,
434 1550 498 1588 24.
524 1542 599 1577 τῶν
621 1540 726 1577 ἰδίων
749 1539 1000 1592 φιλοτιμιῶν]
1036 1541 1195 1579 ἐπαίνου
1218 1540 1279 1579 καὶ
1302 1539 1476 1588 κλήσεως
1499 1541 1551 1581 εἰς
1572 1540 1614 1579 τὸ
1636 1557 1774 1591 πρυτα-

268 1598 384 1632 νεῖον.
429 1593 481 1631 V.
507 1608 545 1646 p.
567 1605 663 1646 351,
690 1606 725 1633 2,
752 1608 811 1634 10.
856 1594 1108 1634 SCHAEF.

321 1662 417 1698 410,
443 1661 506 1700 25.
530 1649 756 1698 ὅλην-τὴν
777 1650 1015 1703 πρεσβείαν]
1053 1652 1192 1690 Omnes
1212 1651 1364 1703 (afflatos.
1410 1650 1661 1691 SCHAEF.

322 1718 417 1754 411,
449 1718 484 1744 2.
514 1704 619 1757 τότε]
655 1705 721 1744 Sc.
745 1706 839 1744 ὅταν
874 1706 914 1744 τὸ
950 1706 1114 1755 μέλλον,
1149 1706 1168 1744 ὂ
1200 1710 1432 1757 προορῶμαι,
1467 1706 1638 1758 γένηται,
1672 1707 1774 1746 τοῦτ’

266 1761 387 1805 ἔστιν,
412 1762 506 1799 ὅταν
528 1760 671 1808 πάθητε
695 1763 741 1799 τὰ
763 1761 879 1800 δεινά.
926 1761 1173 1801 SUHAEF.

321 1828 366 1864 41
386 1829 417 1863 1,
431 1829 471 1867 3.
498 1816 831 1869 ἀναπεπτωκότες]
856 1816 909 1855 V.
927 1817 1086 1856 Allocd.
1105 1817 1234 1857 Bekk.
1252 1832 1290 1869 p.
1310 1830 1401 1869 215,
1423 1831 1429 1855 1
1449 1830 1480 1857 ῐ.
1522 1817 1771 1857 SCHAEF.

320 1885 368 1920 41
388 1885 416 1919 1,
439 1882 478 1923 5.
507 1873 744 1911 ἐκλελύσθαι
769 1889 833 1921 μοι
856 1875 1002 1912 δοκεῖτε
1025 1891 1057 1911 κ.
1082 1889 1114 1911 τ.
1138 1874 1194 1925 λ.]
1236 1873 1399 1912 Laudat
1424 1873 1710 1926 Hermogenes
1732 1888 1771 1926 p.

268 1940 361 1977 250,
386 1926 618 1979 iterumque
641 1941 679 1979 p.
706 1938 798 1980 252.
833 1927 1092 1967 TAYLOR.
1155 1928 1346 1968 Tiberius
1368 1943 1407 1981 p.
1433 1941 1496 1968 20.
1528 1928 1586 1967 sic
1618 1929 1774 1982 scripta

265 1982 393 2021 citat:
436 1983 544 2031 ὑμεῖς
583 1981 613 2021 δ’
644 1984 880 2022 ἐκλελύσθαι
919 2001 984 2033 μοι
1025 1987 1173 2023 δοκεῖτε
1215 1985 1276 2023 καὶ
1316 1988 1455 2023 παθεῖν
1487 1985 1694 2033 ἀναμένειν
1727 1987 1775 2024 τὰ

265 2039 384 2082 δεινὰ,
408 2040 606 2088 πόρρωθεν
623 2037 652 2077 δ’
669 2040 834 2088 ὁρῶντες
861 2040 905 2078 οὐ
934 2039 1214 2090 φυλάττεσθαι.
1272 2039 1357 2078 Ubi
1380 2039 1541 2079 editor:
1577 2046 1600 2061 “
1616 2040 1714 2079 Ood.
1733 2042 1773 2079 δὲ

266 2093 549 2132 ἐκλελ.-(3τὶ11.
571 2097 615 2133 et
638 2093 687 2132 P.
713 2095 1074 2143 ἀναμεῖναι-ἐπεὶ
1095 2099 1194 2134 ante
1216 2096 1416 2145 πόρρωθεν
1430 2095 1774 2145 -φυλάττεσθε.”

268 2148 519 2187 SGHAEF.
1563 2182 1572 2189 .

322 2207 461 2242 παθεῖν
488 2203 693 2253 ἀναμένειν
721 2207 768 2243 τὰ
799 2205 923 2256 δεινὰ]
966 2204 1015 2243 Id
1047 2210 1111 2244 est
1143 2205 1352 2254 ἀναμένειν
1379 2205 1419 2244 τὸ
1452 2209 1591 2245 παθεῖν
1612 2206 1673 2245 vcl
1704 2206 1774 2255 τὴν

265 2261 332 2297 τοῦ
350 2261 394 2297 τὰ
416 2261 523 2297 δεινὰ
544 2263 683 2298 παθεῖν
699 2261 884 2309 ἀνάγκην.
934 2260 1123 2313 Oppei‘m'
1142 2260 1405 2300 tolerationem
1427 2261 1621 2300 malm-zm
1643 2262 1773 2315 'ipsam

267 2313 328 2352 vel
350 2314 610 2352 necessitatem
632 2314 738 2352 mala
761 2315 968 2354 tolerandi.
1012 2315 1204 2355 REISK.

323 2382 417 2418 411,
443 2370 479 2407 8.
504 2369 755 2408 δεινὸν-καὶ
776 2370 984 2422 ὑπερφυὲς]
1020 2370 1138 2409 Haec
1156 2371 1392 2424 junguntur
1413 2371 1541 2411 ctiam
1563 2387 1601 2424 p.
1621 2384 1716 2424 543,
1734 2384 1769 2411 2.

268 2423 518 2463 SCHAEF.

328 2492 508 2529 411,10.
545 2479 768 2532 Πυθοκλέα]
803 2480 864 2519 Dc
896 2480 973 2519 hoc
1008 2480 1207 2533 Pythocle
1229 2495 1264 2520 v.
1290 2481 1616 2534 disputationem
1650 2482 1770 2522 Butt-

266 2534 404 2574 manni
427 2534 467 2573 in
491 2534 696 2573 Friedcm.
718 2535 951 2575 Miscellan.
974 2536 1113 2576 Critic.
1142 2548 1177 2574 2.
1200 2550 1230 2575 1.
1252 2551 1291 2589 p.
1315 2551 1381 2589 49.
1406 2551 1458 2576 ss.
1503 2536 1750 2576 SOHAEF.

328 2591 448 2643 τούτῳ
490 2590 589 2629 πάνυ
630 2592 914 2640 φιλανθρώπως
951 2609 982 2630 κ.
1010 2608 1041 2630 τ.
1069 2591 1129 2645 λ.]
1188 2591 1439 2632 scholiastes
1486 2592 1540 2631 ad
1581 2592 1768 2645 Euripid.

267 2644 428 2684 Hecub.
455 2656 551 2697 554.
579 2659 618 2697 p.
646 2656 733 2696 127.
760 2646 825 2684 ed.
851 2646 1009 2686 Matth.
1042 2648 1102 2686 καὶ
1133 2649 1236 2697 παρὰ
1269 2647 1527 2697 Δημοσθένει·
1560 2649 1679 2700 τούτῳ
1708 2654 1771 2698 φι-

265 2701 500 2750 λανθρώπως
530 2702 708 2751 ἐχρώμην
732 2703 785 2742 εἰς
812 2701 924 2750 τήνδε
947 2702 1015 2750 τὴν
1038 2702 1195 2753 ἡμέραν,
1221 2703 1306 2741 ἀντὶ
1331 2707 1411 2748 τοῦ,
1434 2703 1548 2754 μέχρι
1569 2706 1684 2751 τῆσδε
1707 2707 1771 2752 τῆς

265 2755 419 2804 ἡμέρας.
464 2755 711 2794 SCHAEF.

322 2823 419 2858 411,
448 2824 508 2848 11.
538 2811 837 2863 φιλανθρώπως]
877 2812 953 2851 Est
987 2812 1010 2851 i.
1035 2828 1071 2866 q.
1102 2815 1260 2858 οἰκείως,
1292 2827 1468 2865 quocum
1499 2812 1639 2865 jungit
1676 2813 1769 2851 Plu-

269 2865 436 2903 tarchus
462 2865 569 2903 Mor.
594 2880 632 2917 p.
654 2869 729 2903 162
755 2867 804 2904 F..
829 2867 907 2906 etsi
939 2868 1038 2906 nihil
1069 2868 1241 2920 impedit
1264 2869 1549 2918 φιλανθρώπως
1571 2867 1652 2907 illic
1675 2881 1767 2920 pro-

267 2918 353 2968 prio
375 2919 561 2967 intelligi.
607 2922 865 2959 SUI—{AER
