1935 3205
539 148 882 187 PIIILIPPIOA
925 147 1130 186 PRIMA.
1511 151 1590 188 1053

136 252 484 306 45,16.τροψην]
509 254 536 291 (
534 254 625 293 onf.
652 256 771 306 Q.32
789 267 857 307 33.
917 253 1016 292 -ann
1040 252 1106 291 hie
1129 259 1274 293 orator
1295 253 1405 292 hoe
1397 269 1460 292 me
1454 254 1540 292 ··uI‹
1532 261 1587 293 :nt

81 307 192 370 quod
224 307 509 360 expeditiones
534 277 867 355 Atheniensium.
891 323 1016 362 quum
1049 308 1200 348 milites
1232 323 1474 349 111(1((111111
1507 324 1590 348 om-

80 363 193 402 nium
227 377 362 403 rerum
399 363 535 417 inopia
573 365 649 404 sihi
683 365 757 418 ipsi
795 365 1008 404 consulem
1039 365 1467 414 coam-entur.i1··1it;»1‹
1503 380 1592 404 ess(

81 419 297 465 solebant3
333 420 1225 474 ei.Q.52.(tp.26,12.s‹1‹1.SAUPP.

136 488 204 528 45,
235 486 295 526 17.
318 477 735 531 τίς-πόση-πόθειι]
761 477 875 517 (lons.
899 477 952 516 ad
974 491 1013 529 p.
1035 490 1102 526 44„
1127 492 1163 528 ι).

136 543 204 583 45,
234 533 293 570 18.
329 531 558 586 ἐθελήσετε]
596 533 868 572 Scribendum
901 533 1080 582 ἐθελήσει
1118 534 1190 581 (se.
1212 533 1234 581 ἠ
1261 533 1433 583 δύναμις)
1464 546 1513 571 ex
1546 534 1588 569 S.

81 587 339 638 “Quomodo
365 588 468 627 effici
498 594 637 642 posset
665 595 711 629 nt
733 589 884 628 milites
911 587 1154 628 mercenarii
1180 601 1267 627 rem
1291 587 1404 626 urhis
1426 594 1592 627 strenue

79 648 264 696 agerent,
300 643 376 682 hoc
416 658 623 698 exponere
659 645 839 685 debebat
880 651 1023 684 orator
1057 649 1185 696 atquc
1227 644 1417 696 exposuit
1456 646 1491 697 Q.
1529 649 1592 682 26.

80 699 193 752 sqq.”
254 699 465 739 SAUPP.

137 766 207 807 45,
231 767 295 794 20.
317 755 451 804 ξένους
471 757 543 805 μὲν
564 755 690 808 λέγω]
716 755 919 795 Dicturus
941 760 1033 795 erat
1057 762 1155 807 quot
1179 755 1331 794 milites
1353 755 1594 794 mercenarii

80 809 157 849 sibi
191 811 383 850 mittendi
418 826 507 850 esse
535 811 784 851 viderentur.
847 812 909 851 Ne
939 826 1033 849 vero
1067 811 1347 850 Athenienses
1379 825 1593 850 numerum

79 880 252 919 parvum
274 866 470 915 riderent,
494 867 760 920 parenthesin
798 867 993 911 inserui&
1029 881 1110 919 qna
1141 867 1332 906 absoluta
1363 881 1591 906 sermonem

79 922 305 975 abruptum
337 922 459 962 aliter
483 929 610 975 atque
639 923 814 976 primum
847 924 1033 962 voluerat
1056 922 1189 961 verbis
1222 922 1326 973 λέγω
1359 923 1402 971 δή
1425 924 1483 976 (Q.
1508 925 1592 973 24.)

79 977 350 1018 continuavit
413 978 570 1017 SAUP
579 979 622 1017 P.

135 1045 203 1085 45,
225 1047 288 1072 21.
311 1033 420 1073 πάντ’
444 1035 592 1073 ελάττω
616 1034 852 1086 νομίζοντες]
879 1033 939 1073 Cf.
963 1048 1001 1085 p.
1018 1047 1041 1087 3
1052 1047 1086 1073 2.
1111 1035 1144 1072 εἰ
1165 1035 1238 1084 γὰρ
1261 1034 1425 1084 αὐτάρκη
1449 1035 1495 1072 τὰ
1516 1038 1594 1084 ψη-

80 1089 293 1139 φίσματα’
272 1106 320 1138 ην
335 1089 357 1138 ὴ
376 1091 469 1139 ὑμᾶς
489 1090 718 1160 αναγκαζειι
735 1091 759 1129 ἃ
780 1105 965 1139 προσηκει
986 1106 1169 1139 πραττειν
1185 1107 1207 1138 η
1224 1106 1310 1140 περι
1328 1107 1380 1129 ων
1395 1090 1442 1129 ἂν
1463 1091 1595 1143 γραφῇ

80 1144 376 1194 διαπράξασθαι,
392 1145 468 1185 οὔτ’
487 1145 536 1185 ἂν
556 1148 662 1196 ὑμεῖς
683 1148 815 1185 πολλὰ
832 1145 1238 1196 ψηφιζόμενοιμικρὰ,
1260 1149 1449 1195 μᾶλλον
1433 1161 1452 1185 ο
1482 1145 1595 1184 οὐδὲν

83 1199 289 1251 ἐπράττετε
311 1202 468 1249 τούτων,
492 1203 579 1241 οὕτε
603 1220 632 1240 κ.
656 1218 688 1240 τ.
711 1207 748 1239 λ.
812 1200 998 1239 VOEM.

137 1267 205 1309 45,
231 1258 295 1296 26.
319 1257 569 1310 στρατιώτας]
593 1261 823 1307 στρατιῶται
844 1256 884 1295 h.
906 1255 930 1294 l.
954 1261 995 1296 et
1018 1255 1124 1296 infra
1146 1271 1184 1309 p.
1203 1258 1271 1304 48.
1294 1261 1337 1295 et
1358 1270 1426 1306 49.
1445 1255 1596 1308 equiti—

81 1311 159 1351 bus
195 1316 462 1365 opponuntur
494 1312 519 1351 i.
553 1328 590 1365 q.
623 1315 739 1360 πεζοί,
764 1326 866 1364 quos
902 1311 1090 1365 proxime
1123 1312 1324 1351 nominat.
1398 1311 1595 1365 Xenoph.

83 1366 194 1407 Hell.
222 1381 254 1415 1,
278 1382 316 1421 3,
348 1381 407 1407 10.
431 1370 667 1417 στρατιώτας
689 1369 749 1407 καὶ
773 1370 911 1408 ἱππεῖς.
974 1367 1161 1406 ΥΟΕΜ.

138 1435 206 1476 45,
232 1425 296 1462 28.
319 1423 487 1477 ἡλικίας]
514 1423 825 1477 Harpocration
849 1438 880 1462 s.
898 1438 934 1462 v.
954 1425 1157 1474 ἐπώνυμοι,
1177 1424 1298 1463 διττοί
1320 1425 1420 1462 εἰσιν
1442 1425 1478 1462 οἱ
1501 1425 1597 1463 ἐπώ-

83 1495 193 1528 νυμοι
212 1480 395 1530 -ἕτεροι
416 1481 456 1518 δὲ
477 1479 518 1529 β’
541 1481 602 1519 καὶ
621 1479 675 1529 μ’,
697 1478 762 1530 ἀφ’
786 1481 839 1518 ὧν
871 1481 916 1518 αἰ
936 1480 1112 1527 ἡλικίαι
1133 1481 1493 1530 προσαγορεύονται
1521 1484 1597 1519 τῶν

81 1538 264 1574 πολιτῶν.
287 1540 329 1575 et
352 1550 382 1574 s,
406 1550 440 1574 v.
466 1537 650 1585 στρατεία
682 1550 732 1574 ex
755 1534 997 1574 Aristotelis
1031 1549 1115 1588 rep.
1141 1535 1324 1575 Athen:
1358 1538 1528 1586 χρῶνται
1556 1537 1597 1574 δὲ

82 1594 163 1632 τοῖς
184 1592 397 1640 ἐπωνύμοις
419 1591 480 1630 καὶ
501 1592 597 1640 πρὸς
630 1594 696 1632 τὰς
730 1592 949 1640 στρατείας,
973 1591 1034 1630 καὶ
1056 1593 1150 1630 ὅταν
1180 1592 1334 1640 ἡλικίαν
1358 1592 1428 1629 ἐκπ
1415 1591 1597 1639 έμπωσι,

81 1647 379 1697 προγράφουσιν
395 1646 705 1695 (1111111οἐκπέμπ
694 1662 821 1693 &cosm
844 1647 1062 1695 ἡλικίαν.
1050 1647 1349 1697 τρογραφουσιν
1355 1647 1419 1695 ),
1402 1663 1455 1685 απ
1459 1646 1478 1685 ὸ
1494 1648 1553 1686 τίι
1557 1664 1599 1688 ος

82 1702 286 1753 ἄρχοντος
294 1703 494 1752 ἐπωνύμου
515 1702 630 1754 μέχρι
652 1704 755 1743 τίνος
777 1705 837 1741 δεῖ
864 1704 1160 1751 στρατεύεσθαι.
1221 1702 1266 1742 C.
1291 1701 1597 1742 F.Her111anni

81 1756 213 1810 antiq.
236 1758 308 1797 Gr.
333 1759 370 1809 ᾧ.
399 1770 490 1810 152.
518 1771 559 1797 11
589 1772 680 1810 sqq.
744 1757 955 1796 SAUPP.

139 1814 208 1863 46,
232 1826 264 1852 1.
288 1815 330 1852 ἐκ
352 1816 533 1865 διαδοχῆς
555 1811 763 1866 ἀλλήλοις]
782 1813 915 1852 Addit
937 1813 1040 1852 haec
1065 1813 1191 1852 verba
1213 1817 1367 1860 orator,
1391 1817 1437 1852 ut
1460 1817 1597 1852 osten—

85 1868 160 1908 dat
186 1869 392 1921 quomodo
413 1869 502 1908 fieri
536 1868 667 1922 possit
699 1873 745 1908 ut
782 1874 823 1908 et
857 1868 998 1921 copiae
1032 1868 1126 1908 illae
1156 1873 1360 1922 perpetuo
1383 1883 1475 1907 cum
1498 1868 1596 1907 Phi-

82 1923 194 1977 lippo
214 1925 367 1964 bellum
386 1939 472 1978 gel
462 1930 538 1964 ant
560 1930 602 1964 et
628 1924 776 1977 singuli
807 1924 868 1963 cix
872 1938 914 1963 es
942 1924 1218 1964 Athenienses
1248 1928 1409 1963 eertum
1431 1928 1598 1963 tantum

82 1979 207 2033 idque
227 1981 351 2020 breve
372 1980 571 2034 te1np01is
594 1956 775 2049 spatium
796 1979 986 2019 militiam
1007 1979 1175 2019 faciant.
1238 1979 1449 2019 SAUPP.

139 2037 208 2085 46,
233 2038 270 2075 8.
304 2037 578 2087 ἀσφαλῶς-π
581 2037 668 2098 λεῃ]
711 2036 805 2074 Duo
840 2035 967 2075 millii
1001 2033 1177 2074 militum
1215 2034 1484 2088 igitu1‚quos
1518 2034 1600 2074 De-

82 2091 322 2131 mosthenes
357 2091 445 2130 xult
479 2091 604 2138 mitti,
640 2105 722 2130 non
756 2091 981 2144 pugnaturi
1018 2096 1115 2130 sunt
1150 2090 1227 2129 nisi
1262 2091 1303 2128 in
1341 2096 1469 2130 teria.
1535 2090 1596 2129 Ut

84 2161 210 2186 naves
238 2148 521 2197 στρατιώτιδες,
544 2146 693 2200 quibus
715 2147 934 2193 vehuntur,
957 2151 1052 2185 tuto
1078 2145 1287 2199 navigent.
1311 2160 1435 2185 naves
1457 2146 1599 2185 decem

84 2203 138 2242 ad
159 2207 371 2242 certamen
392 2203 536 2242 navale
558 2202 788 2242 instructae
810 2202 1026 2241 addendae
1048 2206 1157 2240 sunt.
1221 2201 1431 2241 SAUPP.

142 2260 208 2307 46,
231 2272 292 2307 14.
313 2259 652 2311 παραταξομένην]
671 2258 1008 2307 παρατάσσεσθαι,
1024 2257 1239 2308 adjustum
1258 2257 1449 2309 proelium
1473 2257 1598 2296 aciem

83 2313 275 2353 adversus
290 2314 493 2361 instruere,
509 2313 733 2366 opponitur
749 2313 784 2352 ei
803 2313 912 2365 quod
930 2312 1118 2365 sequitur
1133 2315 1354 2365 λῃστεύειν.
1386 2313 1454 2352 SA
1464 2313 1544 2351 UP
1551 2313 1599 2351 P.

141 2368 368 2422 λῃστεύειν]
418 2368 475 2407 Η.
516 2369 541 2407 l.
580 2369 604 2407 i.
648 2384 686 2421 q.
723 2369 932 2408 latronum
974 2368 1057 2407 sive
1098 2368 1276 2407 militum
1317 2368 1599 2421 grassantium

86 2424 210 2463 modo
232 2424 384 2464 bellum
403 2438 559 2477 gerere,
584 2424 733 2477 quibus
754 2424 1008 2463 frumentum
1030 2423 1208 2476 quidem,
1232 2437 1307 2462 nec
1329 2438 1424 2462 vero
1447 2424 1600 2476 stipen-

86 2479 199 2518 dium
220 2479 276 2519 sit
297 2479 548 2526 solvendum.
577 2480 648 2519 sed
669 2480 825 2532 praeda
856 2479 983 2519 libere
1004 2479 1236 2518 vivendum.
1296 2479 1336 2516 V
1342 2479 1396 2517 id.
1418 2479 1525 2518 infra
1555 2494 1594 2531 p.

84 2535 153 2585 48.
215 2534 295 2585 Qui
330 2535 372 2574 in
404 2535 506 2574 fines
542 2535 815 2574 Macedoniae
848 2540 1117 2574 excurrerent
1151 2534 1432 2587 populabundi
1468 2534 1601 2587 magis

86 2604 211 2642 quam
245 2590 350 2643 justi
390 2604 505 2630 more
544 2590 668 2636 belli;
718 2604 801 2629 non
841 2590 991 2629 castris
1031 2589 1190 2642 positis,
1233 2604 1316 2628 non
1358 2594 1601 2641 exspectato

86 2645 269 2684 hostium
301 2645 489 2685 exercitu
521 2650 689 2698 rapt-am
715 2645 914 2697 praedam
940 2649 1159 2697 portantes
1190 2644 1374 2682 redirent
1399 2644 1507 2694 (Liv.
1530 2644 1598 2683 lib.

92 2713 126 2739 1.
149 2714 183 2739 c.
208 2704 290 2753 15).
352 2700 446 2739 Hoc
470 2700 764 2740 Demosthenis
786 2699 1001 2739 consilium
1024 2699 1277 2751 praedatorii
1302 2699 1509 2738 exereitus
1530 2714 1601 2752 pa-

86 2755 206 2795 1'1a1d1'
233 2769 384 2794 novum
410 2760 501 2794 elat
529 2769 603 2794 nec
636 2756 873 2808 probatum.
935 2754 1034 2793 Vid.
1063 2754 1245 2793 Boeckh.
1275 2754 1428 2792 Oeeon.
1458 2754 1533 2793 vol.
1566 2767 1598 2793 1.

87 2825 127 2863 p.
149 2824 245 2864 304.
267 2825 327 2863 sq
392 2810 580 2849 VOEM.

144 2868 211 2915 46,
240 2879 301 2918 19.
324 2866 578 2914 ξενικὸν-ἐν
601 2865 793 2918 Κορίνθῳ]
831 2864 1079 2916 Quanquam
1106 2864 1307 2903 militibus
1334 2864 1599 2903 mercenariis

84 2920 173 2972 jam
193 2920 307 2973 prius
329 2924 372 2959 et
393 2920 549 2960 Persae
579 2925 622 2960 et
643 2919 809 2972 tyranni
832 2920 1087 2959 Graecorum
1120 2919 1181 2959 usi
1213 2924 1344 2965 erant,
1367 2924 1509 2958 tamen
1531 2933 1598 2958 ex-

91 2975 242 3015 ercitus
278 2975 555 3016 conductitius
589 2990 669 3028 quo
704 2974 983 3014 Athenienses
1016 2974 1057 3013 in
1090 2975 1197 3014 bello
1234 2974 1502 3015 Corinthiaco
1540 2977 1596 3027 (a.
