1914 3184
985 641 1074 684 XI.

512 772 616 821 AD
675 768 1024 819 PHILIPPI
1083 765 1540 817 EPISTOLAM.

846 888 1228 930 ⁴-—

327 1011 512 1050 SPURIAM
545 1023 634 1049 esse
665 1009 769 1048 hanc
797 1008 1027 1047 orationem
1060 1006 1263 1045 intellexit
1291 1004 1504 1057 Taylorus,
1528 1017 1649 1056 quem
1680 1018 1716 1043 v.
1738 1003 1779 1042 in

268 1066 426 1105 Reiskii
457 1065 632 1118 praefat.
656 1064 708 1104 ad
748 1064 976 1102 Annotatt.
999 1077 1037 1115 p.
1066 1061 1151 1100 118.
1199 1060 1288 1112 (ubi
1319 1060 1376 1099 sic
1408 1059 1577 1098 scribit:
1626 1065 1649 1081 “
1673 1058 1779 1098 Mihi

266 1122 369 1161 fides
390 1121 512 1174 hujus
533 1119 734 1160 orationis
756 1119 874 1159 valde
895 1121 1088 1171 suspecta
1108 1121 1173 1156 est
1201 1120 1373 1168 propter
1397 1115 1508 1154 locos
1530 1128 1778 1162 communes,

268 1177 417 1229 quibus
437 1177 592 1216 referta
614 1179 690 1215 est.
754 1175 844 1213 Imo
865 1178 959 1214 tota
984 1186 1116 1226 paene
1145 1170 1432 1211 consarcinata
1459 1175 1523 1209 est
1553 1184 1603 1209 ex
1626 1170 1779 1222 Philip-

266 1232 368 1285 picis
394 1236 437 1272 et
459 1230 778 1284 Olyntliiacis.”)
802 1234 845 1269 et
877 1229 918 1268 in
947 1228 1131 1281 ejusdem
1162 1231 1248 1266 not.
1274 1226 1326 1265 ad
1348 1241 1386 1278 p.
1409 1238 1474 1277 23,
1494 1238 1558 1278 23.
1620 1225 1781 1264 Eadem

269 1287 536 1328 Valckenarii
557 1287 636 1326 fuit
657 1285 865 1325 sententia
887 1284 1022 1324 Diatr.
1042 1284 1092 1322 de
1116 1282 1221 1322 Phil.
1246 1297 1284 1334 p.
1304 1293 1396 1330 270.
1433 1286 1475 1320 et
1497 1286 1560 1320 est
1582 1279 1780 1320 Boeckhii

267 1344 318 1382 de
336 1344 487 1383 Oecon.
504 1342 619 1396 polit.
636 1342 792 1381 Athen.
808 1340 884 1380 vol.
910 1354 941 1379 1.
960 1355 1000 1392 p.
1016 1351 1111 1392 335.
1129 1351 1229 1390 443.
1264 1336 1595 1376 SOHAEFER.
1657 1335 1781 1375 Hane

269 1413 432 1452 quoque
468 1397 782 1443 oratiunculam,
819 1397 872 1436 ab
906 1395 1094 1448 sophista
1125 1393 1263 1445 aliquo
1296 1392 1474 1431 maxime
1508 1406 1559 1431 ex
1591 1390 1781 1431 oratione

270 1454 519 1507 Olynthiaca
550 1453 730 1492 secunda
761 1450 1045 1504 compositam,
1069 1463 1151 1488 una
1181 1463 1274 1487 cum
1306 1447 1485 1500 Philippi
1517 1461 1623 1500 quae
1650 1446 1686 1485 ei
1710 1460 1780 1486 an-

268 1524 376 1549 nexa
401 1514 464 1548 est
490 1508 678 1562 epistola,
699 1508 753 1547 ad
781 1501 905 1560 qisam
931 1506 1008 1545 hac
1037 1504 1225 1544 oratione
1252 1503 1538 1556 respondetur,
1562 1502 1780 1542 defenden-

270 1565 366 1604 dam
387 1564 568 1617 suscepit
590 1563 826 1602 Boehneek.
851 1561 1089 1612 Quaestion.
1108 1559 1183 1599 vol.
1209 1573 1240 1598 1.
1260 1574 1298 1612 p.
1322 1561 1418 1607 461.
1440 1572 1554 1611 seqq.
1592 1572 1666 1597 nec
1687 1571 1779 1610 pro—

269 1621 335 1660 6111
370 1635 395 1660 a
427 1634 523 1659 vero
560 1633 635 1658 nos
669 1619 865 1658 aberrare
897 1616 1140 1661 arbitratur,
1164 1615 1197 1653 si
1233 1613 1411 1666 Philippi
1439 1613 1656 1666 epistolam
1685 1626 1779 1652 vere

270 1676 430 1728 Olymp.
450 1688 537 1726 109,
556 1688 593 1723 4.
617 1674 827 1726 scriptam,
845 1672 1075 1712 orationem
1091 1674 1231 1710 autem
1253 1670 1360 1709 hanc
1380 1668 1602 1721 incipiente
1618 1673 1779 1708 aestate

267 1731 456 1771 habitam
491 1744 580 1769 esse
612 1734 859 1769 statuamus.
932 1725 1186 1779 Olympiadis
1214 1739 1225 1764 1
1246 1738 1302 1763 10.
1337 1738 1446 1763 anno
1481 1723 1626 1776 primo,
1663 1723 1779 1776 cujus

269 1800 495 1839 eponymus
516 1785 596 1824 fuit
611 1785 937 1837 Theophrastus.
960 1780 1182 1834 adscripsit
1206 1779 1428 1832 Dionysius
1450 1779 1547 1818 Hal.
1569 1780 1647 1831 Ep.
1672 1792 1704 1818 1.
1725 1779 1779 1818 ad

270 1842 518 1881 Aminaeum
539 1854 571 1879 6.
595 1854 657 1879 10.
679 1855 718 1893 p.
743 1841 837 1891 738.
871 1839 932 1877 ἐπὶ
954 1837 1168 1889 Νικομάχῳ
1193 1836 1455 1886 Θεόφραστος
1476 1835 1620 1885 ἄρχων,
1651 1834 1712 1884 ἐφ’
1736 1834 1779 1872 οὗ

268 1899 393 1936 πείθει
413 1897 499 1937 τοὺς
515 1896 743 1945 Ἀθηναίους
763 1895 951 1945 γενναίως
971 1894 1175 1941 ὑπομεῖναι
1195 1891 1262 1930 τὸν
1283 1892 1470 1939 πόλεμον,
1494 1891 1544 1930 ὡς
1567 1894 1779 1939 κατηγγελ-

271 1955 378 1995 κότος
401 1952 518 1991 αὐτὸν
538 1952 607 2000 ἤδη
629 1952 839 1990 Φιλίππου.
874 1950 935 1988 καὶ
957 1949 1065 1987 ἔστιν
1087 1949 1178 1995 αὕτη
1201 1947 1405 1985 τελευταία
1426 1949 1501 1984 τῶν
1524 1947 1619 1984 κατὰ
1640 1945 1780 1983 Φιλίπ-

268 2025 343 2047 πον
364 2011 617 2057 δημηγοριῶν,
634 2007 757 2058 ἀρχὴν
780 2006 927 2056 ἔχουσα
948 2004 1089 2051 ταύτην
1113 2001 1239 2041 ““On
1254 2000 1560 2050 μὲν-φανερὸν
1576 1999 1778 2050 γέγονεν.”

271 2071 294 2082 ”
318 2066 354 2102 A
352 2064 442 2116 fter
462 2062 533 2101 the
552 2061 725 2100 Persian
743 2074 935 2099 succours
956 2059 1040 2098 had
1060 2059 1163 2096 been
1181 2062 1273 2095 sent
1295 2061 1339 2095 to
1356 2056 1503 2095 relieve
1526 2054 1775 2094 Perinthus:

271 2118 488 2157 Demosth.
512 2132 550 2169 p.
576 2130 663 2169 153.
702 2118 738 2155 οῖ
771 2114 1214 2165 σατράπαι-ἔναγχος
1248 2114 1320 2161 μὲν
1356 2111 1487 2160 ξένους
1518 2111 1780 2160 μισθοφόρους

271 2174 560 2223 εἰσπέμψαντες
583 2173 785 2210 ἐκώλυσαν
804 2170 1148 2219 ἐκπολιορκηθῆναι
1169 2167 1375 2217 Πέρινθον.
1412 2166 1510 2205 And
1531 2166 1620 2218 just
1639 2165 1779 2204 before

271 2228 343 2267 the
360 2227 596 2266 Atheniaus
617 2231 709 2265 sent
729 2241 755 2265 a
775 2226 885 2264 force
906 2229 951 2263 to
972 2223 1122 2262 relieve
1143 2222 1214 2261 the
1236 2227 1387 2266 towns;
1423 2221 1553 2259 which
1569 2235 1651 2260 was
1673 2220 1779 2259 done

270 2283 311 2321 111
333 2296 614 2334 consequence
635 2281 681 2318 of
696 2281 779 2319 this
801 2279 963 2319 oration
981 2295 988 2317 z
1024 2278 1192 2329 Dionys.
1217 2292 1254 2329 p.
1276 2288 1368 2326 741.
1409 2276 1684 2326 Δημοσθένους
1705 2292 1777 2314 πα-

270 2337 563 2388 ρακαλέσαντος
593 2336 728 2377 αὐτοὺς
758 2335 854 2385 πρὸς
881 2334 948 2372 τὸν
976 2334 1150 2380 πόλεμον
1184 2333 1245 2370 καὶ
1273 2334 1510 2382 ψηφίσματα
1538 2331 1777 2381 γράψαντος,

271 2394 574 2444 ἐχειροτόνησαν
605 2392 673 2440 τὴν
704 2391 852 2439 στήλην
885 2392 1065 2427 καθελεῖν
1087 2405 1119 2425 κ.
1142 2392 1229 2425 τ.λ.
1275 2387 1454 2439 Spoken,
1488 2386 1705 2433 therefore,
1737 2385 1779 2424 in

270 2449 343 2488 the
363 2447 590 2501 beginning
611 2446 656 2485 of
672 2446 719 2484 B.
739 2446 780 2485 O.
800 2458 894 2498 339.
920 2443 1103 2495 (Olymp.
1119 2455 1132 2480 1
1152 2455 1208 2487 10,
1232 2442 1312 2490 1.)”
1354 2441 1625 2481 GLINTON.
1660 2441 1776 2480 Fast.

273 2503 382 2543 Hell.
406 2502 483 2541 vol.
510 2515 544 2541 2.
567 2517 605 2554 p.
630 2514 719 2551 147.

332 2624 422 2663 152,
445 2625 484 2660 4.
515 2609 689 2661 Ἐπειδὴ]
731 2609 761 2647 Ι.
786 2623 819 2647 6.
844 2608 990 2661 opinor
1024 2611 1063 2657 ἐξ
1093 2609 1148 2650 οὗ,
1182 2607 1388 2660 quomodo
1419 2607 1501 2645 ἐπεὶ
1531 2604 1703 2658 tragici:
1742 2619 1777 2642 v.

274 2667 448 2705 Porson.
473 2665 526 2704 ad
550 2664 650 2702 Eur.
675 2664 788 2702 Med.
810 2666 898 2715 138.
961 2663 1130 2702 DOBR.

333 2733 422 2771 152.
449 2733 484 2770 7.
516 2722 566 2771 τῷ
600 2721 672 2768 μὲν
710 2720 878 2771 ἕργῳ-,
913 2720 963 2771 τῷ
1002 2721 1041 2757 δὲ
1075 2718 1256 2770 λόγῳ-]
1297 2716 1452 2755 Verte:
1496 2722 1537 2754 ut
1572 2729 1681 2758 2'·e—-‚
1719 2714 1778 2753 ila

272 2776 463 2815 ‘z·erbis—.
526 2774 633 2813 Nam
664 2788 768 2826 quae
799 2774 1063 2820 antecedunt,
1096 2772 1224 2820 ἐπειδὴ
1256 2772 1565 2821 γὰρ-ἐξευρὼν,
1597 2769 1777 2808 referun-

272 2836 341 2870 tur
373 2830 425 2869 ad
459 2829 589 2869 solum
630 2829 835 2881 posterius
871 2830 1100 2868 membrum
1136 2825 1421 2879 oppositionis,
1444 2829 1492 2878 τῷ
1526 2827 1565 2863 δὲ
1597 2826 1774 2875 λόγῳ-π.

274 2884 605 2925 SOHAEFER.
