1914 3184
256 130 339 170 262
781 134 859 173 DE
893 134 1018 174 SYM
1028 133 1249 174 MORHS.

257 249 332 273 esse
356 249 494 288 roffam.
557 237 715 277 Similia
736 239 858 291 tetigi
886 239 927 277 in
953 246 1038 280 not.
1062 241 1116 280 ad
1141 240 1330 293 Euripid.
1357 240 1469 280 Med.
1494 241 1611 281 Pors.
1635 256 1673 295 p.
1695 254 1762 294 39.

258 295 300 330 et
324 304 389 342 92.
415 291 477 331 ed.
502 298 599 332 tert.
626 293 735 346 Lips.
779 294 1112 335 SOHAEFER.

324 347 408 399 185,
434 350 492 385 18.
525 348 667 402 γέλως]
699 350 794 388 AVon
823 350 947 390 risum
983 352 1200 405 significat.
1236 356 1283 391 ut
1307 351 1486 391 Wolfius
1518 353 1654 401 vertit,
1693 354 1764 392 sed

256 416 336 441 rem
368 403 597 443 ridiculam.
664 404 884 458 Euripides
911 406 1063 447 Troad.
1093 410 1185 460 976.
1215 411 1335 446 ταῦτα
1367 410 1440 459 γὰρ
1472 409 1595 459 γέλως
1628 410 1763 450 πολύς.

260 457 493 511 Hesychius
516 459 592 498 vol.
622 474 650 498 1.
674 475 712 513 p.
739 463 833 501 812.
857 462 1084 512 Γέλων.-ἣ
1106 466 1277 514 γελοῖον.
1309 468 1356 503 ut
1377 468 1669 504 correxerunt:
1703 478 1764 503 er-

258 518 405 566 ratque
429 514 639 554 Schowius
661 517 714 556 ad
735 517 919 570 glossam
941 519 1257 571 praecedentem
1278 519 1472 558 referens.
1515 519 1762 560 SOHAEF.

319 571 407 621 185.
435 582 498 622 23.
523 572 629 611 ἀλλὰ
651 573 956 627 (θῶ-χρήματα]
991 575 1042 612 V.
1068 574 1293 614 Parreidtii
1317 575 1479 628 Proleg.
1502 589 1542 627 p.
1564 587 1623 628 15.

318 626 407 677 185,
441 628 502 665 26.
542 628 628 676 ἄξια
667 633 734 667 τοῦ
774 631 966 682 πολέμου]
1030 631 1067 670 T
1064 637 1173 677 anta,
1215 637 1406 683 quantam
1447 630 1587 670 bellum
1622 631 1762 684 poscit.

258 680 589 722 SOHAEFER.

321 738 407 788 185,
434 739 496 777 218.
520 739 687 788 οὐδαμοῦ
709 742 885 790 γὰρ-ἐν
908 743 1104 794 καλλίονι]
1141 744 1351 794 Nusquam
1379 744 1482 781 enim
1511 742 1761 782 commodius.

259 791 449 832 WOLF.
516 794 822 848 Aristophanes
854 796 1153 850 Thesmophor.
1185 810 1276 848 292.
1309 802 1382 837 ποῦ
1414 801 1487 837 ποῦ
1518 797 1692 848 καθίζωμ’
1721 800 1764 838 ἐν

255 851 431 901 καλῷ-.
476 849 725 891 SOHAEF.

313 906 355 943 ἐν
377 906 571 959 καλλίονι]
605 907 642 946 S.
667 909 782 961 τόπῳ.
818 908 1008 948 WOLF.
1072 909 1134 948 Ne
1165 909 1390 949 subaudias
1418 911 1544 961 τόπῳε
1586 912 1763 949 καλλίονι

257 959 366 998 enim
386 962 549 1014 generis
572 969 636 1002 est
658 963 858 1003 neutrius.
922 965 975 1004 V.
999 964 1094 1004 Bos.
1118 965 1260 1018 Ellips.
1285 980 1324 1018 p.
1349 968 1445 1017 485.
1494 965 1743 1005 SOHAEF.

317 1017 406 1062 186.
437 1019 473 1056 6.
509 1018 665 1071 ἑκατὸν]
705 1019 1005 1074 Wesselingius
1032 1021 1085 1060 ad
1120 1020 1288 1060 Diodor.
1323 1020 1402 1060 Sic.
1432 1021 1508 1060 vol.
1537 1034 1571 1060 1.
1603 1036 1642 1073 p.
1664 1034 1760 1074 4¹3·

254 1076 403 1111 auctor
424 1072 472 1112 fit
494 1078 539 1113 ut
562 1076 760 1117 διακοσίας
787 1075 962 1130 legatur,
987 1077 1104 1129 cujus
1130 1076 1316 1116 lectionis
1349 1076 1435 1129 ipse
1458 1076 1763 1117 Demosthenes

254 1127 346 1167 aliis
374 1128 474 1167 locis
500 1135 649 1169 auctor
669 1133 806 1170 factus
827 1137 902 1172 est.
966 1132 1125 1172 Verum
1147 1132 1187 1170 in
1210 1132 1412 1185 ejusmodi
1438 1132 1535 1172 locis
1557 1146 1638 1172 non
1659 1132 1762 1172 fides

254 1198 391 1223 rerum
426 1190 639 1238 gestarum
675 1201 814 1227 severe
849 1188 904 1227 ad
940 1188 1216 1228 auctoritates
1252 1188 1544 1228 memoriarum
1580 1193 1643 1228 est
1679 1188 1762 1227 exi-

253 1240 400 1292 genda,
439 1241 510 1279 sed
547 1247 761 1281 oratorum
799 1258 906 1296 quae
947 1243 999 1284 sit
1041 1243 1269 1283 identidem
1305 1244 1532 1297 spectanda
1569 1243 1760 1284 intentio.

259 1295 467 1337 Intererat
491 1298 669 1337 oratoris
691 1299 830 1352 copias
852 1300 1172 1340 Atheniensium
1205 1300 1382 1346 navales,
1407 1314 1512 1353 quae
1544 1305 1633 1339 tum
1663 1299 1761 1339 fuis-

254 1356 358 1396 sent.
392 1353 540 1392 elevari
574 1360 614 1393 et
651 1354 790 1399 minui.
825 1355 1050 1395 Persarum
1085 1355 1242 1409 augeri.
1304 1356 1411 1395 Nam
1445 1355 1502 1394 sic
1539 1355 1760 1395 concludit.

256 1407 298 1446 Si
337 1408 651 1448 Atheniensium
688 1410 840 1455 classis.
875 1426 980 1464 quae
1012 1416 1177 1450 centum
1211 1412 1334 1451 modo
1368 1411 1540 1451 navibus
1570 1411 1762 1451 conclusa

255 1468 343 1502 tum
375 1470 480 1512 erat,
514 1464 671 1504 Xerxis
702 1472 790 1506 tam
821 1481 1083 1507 numerosam
1115 1468 1286 1507 classem
1312 1467 1421 1515 vicit,
1445 1472 1603 1520 quanto
1634 1467 1761 1507 credi-

256 1518 378 1558 bilius
425 1525 487 1560 est
529 1522 714 1560 futurum
755 1537 843 1562 esse
884 1528 930 1563 ut
965 1523 1108 1563 classis
1142 1523 1473 1569 Atheniensium,
1506 1537 1613 1576 quae
1652 1537 1761 1562 nunc

254 1574 380 1627 triplo
401 1581 465 1615 est
481 1576 654 1623 auctior„
678 1577 848 1618 classem
872 1579 1095 1618 Persarum
1119 1579 1267 1627 vincat,
1292 1593 1397 1632 quae
1419 1593 1526 1618 nunc
1548 1584 1613 1619 est
1634 1579 1760 1632 duplo

254 1630 388 1670 minor
418 1646 541 1684 quam
575 1632 671 1672 olim
705 1636 823 1674 erat?
864 1634 1056 1674 REISK.
1118 1634 1351 1674 Boeckhius
1382 1635 1433 1674 de
1464 1635 1613 1674 Oecon.
1641 1635 1757 1688 polit.

255 1686 412 1726 Athen.
442 1688 518 1727 vol.
548 1702 581 1727 1.
614 1703 653 1741 p.
689 1691 780 1740 276.
815 1691 1025 1744 vulgatam
1058 1690 1308 1743 scripturam
1339 1696 1426 1730 tam
1457 1690 1621 1730 affinem
1660 1689 1760 1730 dicit

254 1743 489 1796 aenigmati.
520 1749 566 1784 ut
598 1744 729 1784 lector
758 1760 907 1798 parum
937 1751 1128 1786 attentus
1161 1746 1393 1786 orationem
1425 1747 1476 1785 de
1505 1746 1758 1799 Symmoriis,

254 1812 378 1849 quam
399 1803 464 1838 tot
485 1799 566 1839 alia
587 1806 836 1853 argumenta
855 1802 1077 1855 genuinam
1108 1816 1197 1841 esse
1220 1802 1398 1847 vincant,
1422 1802 1474 1841 ob
1502 1802 1608 1841 hanc
1633 1816 1759 1841 unam

253 1867 444 1893 caussam
465 1869 541 1907 pro
564 1856 704 1908 spuria
726 1857 880 1896 habere
901 1872 1022 1910 posse
1040 1858 1240 1897 videatur.
1295 1857 1401 1896 Mihi
1423 1857 1587 1910 quidem
1602 1857 1758 1897 Reiskii

254 1909 364 1949 ratio
391 1910 496 1949 adeo
518 1911 655 1963 placet
682 1917 728 1951 111
750 1913 815 1951 vix
848 1919 991 1966 putem
1021 1913 1341 1966 probabiliorem
1367 1913 1594 1966 excogitari
1625 1927 1757 1966 posse.

254 1965 289 2003 A
299 1979 319 2004 0
340 1966 518 2005 fortasse
541 1967 854 2015 Demosthenes,
877 1983 969 2008 cum
992 1970 1131 2008 ἑκατὸν
1152 1969 1364 2015 scriberet7
1387 1969 1468 2008 fide
1493 1968 1656 2022 dignior
1680 1969 1759 2009 fuit

255 2035 377 2072 quam
399 2021 475 2074 ipsi
499 2022 698 2062 historici.
759 2024 992 2064 Audiamus
1016 2024 1452 2078 Sclnveighaeuserum
1474 2025 1528 2064 ad
1552 2024 1757 2064 Herodot.

255 2077 291 2123 8‚
314 2091 381 2125 44.
406 2092 486 2116 non
512 2078 651 2131 inepte
673 2079 730 2119 sic
752 2080 1057 2133 disputantem:
1093 2088 1115 2102 ‘⁸
1133 2080 1299 2119 Mireris
1320 2094 1416 2119 vero
1446 2094 1527 2132 quo
1548 2084 1671 2132 pacto
1692 2084 1758 2120 tot

254 2132 426 2171 navibus
450 2134 504 2172 ad
528 2134 779 2174 Salaminem
810 2150 997 2189 pugnare
1018 2136 1297 2175 Athenienses
1328 2135 1552 2188 potuerint,
1575 2135 1757 2187 quando-

254 2187 419 2239 quidem
453 2189 492 2227 in
526 2205 665 2243 pugna
694 2191 747 2230 ad
774 2191 1047 2230 Artemisium
1079 2191 1291 2231 dimidiam
1326 2196 1488 2244 partem
1515 2191 1757 2230 Atticarum

254 2242 417 2281 navium
435 2245 691 2285 vulneratam
714 2260 802 2285 esse
823 2246 882 2286 ait
905 2247 1083 2299 scriptor
1104 2262 1194 2299 cap.
1213 2249 1273 2286 18.
1291 2261 1423 2299 neque
1444 2246 1502 2285 eis
1523 2246 1756 2286 reficiendis

253 2298 500 2350 suppetiisse
522 2301 712 2340 videatur
737 2302 938 2354 tenipus*
970 2302 1202 2341 SOHAEF
1207 2302 1296 2341 ER.
1360 2302 1480 2341 Haec
1502 2316 1628 2354 quum
1658 2301 1756 2341 scri—

253 2353 399 2393 berent
436 2355 628 2394 Reiskius
663 2361 705 2395 et
742 2357 999 2402 Schaeferus.
1037 2358 1219 2396 nondum
1255 2362 1356 2397 nota
1398 2363 1488 2397 erat
1524 2357 1675 2396 codicis
1712 2357 1754 2396 S.

253 2409 458 2462 scriptura
480 2412 690 2452 διακοσίαις
711 2426 786 2464 pro
807 2414 1041 2461 τριακοσίαις
1061 2412 1314 2465 praebentis.
1375 2412 1466 2462 Qua
1488 2417 1655 2465 recepta
1677 2413 1754 2452 tol-

252 2464 352 2503 litur
373 2465 579 2505 dubitatio
602 2481 722 2518 quam
746 2467 797 2506 de
819 2467 973 2506 Reiskii
1003 2468 1349 2520 interpretatione
1370 2468 1498 2507 movit
1519 2467 1753 2514 Jacobsius,

253 2534 333 2558 non
361 2521 464 2560 satis
496 2536 697 2574 apparere
725 2536 798 2561 cur
823 2537 904 2562 non
936 2523 1170 2562 universum
1203 2523 1368 2562 navium
1392 2523 1659 2571 Graecarum,
1682 2523 1754 2563 sed

252 2576 492 2615 Atticarum
533 2577 662 2615 solum
704 2592 918 2617 numerum
959 2579 1154 2618 minuerit
1193 2584 1346 2624 orator,
1384 2579 1494 2631 quod
1530 2578 1753 2618 Jacobsius

250 2636 460 2684 uteunque
482 2638 677 2672 excusat:
712 2647 792 2671 non
815 2633 976 2673 tollitur
996 2649 1104 2679 vero.
1128 2635 1199 2673 sed
1221 2640 1398 2687 augetur
1418 2634 1522 2673 adeo
1544 2634 1752 2673 dissensus

249 2700 340 2724 eum
372 2687 504 2726 altero
535 2687 623 2726 loco
652 2688 947 2728 Demosthenis
968 2704 1007 2742 p.
1029 2692 1124 2741 3067
1150 2702 1212 2728 22.
1236 2691 1312 2728 τῶν
1333 2691 1427 2739 ὑπὲρ
1449 2692 1525 2728 τῶν
1544 2688 1752 2739 Ἑλλήνων

249 2744 407 2781 ἐκείνων
443 2743 748 2792 ἀγωνισαμένων
780 2744 941 2794 τριήρων
976 2746 1205 2795 τριακοσίων
1243 2745 1371 2784 οὐσῶν
1407 2747 1484 2784 τῶν
1515 2747 1653 2783 πασῶν
1684 2746 1751 2785 τὰς

249 2799 445 2838 διακοσίας
466 2799 487 2846 ἡ
508 2800 621 2839 πόλις
641 2798 875 2849 παρέσχετο.
914 2800 1068 2849 Quodsi
1092 2805 1234 2839 nostro
1255 2800 1345 2839 loco
1367 2801 1579 2840 διακοσίαις
1600 2804 1642 2838 et
1664 2801 1747 2837 ἑκα-

249 2852 315 2890 τὸν
336 2852 502 2905 scripsit
524 2853 836 2897 Demosthenes,
861 2869 941 2893 non
963 2855 1061 2893 mihi
1084 2855 1246 2895 videtur
1267 2855 1396 2894 sciens
1416 2855 1541 2894 falsos
1566 2853 1748 2907 posuisse

248 2920 439 2945 numeros
472 2912 585 2956 (nain
619 2908 721 2948 satis
756 2909 1021 2960 magnifieum
1052 2915 1142 2950 erat
1172 2911 1279 2949 mille
1312 2924 1436 2950 naves
1466 2910 1519 2949 ab
1550 2908 1746 2948 trecentis
