1914 3184
299 115 381 153 238
830 113 908 152 DE
942 112 1298 152 SYMMORHS.

296 219 567 258 confirmatur
588 233 613 258 a
636 217 918 257 Demosthene
948 217 988 255 in
1014 216 1166 270 Polycl.
1189 232 1227 270 p.
1252 229 1369 269 1209,
1395 228 1430 256 2.
1454 217 1495 256 in
1520 217 1623 257 Mid.
1645 231 1683 271 p.
1706 219 1802 271 564.

298 275 339 313 in
363 274 594 327 Phaenipp.
616 289 655 326 p.
678 274 796 322 1046,
826 285 887 313 22.
952 272 1086 322 Quam
1114 272 1182 311 diu
1212 272 1291 312 hae
1319 272 1564 325 symmoriae
1587 273 1804 327 viguerint.

296 331 468 370 dubium
486 336 550 369 est
567 334 694 381 atque
711 329 927 367 incertum.
973 328 1206 368 Dubitatur
1220 342 1314 367 vero
1331 328 1459 368 etiam
1475 344 1500 368 a
1518 329 1567 368 F.
1584 330 1637 368 A.
1655 329 1805 368 Wolfio

298 387 530 439 Prolegom.
561 400 599 437 p.
628 386 695 433 08.
717 388 907 423 annotat.
932 395 1010 434 77..
1038 399 1091 423 an
1119 384 1181 423 Ol.
1206 396 1294 434 107,
1316 398 1355 433 4.
1386 384 1521 423 adhuc
1552 384 1803 425 exstiterint.

297 442 410 482 Dicit
431 441 539 481 enim
568 454 616 479 co
642 446 828 492 tempore
851 439 1157 479 Demosthenes
1181 439 1349 493 Olynth.
1376 439 1432 479 Π.
1456 454 1494 492 p.
1521 443 1584 487 26,
1612 454 1675 492 ¹25.
1700 442 1804 491 Πρό-

294 514 408 548 τερον
428 499 499 546 μὲν
521 498 609 546 γὰρ,
637 494 665 534 ὦ
695 496 831 545 ἄνδρες
851 494 1064 543 Ἀθηναῖοι,
1090 495 1314 546 εἰσεφέρετε
1344 498 1439 535 κατὰ
1466 498 1691 546 συμμορίας,
1724 498 1807 535 νυνὶ

294 555 335 592 δὲ
361 553 616 592 πολιτεύεσθε
644 553 738 590 κατὰ
759 553 982 600 συμμορίας.
1023 551 1147 601 ῥήτωρ
1168 552 1322 602 ἡγεμὼν
1345 551 1534 601 ἑκατέρων
1557 552 1618 591 καὶ
1644 569 1805 601 στρατη-

294 610 363 660 γὸς
383 608 456 647 ὑπὸ
479 608 597 659 τούτῳ
623 607 683 645 καὶ
711 608 747 645 οἱ
774 608 1015 656 βοησόμενοι
1042 609 1077 646 οἶ,
1105 609 1328 657 τριακόσιοι·
1362 608 1398 646 οἱ
1426 608 1467 645 δὲ
1497 608 1614 646 ἄλλοι
1641 624 1803 657 προσνε-

295 665 478 713 νέμησθε,
504 661 632 711 οἱμὲν
654 663 702 702 ὡς
724 663 892 710 τούτους,
917 664 952 701 οἱ
980 661 1019 701 δὲ
1049 663 1098 703 ὡς
1124 664 1303 703 ἐκείνους.
1365 662 1445 701 Sed
1474 677 1599 714 quum
1629 663 1806 702 trecenti

295 719 351 758 illi
380 719 443 758 his
466 718 599 757 verbis
625 717 845 757 etiamtum
872 722 1166 765 memorentur,
1190 718 1258 771 qui
1288 732 1369 757 non
1399 718 1575 771 amplius
1604 718 1806 758 nominari

294 774 540 828 potuissent,
565 773 642 812 nisi
664 773 910 826 symmoriae
931 773 1151 813 etiamtum
1172 773 1442 819 exstitissent,
1460 773 1580 826 plane
1601 774 1807 814 assentior

225 834 281 871 520
296 831 506 870 Boeckhio
536 842 571 868 2.
600 845 638 883 p.
669 834 748 876 otu,
777 829 858 882 qui,
891 829 969 869 etsi
1005 829 1086 869 alia
1121 829 1294 877 ratione,
1327 844 1378 868 ex
1419 830 1495 868 hoc
1532 829 1620 883 ipso
1656 830 1805 869 Demo-

294 886 454 926 sthenis
471 886 585 925 dicto
608 885 792 924 nondum
814 885 881 924 illo
899 889 1087 938 tempore
1108 899 1276 938 prorsus
1295 885 1542 925 obsolevisse
1564 885 1806 938 symmorias

293 942 470 995 collegit.
534 942 761 981 Praeterea
784 955 879 980 vero
905 955 955 980 ex
984 941 1047 979 his
1070 941 1363 980 Demosthenis
1385 941 1531 988 verbis,
1555 955 1661 994 quae
1692 955 1805 994 repe-

293 1004 444 1038 tuntur
466 997 592 1037 etiam
613 998 665 1036 ab
688 1001 858 1036 auctore
879 1001 984 1036 orat.
1007 998 1093 1046 περὶ
1116 997 1332 1046 συντάξεως
1352 1011 1390 1049 p.
1414 1009 1503 1047 172‚
1528 1010 1573 1042 1.,
1599 997 1805 1050 Ulpianus

295 1055 372 1093 hoc
402 1054 647 1106 conjecerat,
670 1052 779 1091 mille
809 1052 1010 1091 ducentos
1043 1052 1103 1091 ita
1134 1052 1175 1090 in
1207 1053 1310 1092 duas
1342 1057 1483 1105 partes
1513 1053 1637 1092 fuisse
1669 1053 1805 1092 distri-

294 1111 432 1157 butos,
465 1113 758 1149 sexcentorum
798 1107 1011 1147 homimun
1047 1113 1277 1160 utramque,
1314 1113 1360 1147 ut
1396 1108 1436 1146 in
1473 1112 1650 1161 utraque
1685 1119 1806 1162 parte

294 1171 434 1205 essent
462 1164 638 1205 trecenti
667 1163 875 1212 ditissimi,
899 1164 968 1216 qui
994 1164 1147 1203 alteros
1176 1169 1386 1203 trecentos
1418 1163 1458 1202 in
1490 1178 1565 1203 sua
1595 1169 1805 1217 potestate

296 1221 551 1261 habuissent.
601 1221 734 1270 Quam
752 1219 918 1273 quidem
938 1219 1174 1273 opinionem
1196 1220 1293 1258 dum
1314 1224 1427 1259 recte
1448 1233 1496 1258 eo
1517 1220 1699 1260 refutare
1721 1225 1805 1260 stu-

295 1278 368 1317 det
392 1277 623 1316 Boeckhius
649 1288 682 1315 2.
707 1291 745 1329 p.
763 1277 842 1327 63..
867 1276 977 1328 quod
999 1290 1079 1314 non
1102 1275 1368 1329 intelligatur,
1392 1289 1464 1314 cur
1485 1275 1590 1315 duae
1612 1275 1702 1315 illae
1725 1280 1805 1315 tre-

294 1348 443 1372 cenum
466 1333 615 1372 classes
640 1346 721 1371 non
746 1331 786 1370 in
809 1346 891 1370 una
919 1331 1057 1384 potius
1086 1340 1376 1371 sexcentorum
1398 1331 1525 1371 classe
1546 1331 1806 1371 consociatae

296 1389 462 1431 fuerint,
485 1388 611 1427 aliam
638 1402 719 1426 non
744 1387 876 1440 magis
904 1387 1160 1440 probabilem
1188 1387 1383 1440 proponit
1408 1387 1514 1426 hanc
1541 1387 1803 1435 sententiam,

297 1444 425 1484 videri
457 1444 533 1483 illis
565 1443 858 1482 Demosthenis
884 1443 1019 1482 verbis
1051 1443 1146 1496 poni
1178 1444 1292 1489 duas,
1317 1457 1422 1496 quae
1453 1443 1610 1496 primae
1639 1442 1804 1491 fuerint,

295 1500 446 1539 diversi
483 1513 628 1538 census
663 1499 826 1538 classes.
893 1499 974 1544 Sed
1011 1513 1092 1551 quo
1129 1499 1299 1538 tandem
1339 1504 1462 1552 pacto
1498 1504 1561 1539 est
1597 1498 1803 1546 credibile,

297 1556 407 1595 inter
438 1555 546 1594 mille
578 1559 620 1594 et
651 1555 864 1600 ducentos7
889 1554 958 1606 qui
989 1568 1130 1593 omnes
1161 1554 1313 1593 divitiis
1345 1554 1615 1602 excellebant,
1641 1559 1805 1594 tantum

295 1625 443 1651 census
465 1611 683 1649 discrimen
704 1609 841 1656 fuisse,
865 1616 911 1649 ut
934 1615 1155 1663 propterea
1176 1610 1480 1649 controversiae
1510 1615 1637 1663 atque
1661 1610 1805 1650 factio—

298 1682 370 1706 nes
395 1666 604 1705 orirentur
616 1668 628 1705 ’ἐ
691 1666 739 1704 ld
760 1666 880 1713 0111111,
905 1666 1013 1718 quod
1038 1665 1270 1705 Boeckhius
1293 1666 1343 1704 de
1372 1666 1666 1705 certaminibus
1697 1666 1806 1706 inter

296 1722 446 1762 divites
474 1727 602 1775 atquc
633 1735 834 1774 pauperes
865 1721 976 1773 apud
997 1726 1157 1760 veteres
1187 1721 1357 1774 populos
1387 1721 1558 1775 agitatis
1589 1726 1803 1768 memorat,

297 1793 378 1817 non
408 1777 520 1817 cadit
550 1777 589 1816 in
621 1778 724 1816 duas
749 1776 825 1815 sibi
849 1776 1001 1816 vicinas
1032 1777 1194 1823 classes,
1218 1791 1393 1830 quarum
1423 1777 1542 1816 alteri
1573 1791 1661 1816 rem
1691 1777 1806 1816 fami—

297 1834 452 1879 liarem„
477 1847 582 1887 quae
609 1833 663 1872 ad
694 1832 907 1871 minimum
935 1837 1045 1872 esset
1070 1832 1273 1871 talentum
1296 1832 1522 1879 duodecim,
1545 1832 1677 1879 alteri,
1701 1847 1806 1885 quae

297 1889 502 1929 talentum
533 1903 618 1935 sex,
650 1892 860 1927 statuerat
893 1887 1128 1927 Boeckhius
1160 1900 1194 1927 ¹2.
1214 1903 1252 1941 p.
1275 1901 1355 1941 55.7
1379 1888 1450 1927 sed
1482 1887 1522 1926 in
1554 1902 1623 1927 eas
1653 1888 1804 1940 potius,

295 1959 403 1997 qnae
434 1949 599 1983 tantum
631 1943 741 1983 inter
770 1957 814 1982 se
845 1943 1004 1983 distant
1034 1943 1200 1991 divitiis,
1224 1948 1426 1996 quantum
1450 1943 1561 1996 apud
1584 1944 1804 1991 Romanos,

296 2000 367 2053 qni
389 2000 443 2039 ad
465 2000 640 2052 primam
662 1999 832 2039 classem
854 2004 975 2039 erant
996 1999 1179 2051 ascripti7
1203 2004 1245 2038 et
1266 1999 1304 2045 11,
1326 1999 1394 2051 qui
1416 2013 1511 2038 aere
1531 1999 1664 2038 alieno
1686 2004 1806 2039 erant

296 2055 502 2095 obstricti.
563 2055 700 2105 Quare
735 2059 878 2094 nostra
910 2055 960 2094 (le
997 2054 1074 2094 illis
1107 2055 1400 2094 Demosthenis
1431 2054 1564 2093 verbis
1599 2054 1806 2094 sententia

298 2112 436 2164 potins
458 2111 559 2150 haec
581 2110 670 2150 est.¹
732 2111 868 2160 Quum
891 2112 1080 2160 ἑκατέρων
1102 2111 1271 2149 verbum
1298 2115 1443 2163 aperte
1464 2109 1678 2163 significet,
1701 2124 1805 2162 sym-

298 2167 462 2214 mmias,
494 2180 598 2218 quac
628 2171 754 2205 antea
785 2166 921 2205 dictae
956 2171 1075 2205 erant
1110 2165 1405 2218 rempublicam
1438 2180 1593 2219 gerere,
1627 2170 1673 2205 ut
1704 2166 1806 2205 duas

297 2223 449 2261 debere
471 2221 658 2274 cogitari,
683 2235 892 2273 quumque
923 2221 964 2259 in
996 2221 1184 2273 utrisque
1205 2225 1247 2260 et
1268 2226 1476 2261 oratorem
1505 2226 1547 2260 et
1574 2225 1805 2274 strategum

297 2282 341 2316 et
364 2281 574 2316 trecentos
600 2291 688 2315 esse
711 2291 732 2315 e
754 2278 971 2315 verborum
1003 2290 1109 2315 nexu
1141 2282 1355 2329 appareat7
1379 2277 1481 2315 (luas
1508 2282 1648 2316 autem
1677 2282 1805 2316 trece-

300 2347 398 2371 num
426 2332 576 2371 classes
608 2331 717 2371 inter
746 2331 856 2370 mille
888 2336 930 2370 ct
961 2331 1161 2371 ducentos
1194 2331 1271 2370 sibi
1304 2332 1545 2371 adversatos
1577 2346 1665 2371 esse
1696 2332 1806 2371 omni

299 2387 383 2426 veri
420 2392 561 2426 careat
597 2386 875 2432 similitudine,
907 2386 1091 2426 arbitror
1125 2386 1327 2439 equidem.
1360 2386 1458 2425 illud
1495 2387 1686 2438 ἑκατέρων
1717 2401 1806 2440 8Ρο-

298 2449 414 2482 ctare
440 2443 492 2482 ad
525 2447 745 2495 utrumque
775 2456 905 2495 genus
936 2442 1263 2494 symmoriaruln,
1286 2457 1391 2494 quae
1413 2442 1665 2482 constitutae
1686 2447 1806 2483 erant

231 2503 282 2539 321
300 2498 367 2537 illo
385 2503 583 2551 tempore,
602 2497 643 2536 id
661 2503 736 2544 est,
756 2512 849 2537 cum
866 2498 919 2537 ad
936 2497 1193 2544 tributarias.
1214 2501 1304 2536 tum
1320 2498 1373 2537 ad
1392 2497 1678 2537 trierarchicas
1700 2512 1806 2551 sym-

300 2554 462 2601 morias,
487 2567 660 2606 quarum
682 2553 773 2592 illae
797 2553 858 2592 Ol.
885 2565 972 2599 100,
994 2566 1046 2606 3.,
1070 2553 1149 2592 hae
1171 2567 1266 2592 vero
1290 2553 1352 2592 Ol.
1378 2566 1465 2605 105,
1488 2571 1526 2594 a.
1549 2558 1670 2593 erant
1690 2554 1805 2593 insti—

299 2614 430 2649 tutae.
493 2608 605 2648 Dicit
634 2608 741 2647 enim
770 2609 1097 2648 Demosthenes:
1133 2608 1240 2647 Olim
1267 2611 1412 2662 (quum
1441 2608 1688 2648 tributariae
1714 2613 1805 2648 tan-

300 2670 389 2704 tum
424 2663 642 2703 institutae
673 2668 794 2703 erant
826 2663 1090 2716 symmoriae)
1123 2664 1398 2703 conferebatis
1430 2678 1504 2717 per
1536 2664 1802 2717 symmorias3

299 2734 407 2758 nunc
437 2723 578 2759 autem
608 2724 675 2769 (ex
705 2733 787 2771 quo
819 2719 946 2759 etiam
979 2719 1275 2759 trierarchicae
1307 2719 1553 2772 symmoriae
1586 2719 1805 2759 institutae

340 2854 347 2876 ¹
374 2855 594 2885 Demosthenis
610 2856 711 2885 locum
735 2865 798 2884 non
820 2861 902 2885 recte
917 2855 1015 2893 expli·
1086 2855 1136 2891 26,
1153 2864 1190 2884 22
1207 2862 1238 2885 et
1257 2864 1304 2890 24.
1325 2865 1342 2884 a
1365 2856 1500 2894 Sauppio
1523 2856 1605 2886 dicta
1627 2855 1801 2886 attulimus.

297 2896 359 2924 cari
377 2907 394 2924 a
414 2897 586 2926 Parreidtio
609 2904 693 2936 patet
717 2908 754 2926 ex
779 2897 815 2926 iis
832 2907 910 2935 quae
931 2898 967 2925 ad
986 2908 1014 2935 p.
1085 2898 1124 2926 G.
1144 2897 1365 2926 DINDORF.
