1914 3184
281 126 378 167 xxvi
910 126 1171 167 REISKII

277 235 388 270 datus
418 246 439 269 a
468 246 529 269 me
560 233 729 269 discedet
748 234 806 269 vir
827 232 1015 283 egregius,
1038 246 1152 281 quern
1182 233 1311 282 magni
1338 232 1446 268 facio.
1505 235 1614 278 Quae
1633 234 1789 270 interim

276 299 341 334 ille
361 299 399 334 in
420 298 538 334 literis
558 298 727 347 gesserit,
751 298 814 345 qui
835 310 1068 347 cognoscere
1098 298 1268 345 cupient,
1289 310 1352 333 eos
1383 298 1428 333 ad
1457 299 1644 348 ejusmodi
1672 299 1790 335 libros

277 363 474 411 ablegab0‚
506 362 570 409 qui
600 362 646 397 de
677 362 764 397 vitis
794 362 1062 397 excellentium
1094 361 1278 396 Italorum
1310 371 1579 409 exposuerunt.
1637 363 1791 398 Interea

277 426 366 462 dum
388 427 483 461 haec
505 425 760 465 excuduntur,
783 438 890 472 spem
913 425 1007 460 mihi
1027 437 1094 472 per
1112 424 1242 459 literas
1269 424 1361 460 facit
1390 426 1535 461 amicus
1555 427 1787 475 Argentora-

277 490 394 525 tensis
425 489 472 525 de
507 489 576 524 hac
609 489 776 524 editione
802 488 983 524 Feliciani
1012 501 1031 524 e
1061 487 1290 524 bibliotheca
1321 502 1388 524 sua
1417 489 1464 525 ad
1495 502 1556 525 me
1588 491 1788 526 mittenda.

277 552 403 597 Quam
432 553 496 588 ubi
527 553 687 600 adeptus
717 565 794 592 ers),
816 552 946 588 licebit
976 552 1069 587 mihi
1095 552 1142 587 de
1173 564 1218 587 ea
1247 551 1442 599 aliquanto
1473 553 1694 602 diligentius
1725 567 1788 589 ex-

276 629 434 665 ponere.

160 685 261 709 XVIII
985 671 1013 713 ξ.
1036 678 1073 716 5.

762 740 822 774 De
842 739 992 774 editione
1010 739 1123 774 Pauli
1141 739 1315 775 Munatii.

317 809 499 845 Feliciani
521 809 728 845 editionem
753 808 927 844 insecuta
947 817 1003 844 est
1025 808 1140 844 editio
1159 809 1428 845 Demosthenis
1448 822 1490 845 ex
1513 809 1664 845 officina
1683 809 1789 845 Pauli

275 873 455 913 Manutii,
492 885 607 920 quam
641 873 678 907 in
715 873 1028 908 annotationibus
1063 873 1257 921 appellare
1295 874 1398 909 soleo
1433 873 1549 908 modo
1582 873 1786 914 Paulinam,

276 937 389 972 modo
410 937 576 977 Paulum,
599 936 713 971 modo
734 936 870 971 litteris
890 936 935 971 P.
956 936 1059 971 Man.
1081 936 1251 984 designo.
1307 937 1457 972 Titulus
1477 937 1579 972 illius
1610 937 1789 972 editionis

276 1013 353 1036 non
374 1010 431 1036 est
450 1014 549 1035 unus
571 1001 747 1035 universo
769 1000 958 1047 praefixus
980 1000 1098 1047 operi,
1119 1001 1181 1035 sed
1202 1001 1316 1035 trium
1334 1000 1571 1035 voluminum
1592 1003 1665 1045 (tot
1686 1000 1787 1035 enim

276 1065 475 1100 volumina
495 1072 617 1099 totum
641 1077 735 1111 opus
756 1064 981 1109 conficiunt)
1006 1077 1095 1099 suus
1125 1065 1263 1111 cuique
1294 1065 1481 1112 praefixus
1513 1072 1569 1100 est
1598 1065 1786 1112 proprius,

277 1136 314 1163 et
334 1129 457 1175 primo
480 1128 633 1175 quidem
656 1128 740 1162 hic:
774 1128 1014 1172 Δημοσθένους
1032 1130 1146 1174 λόγων
1166 1131 1278 1172 τμῆμα
1307 1132 1454 1173 πρῶτον.
1514 1128 1786 1163 Demosthenis

276 1193 492 1228 orationum
523 1205 609 1239 pars
638 1192 773 1240 prima,
799 1192 837 1227 in
866 1205 942 1240 qua
971 1192 1245 1228 deliberativae
1276 1192 1468 1227 orationes
1499 1192 1679 1234 sedecim,
1701 1204 1787 1227 cum

275 1257 438 1292 exordiis
467 1256 724 1293 deliberativis
754 1264 791 1292 et
817 1256 912 1292 duae
933 1256 1256 1292 demonstrativae
1286 1256 1546 1291 continentur.
1605 1255 1785 1291 Secundo

275 1320 361 1355 hic:
395 1320 635 1364 Δημοσθένους
654 1321 767 1365 λόγων
788 1321 901 1363 τμῆμα
922 1319 1092 1365 δεύτερον.
1151 1320 1424 1355 Demosthenis
1455 1320 1671 1356 orationum
1702 1333 1789 1367 pars

275 1383 455 1425 secunda,
476 1383 515 1418 in
537 1396 612 1430 qua
626 1383 827 1431 judiciales
847 1395 987 1417 novem
1009 1385 1088 1431 ejus
1109 1384 1285 1430 publicae
1307 1384 1499 1419 orationes
1526 1384 1785 1419 continentur.

273 1448 402 1482 Tertio
422 1447 505 1483 hic:
536 1448 775 1491 Δημοσθένους
803 1450 916 1493 λόγων
941 1449 1054 1492 τμῆμα
1083 1448 1207 1492 τρίτον.
1268 1448 1539 1483 Demosthenis
1569 1448 1786 1483 orationum

273 1524 360 1559 pars
389 1511 514 1553 tertia,
539 1523 614 1558 qua
637 1510 840 1559 judiciales
870 1518 946 1546 tres
977 1518 1016 1546 et
1045 1511 1200 1559 triginta
1230 1512 1401 1559 privatae
1431 1514 1509 1560 ejus
1540 1511 1785 1547 continentur

274 1576 477 1611 orationes.
540 1576 758 1622 Unicuique
780 1576 914 1611 horum
937 1576 1134 1611 titulorum
1167 1576 1423 1623 subscriptum
1445 1583 1523 1610 est:
1558 1575 1785 1624 Corrigente

273 1639 391 1675 Paulo
414 1639 590 1675 Manutio
611 1640 697 1674 Aldi
723 1640 814 1675 filio.
872 1639 1046 1675 Venetiis
1077 1652 1177 1674 anno
1204 1650 1316 1687 1554.
1348 1652 1445 1686 quae
1476 1639 1593 1675 verba
1624 1639 1783 1676 dubium

273 1713 329 1738 est
349 1703 542 1750 quomodo
563 1704 684 1752 accipi
705 1704 868 1739 voluerit
890 1702 1045 1739 Paulus.
1103 1704 1180 1747 Qui
1201 1704 1229 1738 si
1251 1703 1373 1738 voluit
1402 1703 1642 1738 solummodo
1663 1704 1782 1752 signi-

273 1767 399 1807 ficare,
423 1780 462 1802 se
493 1767 651 1802 mendas
681 1767 974 1815 typographicas
1003 1780 1021 1802 e
1043 1767 1183 1803 chartis
1216 1767 1374 1802 musteis
1406 1766 1529 1802 adhuc
1560 1774 1596 1802 et
1627 1779 1649 1802 a
1679 1767 1785 1814 prelo

274 1832 434 1866 madidis
455 1832 665 1872 sustulisse,
688 1844 760 1867 nae
781 1839 907 1879 partes
938 1844 1024 1866 suas
1054 1832 1132 1880 egit
1161 1831 1367 1866 admodum
1389 1831 1636 1879 indiligenter
1657 1838 1694 1867 et
1714 1831 1783 1866 im-

274 1896 410 1943 perite.
470 1895 601 1930 Scatet
621 1896 723 1931 enim
744 1896 862 1930 editio
884 1894 1042 1930 Paulina.
1071 1895 1219 1930 mendis
1241 1894 1525 1944 typographicis
1546 1902 1602 1930 tot
1622 1907 1785 1930 numero

274 1968 312 1994 et
333 1967 410 1994 tam
433 1959 618 2006 turpibus,
641 1967 682 1994 ut
703 1971 837 1994 omnes
858 1959 949 1993 alias
970 1959 1083 2007 longe
1107 1959 1179 1993 hoc
1200 1959 1239 1993 in
1260 1971 1400 2007 genere
1421 1958 1564 1994 vincat.
1623 1957 1688 1994 Sin
1720 1972 1784 1994 au-

273 2032 351 2058 tem
381 2035 582 2071 suggerere
603 2023 741 2058 Paulus
762 2022 895 2062 voluit,
921 2023 1224 2058 Demosthenem
1247 2035 1268 2057 a
1289 2035 1327 2057 se
1350 2035 1369 2057 e
1390 2022 1494 2057 libris
1524 2023 1691 2070 antiquis
1722 2035 1785 2058 ca-

272 2088 374 2123 lamo
405 2088 566 2123 exaratis
596 2087 794 2122 meliorem
826 2100 906 2122 esse
938 2087 1095 2128 factum,
1117 2087 1152 2122 id
1176 2087 1277 2134 quod
1299 2088 1451 2123 videtur
1479 2087 1637 2123 omnino
1667 2087 1714 2124 de
1745 2100 1785 2123 se

268 2154 412 2199 jactare
447 2151 624 2191 voluisse,
658 2150 779 2186 fumos
814 2151 999 2186 vendidit.
1068 2152 1149 2199 Ego
1182 2151 1374 2198 equidem,
1405 2164 1636 2198 quamquam
1672 2151 1785 2187 video

274 2217 394 2250 bonas
424 2216 461 2250 in
495 2228 540 2250 ea
569 2216 708 2250 multas
741 2228 820 2250 esse
851 2216 1050 2257 lectiones,
1079 2215 1226 2250 Aldinis
1259 2216 1448 2256 meliores,
1478 2216 1622 2251 nullam
1655 2224 1785 2251 tamen

275 2280 446 2315 omnium
472 2280 644 2326 suspicor
665 2292 759 2318 esse,
783 2292 880 2326 quae
902 2293 978 2315 non
1000 2293 1019 2315 e
1041 2280 1256 2316 Felicianea
1285 2281 1457 2316 derivata
1485 2281 1544 2316 sit.
1602 2280 1782 2316 Feliciani

275 2342 482 2379 editionem
512 2357 534 2379 a
554 2343 669 2378 Paulo
691 2343 871 2379 Manutio
902 2345 1129 2391 exscriptam
1161 2356 1242 2380 esse
1272 2343 1325 2379 ait
1347 2344 1491 2392 Taylor
1511 2344 1556 2380 ad
1579 2345 1655 2380 vol.
1682 2357 1714 2380 2.
1744 2357 1782 2392 p.

192 2422 262 2445 >ux
277 2419 364 2453 370.
422 2408 619 2453 Nusquam
648 2415 775 2442 tamen
798 2408 935 2442 Paulus
957 2407 1190 2443 Felicianum
1221 2410 1407 2443 nominat.
1466 2408 1554 2451 Qua
1574 2408 1610 2443 in
1631 2421 1671 2443 re
1690 2421 1782 2443 num

277 2471 365 2507 boni
394 2479 430 2506 et
459 2471 608 2506 honesti
632 2470 698 2506 viri
729 2484 869 2507 nomen
900 2471 997 2507 tueri
1029 2480 1141 2519 queat
1162 2472 1311 2512 Paulus,
1332 2471 1497 2508 viderint
1526 2472 1599 2508 alii.
1658 2473 1781 2508 Nobis

278 2534 535 2582 incompertae
565 2542 652 2570 sunt
680 2534 848 2570 minutae
869 2548 1043 2583 quaeque
1064 2535 1232 2571 rationes
1252 2536 1403 2571 illarum
1425 2535 1660 2576 editionum;
1692 2549 1783 2572 con-

277 2606 350 2633 stat
383 2606 525 2639 tamen,
560 2599 717 2633 Paulum
752 2598 907 2634 Graecis
940 2599 1058 2635 literis
1093 2599 1235 2640 minus,
1269 2612 1383 2646 quam
1419 2599 1575 2643 Latinis,
1609 2599 1781 2636 valuisse.

277 2662 379 2697 Ordo
401 2662 613 2697 orationum
636 2663 673 2697 in
695 2663 765 2698 hac
787 2662 951 2698 editione
972 2663 1128 2711 paulum
1151 2664 1197 2698 ab
1220 2663 1360 2698 Aldina
1380 2662 1551 2699 discedit.
1592 2665 1636 2700 In
1658 2663 1782 2712 primo

276 2724 468 2761 volumine
490 2734 576 2761 sunt
598 2739 731 2762 omnes
752 2729 1050 2771 συμβουλευτικοὶ,
1073 2726 1209 2774 quibus
1231 2728 1491 2777 adjunguntur
1510 2727 1720 2775 prooemia,
1743 2736 1782 2764 et

277 2789 351 2823 duo
371 2790 595 2829 ἐπιδεικτικοὶ,
619 2790 697 2825 scil.
720 2789 888 2825 funebris
919 2798 957 2826 et
987 2792 1202 2826 amatorius.
1262 2792 1369 2827 Haec
1399 2792 1471 2827 tria
1499 2792 1537 2826 in
1562 2791 1715 2832 Aldina,
1738 2799 1781 2827 ut

277 2859 315 2885 et
336 2851 514 2892 Pmisina,
537 2852 582 2888 ad
604 2854 719 2889 finem
741 2857 882 2903 rejecta
901 2863 1000 2890 sunt.
1032 2855 1077 2890 In
1100 2855 1268 2891 secundo
1289 2862 1378 2890 sunt
1397 2862 1510 2890 oratt.
1532 2867 1601 2902 pro
1622 2866 1777 2897 corona,

278 2914 323 2948 ‹le
354 2914 446 2949 falsa
475 2916 679 2963 legatione,
705 2917 899 2964 Leptinen,
922 2918 1105 2958 Miffiana,
1129 2918 1163 2954 in
1188 2917 1478 2959 Androtionem,
1502 2917 1537 2953 in
1567 2917 1778 2954 Aristocra-
