1914 3184
298 136 353 161 xx
924 120 1185 161 REISKII

296 239 398 277 gare,
421 235 458 263 et
478 227 659 275 peculiari
681 227 888 267 volumine,
914 226 1014 274 quod
1037 238 1174 274 operae
1196 237 1214 259 a
1237 225 1346 260 nobis
1367 224 1620 260 Demostheni
1648 231 1810 259 navatae

296 291 460 339 primum
493 291 576 331 erit,
602 289 842 326 concludere.
901 290 1044 324 Ponam
1075 297 1204 324 tamen
1234 288 1295 323 hic
1326 288 1489 335 exempli
1520 300 1653 323 caussa
1683 288 1809 323 locum

296 367 414 391 unum
448 355 668 394 alterumve,
700 353 801 389 unde
836 352 980 400 liquido
1013 358 1175 392 constet,
1208 351 1440 398 exemplaria
1466 350 1644 392 Aldinae,
1674 350 1809 397 quibus

296 418 353 454 usi
383 426 472 454 sunt
500 418 726 466 Obsopoeus
754 425 792 453 et
812 417 1013 464 Taylorus,
1044 415 1090 450 ab
1122 427 1166 450 eo
1197 414 1484 462 discrepavisse,
1516 427 1590 461 quo
1621 427 1691 462 ego
1719 426 1809 449 usus

295 495 392 517 sum.
432 495 468 516 V.
490 494 526 529 p.
549 481 727 517 editionis
758 480 955 516 Parisinae
985 481 1075 525 (qua
1103 478 1245 526 ubique
1275 478 1313 513 in
1345 479 1415 513 hac
1444 478 1679 526 praefatione
1709 485 1806 520 utor,

294 558 392 593 quae
422 545 645 581 necessariis
675 545 722 580 de
752 544 893 580 caussis
922 543 1026 591 prius
1056 542 1278 578 excudenda
1298 542 1381 582 fuit,
1404 555 1516 589 quam
1538 550 1668 577 nostra
1688 541 1807 576 Grae-

294 620 426 643 corum
447 608 833 643 Demosthenicorum
861 606 1009 650 editio,)
1035 605 1072 646 6,
1094 616 1151 653 17.
1178 606 1239 646 26,
1264 616 1307 653 15
1331 613 1369 642 et
1393 617 1451 653 29.
1476 617 1537 651 34,
1561 617 1623 652 30.
1646 605 1708 651 36,
1732 616 1803 651 29:

293 672 385 707 item
405 684 461 713 11,
487 683 546 717 24.
569 682 604 716 4,
623 680 745 718 5.15‚
768 669 1084 710 11.16,20.18,
1104 681 1123 716 3
1149 678 1186 705 et
1209 670 1243 705 8.
1267 681 1330 716 31,
1351 670 1397 704 16
1415 679 1453 704 et
1471 669 1698 716 31.—Haee
1719 681 1805 704 cum

294 748 395 770 anno
417 736 602 783 superiori
623 747 853 777 exarassem,
879 734 1175 782 (praefationem
1197 734 1295 769 hanc
1317 734 1407 768 anni
1426 733 1539 779 1768.
1562 745 1694 769 mense
1716 734 1807 781 Sep-

294 799 433 835 tembri
455 800 662 848 conscripsi
680 816 688 840 3
719 811 823 835 nunc
844 807 987 839 autem,
1006 799 1066 834 die
1087 808 1145 844 17.
1164 798 1303 833 mensis
1319 797 1549 833 Novembris
1571 798 1678 844 1769.
1697 810 1807 833 excu-

293 863 409 899 dendi
438 863 581 899 facturn
607 872 664 900 est
686 864 839 899 initium
855 865 882 908 3)
915 863 1055 898 obtulit
1080 863 1233 898 interim
1255 861 1410 897 fortuna
1435 861 1605 897 secunda
1630 862 1721 896 mihi
1744 873 1805 897 ex-

294 928 461 976 emplum
484 928 755 963 Demosthenis
776 927 904 963 Aldini
925 927 1072 967 venale,
1096 926 1196 974 quod
1225 938 1310 961 aere
1337 938 1422 961 meo
1444 938 1572 961 meum
1593 925 1678 967 feci,
1701 938 1806 973 pror-

293 1005 357 1027 sus
396 992 516 1028 simile
555 992 610 1026 illi
648 992 793 1039 primae
832 991 991 1026 editioni
1029 991 1199 1033 Aldinae,
1233 1003 1308 1037 qua
1346 990 1402 1025 usi
1442 998 1530 1025 sunt
1564 989 1805 1040 Obsopoeus,

294 1056 582 1103 Mounteneyus
603 1063 641 1090 et
661 1055 872 1103 Taylorus;
903 1062 945 1089 ut
972 1055 1130 1090 dubium
1158 1066 1284 1095 omne,
1308 1066 1382 1100 quo
1414 1062 1528 1089 antea
1555 1054 1738 1102 agitabar,
1760 1054 1806 1089 de

293 1120 447 1168 gemina
472 1119 562 1154 Aldi
593 1119 727 1155 eodem
758 1131 859 1153 anno
889 1117 990 1154 facta
1016 1118 1284 1153 Demosthenis
1314 1118 1482 1153 editione
1512 1118 1604 1152 mihi
1634 1121 1713 1167 jam
1744 1130 1805 1153 ex-

242 1195 281 1217 1x
296 1192 453 1225 emtum,
486 1183 615 1230 reique
646 1183 800 1223 veritas,
836 1182 927 1217 meis
967 1183 1086 1218 oculis
1126 1182 1298 1224 testibus,
1336 1182 1596 1218 demonstrata
1630 1189 1668 1217 et
1702 1189 1808 1217 extra

294 1247 592 1283 controversiam
625 1248 750 1294 posita
779 1247 837 1282 sit.
898 1247 1140 1282 Praeclarum
1172 1254 1228 1281 est
1257 1254 1293 1281 et
1323 1247 1450 1295 magni
1482 1259 1501 1281 a
1534 1258 1595 1281 me
1624 1246 1678 1287 fit,
1706 1245 1806 1293 quod

295 1312 511 1359 exemplum
540 1311 811 1347 Demosthenis
838 1311 966 1346 Aldini
1001 1323 1129 1346 meum
1161 1317 1292 1345 teneat
1327 1310 1461 1345 eodem
1491 1309 1687 1345 volumine
1715 1322 1805 1345 con-

295 1376 442 1411 clusum
465 1374 672 1422 Ulpianum
695 1387 846 1422 quoque
877 1382 914 1409 et
940 1374 1253 1421 Harpocrationis
1276 1374 1443 1409 Lexicon
1474 1374 1520 1409 ab
1543 1374 1640 1410 Aldo
1671 1374 1807 1410 eodem

295 1452 396 1475 anno
427 1439 584 1475 editum.
642 1439 909 1475 Distinctionis
940 1451 1073 1474 caussa
1102 1439 1316 1486 exemplum
1348 1439 1552 1485 Obsopoeo
1583 1446 1806 1486 usurpatum

295 1503 474 1539 Aldinam
497 1504 766 1550 antiquiorem,
789 1504 964 1544 alterum,
988 1506 1095 1552 cujus
1116 1503 1238 1538 adhuc
1260 1503 1366 1550 plura
1389 1510 1591 1550 supersunt
1611 1502 1649 1537 in
1671 1502 1807 1538 biblio-

296 1568 417 1604 thecis
456 1568 642 1615 exempla,
684 1567 785 1603 illam
826 1567 1124 1602 emendatiorem
1163 1575 1266 1614 puta,
1301 1567 1550 1614 posteriorem
1590 1566 1804 1613 appellabo.

296 1632 435 1679 Reperi
469 1644 621 1679 quoque
661 1632 698 1666 in
733 1632 829 1666 libro
854 1631 1099 1667 Weimarano
1133 1631 1368 1666 subobscura
1402 1632 1513 1680 hujus
1548 1631 1716 1680 ejusdem
1751 1631 1806 1666 rei

295 1696 469 1745 vestigia.
528 1696 628 1731 Nam
650 1709 688 1744 p.
707 1707 796 1743 543,
814 1708 850 1743 9.
871 1696 928 1731 ed.
952 1696 1068 1731 Paris.
1092 1696 1185 1731 haec
1206 1696 1328 1742 reperi
1350 1695 1384 1730 in
1402 1696 1647 1730 W'eimarana
1668 1695 1808 1731 Aldina

297 1767 481 1795 annotata
504 1759 550 1795 ad
571 1772 606 1807 p.
629 1770 690 1807 57.
714 1759 775 1805 36.
791 1760 865 1795 vol.
892 1771 922 1794 2.
945 1759 1001 1794 ed.
1024 1759 1199 1802 Aldinae,
1225 1759 1288 1794 ubi
1320 1767 1374 1794 est
1404 1760 1441 1794 in
1474 1759 1648 1807 exemplo
1677 1767 1806 1807 poste-

297 1824 386 1859 riori
417 1824 634 1868 ἑτεροπλοίω,
667 1836 688 1858 a
722 1836 838 1858 manu
872 1823 1109 1858 recentiore:
1146 1825 1365 1870 (ἑτεροπλόῳ.
1387 1824 1424 1858 in
1454 1836 1508 1870 pr.
1531 1823 1589 1858 ed.
1611 1825 1664 1859 ἐπ.
1686 1824 1805 1871 πλείῳ.

299 1900 336 1922 se
366 1899 401 1934 p.
424 1887 547 1922 voluit
575 1888 715 1934 πλοίῳ.)
778 1886 850 1922 Sed
880 1898 1037 1922 necesse
1068 1895 1135 1929 est,
1164 1894 1206 1921 ut
1234 1887 1355 1925 illum,
1383 1887 1600 1934 quicunque
1630 1887 1714 1928 fuit,
1742 1887 1807 1934 qui

297 1951 369 1986 ista
390 1951 601 1993 annotavit,
620 1950 751 1986 oculus
772 1949 973 1986 fefellerit:
1007 1963 1094 1985 nam
1118 1951 1154 1985 in
1178 1951 1315 1985 Aldina
1337 1963 1420 1986 mea
1441 1960 1496 1986 est
1516 1952 1700 1998 ἑτεροπλίῳ
1723 1952 1808 1998 (per

296 2014 404 2059 iota).
461 2015 570 2049 Patet
590 2022 731 2055 tamen,
755 2026 842 2049 eum
864 2015 967 2063 siglis
990 2014 1060 2049 illis
1074 2027 1135 2061 pr.
1158 2015 1213 2049 ed.
1237 2014 1432 2063 designare
1454 2014 1616 2049 voluisse
1644 2014 1804 2061 primam

297 2077 384 2113 Aldi
419 2077 641 2113 editionem.
706 2078 807 2121 Quid
843 2086 970 2114 autern
1000 2091 1038 2125 p.
1064 2079 1273 2114 solitarium
1308 2079 1360 2114 sic
1398 2079 1563 2127 positum
1601 2078 1670 2113 sibi
1699 2078 1805 2118 velit,

297 2141 397 2176 haud
418 2141 602 2189 intelligo.
662 2142 744 2176 Pari
765 2142 879 2177 modo
900 2142 944 2177 ad
966 2142 1107 2182 locum,
1131 2143 1194 2189 qui
1214 2142 1252 2176 in
1278 2142 1446 2177 Parisina
1465 2155 1502 2189 p.
1522 2150 1612 2189 553,
1630 2153 1689 2188 23.
1712 2142 1805 2192 legi-

299 2211 372 2244 tur,
393 2204 487 2239 haec
508 2205 629 2251 reperi
651 2204 697 2238 ab
719 2204 851 2239 eadem
874 2206 1084 2240 recentiore
1105 2218 1220 2240 manu
1242 2213 1439 2246 annotata,
1463 2218 1560 2253 quae
1587 2218 1663 2240 non
1694 2206 1805 2241 intel-

297 2266 395 2315 ligo:
432 2269 503 2314 (pr.
525 2269 601 2312 περὶ
622 2279 696 2302 em.
718 2274 761 2301 ut
781 2267 874 2309 hic).
932 2268 1021 2302 Non
1043 2276 1170 2315 potest
1190 2269 1282 2309 fieri,
1301 2269 1389 2315 quin
1411 2277 1503 2303 nota
1515 2282 1577 2316 pr.
1598 2269 1804 2305 editionem

298 2329 390 2365 Aldi
418 2329 593 2377 primam,
608 2330 795 2365 vocabulo
826 2330 882 2365 hie
911 2338 1039 2366 autem
1069 2332 1275 2367 secundam
1307 2332 1534 2380 designarit:
1567 2345 1654 2367 nam
1683 2333 1721 2367 in
1747 2346 1804 2374 ea,

300 2405 375 2440 qua
404 2405 423 2428 e
453 2393 684 2428 bibliotheca
713 2393 876 2428 civitatis
908 2394 1112 2441 Lipsiensis
1147 2408 1237 2430 usus
1272 2408 1367 2435 sum,
1395 2403 1432 2430 et
1454 2408 1551 2442 quae
1585 2396 1716 2432 eadem
1750 2405 1806 2433 est

299 2469 384 2491 cum
398 2456 657 2496 Weimarana‚
679 2456 819 2505 legitur
838 2457 902 2492 illo
919 2470 1029 2493 versu
1060 2458 1115 2492 bis
1145 2460 1247 2504 παρὰ,
1270 2471 1347 2494 non
1376 2459 1464 2504 περί,
1523 2460 1572 2494 Et
1601 2468 1807 2496 annotator

298 2520 360 2555 ille
377 2520 645 2555 VVeimaranus
675 2520 826 2555 codices
856 2533 944 2555 suos
969 2520 1108 2556 MStos
1138 2534 1213 2557 non
1236 2522 1430 2558 vocabulis
1452 2535 1514 2570 pr.
1536 2535 1603 2558 sec.
1625 2529 1709 2559 tert.
1739 2526 1805 2560 sed

298 2584 436 2630 ciphris
459 2595 486 2618 1.
513 2595 544 2617 2.
568 2595 603 2629 3.
626 2583 822 2632 designare
853 2585 1065 2619 consuevit.
1132 2585 1174 2620 In
1211 2598 1298 2620 meo
1333 2587 1508 2633 exemplo
1539 2587 1705 2623 Aldinae
1735 2588 1805 2623 du-

297 2647 399 2681 bium
424 2654 478 2682 est
500 2647 589 2694 quid
610 2647 784 2694 primitus
804 2648 854 2682 ibi
877 2647 989 2683 fuerit
1007 2663 1013 2683 z
1048 2661 1133 2683 nam
1157 2656 1213 2684 est
1234 2650 1385 2696 quidem
1409 2650 1460 2684 ibi
1481 2651 1611 2698 utique
1632 2653 1719 2697 περὶ,
1739 2652 1803 2687 sed

298 2711 363 2751 sic,
387 2718 428 2746 ut
448 2726 461 2744 ε
484 2718 520 2746 et
544 2712 554 2744 ὶ
574 2718 788 2746 atramento
818 2712 1021 2759 inscriptae
1053 2713 1143 2748 satis
1172 2713 1271 2748 clare
1301 2714 1514 2754 videantur,
1540 2714 1645 2749 nulla
1674 2722 1803 2751 tamen

298 2782 505 2821 apparente
526 2787 668 2810 rasura.

350 2837 442 2873 Aldo
467 2838 567 2873 idern
589 2841 668 2886 jam
691 2846 779 2873 ante
802 2847 994 2880 evenerat,
1017 2847 1059 2874 ut
1078 2840 1323 2876 Theocritum
1355 2841 1487 2876 eodem
1518 2853 1618 2876 anno
1649 2841 1802 2876 eodem-

299 2913 371 2948 que
402 2902 470 2938 sub
498 2902 619 2951 elogio
649 2904 854 2952 geminum,
877 2905 1036 2940 alterum
1065 2905 1111 2941 ab
1137 2905 1258 2941 altero
1279 2906 1528 2941 vehementer
1554 2905 1801 2941 dissidentem
