1934 3179
212 124 295 164 390
772 121 884 162 PRO
917 122 1168 163 CORONA.

212 227 326 266 tione
349 227 475 267 etiam
497 227 738 267 scholiastes
759 228 810 267 ad
836 226 1029 280 Sophocl.
1055 227 1201 280 Antig.
1218 241 1253 265 v.
1279 238 1374 279 320.
1429 226 1481 265 V.
1501 226 1727 267 Piersonus

213 282 267 322 ad
301 283 466 323 Moerin
498 299 535 337 p.
561 297 649 333 114.
684 283 933 323 SCHAEF.
1010 283 1061 321 V.
1085 282 1335 334 interpretes
1370 281 1586 336 Aristoph.
1616 283 1726 323 Nub.

214 340 311 389 446-

273 397 365 446 269.
385 407 448 435 20.
471 397 634 446 ὄλεθρος
651 394 916 447 γραμματεύς]
944 394 1058 433 Infra
1075 409 1112 447 p.
1132 407 1224 444 297.
1242 395 1580 446 γραμματοκύφων
1597 394 1725 433 nomi-

213 455 350 491 natur.
414 452 570 491 Fuerat
592 451 823 491 Aeschines
844 449 971 503 priori
993 455 1181 503 tempore
1202 450 1456 503 aliquamdiu
1480 452 1728 501 ὑπογραμμα-

213 508 311 555 τεύς,
328 507 469 560 quales
486 507 605 547 multi
623 512 743 547 erant
764 506 943 546 Athenis
959 506 1187 558 majoribus
1204 511 1246 546 et
1263 506 1492 545 minoribus
1508 505 1728 560 magistra-

214 562 326 602 tibus
357 577 526 616 operam
558 567 832 616 praestantes,
861 562 910 602 cf.
930 562 1113 601 Boeckh.
1138 562 1188 601 de
1211 562 1362 601 Oecon.
1386 562 1490 602 Ath.
1515 575 1547 601 1.
1570 577 1609 615 p.
1635 574 1728 601 201.

217 618 424 658 Disertius
445 619 495 658 de
516 634 565 658 ea
587 634 631 658 re
653 618 959 658 Demosthenes
981 618 1086 657 infra
1108 633 1146 670 p.
1171 631 1267 670 314.
1289 618 1413 658 dicit:
1447 618 1490 656 τὸ
1514 618 1730 657 κάλλιστον

215 674 379 724 ἐξελέξω
421 679 497 714 τῶν
539 676 676 726 ἔργων,
719 676 1004 725 γραμματεύειν
1046 676 1107 712 καὶ
1157 676 1359 724 ὑπηρετεῖν
1400 678 1480 715 τοῖς
1531 675 1729 726 ἀρχιδίοις.

217 730 386 770 Dictum
409 736 473 770 est
489 731 540 770 de
562 731 638 770 hac
660 745 703 770 re
727 730 853 770 etiam
871 730 922 769 de
943 730 1046 770 falsa
1067 729 1191 783 legat.
1209 745 1247 783 p.
1263 743 1359 781 419.
1408 730 1519 769 Α(1(1.
1536 729 1727 782 Apollon.

218 787 306 826 Vit.
341 787 536 826 Aeschin.
565 802 603 840 p.
637 799 727 838 247.
752 787 816 825 ed.
841 786 972 825 Bekk.
1003 801 1040 839 p.
1067 800 1126 839 ¹3·
1150 786 1290 825 Reisk.
1353 786 1554 825 Traditur
1584 790 1731 838 postea

215 843 343 882 etiam
367 843 696 896 Aristoplwntis,
720 848 809 882 tum
833 842 985 881 Eubuli
1010 842 1146 881 scriba
1166 843 1303 889 fuisse,
1322 844 1372 881 cf.
1390 842 1517 882 Auct.
1534 856 1728 895 anonym.

220 900 306 938 Vit.
328 899 523 939 Aeschin.
552 915 590 952 p.
617 912 710 951 245.
743 899 874 937 Bekk.
903 903 945 938 et
972 898 1096 937 Phot.
1126 898 1232 937 Bibl.
1256 898 1356 938 Cod.
1382 897 1499 937 LVI.
1522 913 1560 951 p.
1589 910 1652 947 20,
1676 898 1730 937 A.

226 955 350 994 Bekk.
395 955 622 995 DISSEN.

277 1013 369 1064 269,
389 1024 452 1051 21.
476 1012 552 1051 οὐδ’
573 1012 620 1051 ἂν
642 1011 894 1064 πορίσασθαι]
928 1012 1022 1050 Non
1044 1011 1353 1065 e.1pr‹)m]›si.>·set.
1396 1010 1516 1050 Orat.
1537 1010 1630 1050 adv.
1655 1009 1731 1050 La-

217 1068 308 1107 crit.
330 1082 371 1120 p.
395 1069 489 1120 938.
524 1069 662 1120 ῥᾳδίως
692 1069 836 1117 λόγους
867 1069 1098 1116 ποριεῖσθαι.
1144 1066 1342 1119 Epitaph.
1366 1081 1405 1119 p.
1430 1078 1548 1119 1392.
1576 1067 1634 1105 ὅτι
1657 1066 1732 1118 χρὴ

218 1123 353 1175 λέγειν
374 1125 624 1174 πορίσασθαι.
679 1122 930 1162 SCHAEF.

276 1181 406 1230 ὥσπερ
430 1181 472 1219 ἐν
493 1181 685 1233 τραγῳδίᾳ
706 1180 879 1231 βοῶντα]
918 1178 1082 1218 Alludit
1106 1179 1258 1218 iterum
1285 1178 1339 1217 ad
1368 1177 1572 1218 scenicam
1598 1182 1734 1217 artem

220 1235 453 1283 Aeschinis,
487 1236 537 1274 (le
569 1250 650 1288 qua
687 1235 793 1274 infra
828 1234 947 1287 plura
982 1235 1177 1287 legemus.
1246 1234 1467 1274 Caeterum
1500 1234 1639 1273 videas
1675 1233 1733 1272 in-

220 1298 319 1344 epta
354 1292 456 1331 haec
489 1292 615 1331 verba
651 1291 861 1345 pathetica
896 1290 938 1329 in
971 1291 1085 1330 exitu
1122 1290 1323 1330 orationis
1354 1290 1446 1330 adv.
1472 1289 1733 1343 Ctesiphont.

223 1348 449 1389 DISSEN.

281 1407 373 1456 269,
400 1417 464 1454 24.
487 1409 607 1444 ταῦτα
629 1407 701 1456 γὰρ
725 1404 916 1453 δήπουθεν
936 1403 1083 1453 ἠκούετ’
1103 1404 1218 1443 αὐτοῦ
1239 1402 1440 1456 λέγοντος]
1475 1402 1540 1441 Ex
1562 1401 1626 1441 his
1647 1416 1733 1440 ver-

222 1461 286 1500 bis
310 1461 517 1500 Frankius
540 1461 580 1499 in
603 1460 747 1500 Jahnii
772 1460 922 1499 Annal.
946 1459 1085 1512 philol.
1103 1475 1141 1498 a.
1164 1461 1280 1511 1838.
1299 1459 1375 1498 vol.
1399 1471 1464 1498 22.
1482 1474 1520 1512 p.
1538 1470 1634 1511 375.
1652 1471 1734 1496 non

222 1516 310 1556 sine
326 1516 410 1556 veri
433 1517 567 1570 specie
586 1516 742 1569 colligit
760 1516 884 1555 verba
903 1517 1050 1567 §.162.
1077 1518 1162 1567 163.
1187 1517 1220 1554 εἰ
1241 1515 1573 1565 γὰρ-περίεστιν
1589 1513 1735 1553 audita

223 1573 388 1612 demum
407 1572 626 1612 Aeschinis
643 1572 830 1612 oratione
853 1571 1074 1610 inseruisse
1096 1571 1431 1615 Demosthenem,
1450 1584 1575 1622 quum
1595 1583 1735 1609 coram

218 1628 427 1682 judicibus
447 1629 698 1682 loqueretur,
722 1642 804 1666 non
825 1632 951 1667 antea
973 1626 1223 1666 meditatum
1245 1641 1343 1665 esse.

284 1687 376 1737 269,
398 1688 463 1723 26.
491 1684 520 1723 ‹T›
549 1684 741 1736 κάθαρμα]
786 1685 892 1722 Esse
923 1683 1030 1721 hunc
1062 1683 1195 1721 locum
1226 1682 1413 1721 imitatos
1435 1681 1592 1720 Julian.
1617 1680 1733 1720 Orat.

225 1753 261 1791 7.
286 1756 323 1794 p.
346 1752 437 1794 235,
462 1741 499 1779 (1.
523 1745 565 1780 et
588 1740 833 1779 Philostrat.
854 1738 943 1778 Vit.
968 1739 1105 1791 Apoll.
1130 1752 1170 1791 5.
1188 1753 1227 1791 p.
1248 1740 1340 1776 206.
1363 1736 1598 1776 observavit
1612 1736 1736 1789 Wyt-

225 1797 416 1836 tenbach.
444 1796 579 1849 Epist.
604 1796 705 1836 Crit.
728 1811 767 1848 p.
794 1809 871 1840 21.,
893 1810 933 1848 p.
960 1807 1036 1845 242
1061 1809 1145 1847 seq.
1166 1795 1228 1833 ed.
1255 1794 1367 1846 Lips.
1411 1792 1635 1832 DISSEN.

286 1855 378 1904 269,
399 1865 463 1905 29.
486 1853 529 1902 ἧς
550 1857 625 1891 τῶν
646 1854 718 1902 μὲν
740 1869 771 1891 κ.
787 1868 820 1890 τ.
834 1852 892 1903 λ.]
932 1851 1087 1889 Locum
1108 1851 1216 1889 hunc
1237 1849 1342 1889 citat
1361 1849 1567 1888 Stoba-eus
1587 1863 1626 1901 p.
1648 1849 1736 1899 189,

234 1921 305 1958 17..
330 1909 401 1948 sed
433 1908 629 1948 nonnulla
660 1912 826 1947 mutans
853 1912 893 1947 et
926 1907 1140 1960 proposito
1166 1920 1240 1945 suo
1265 1905 1594 1945 accommodans.
1657 1903 1738 1943 Sed

227 1965 343 2004 deest
366 1964 537 2004 editioni
562 1963 819 2004 Trincavelli.
863 1963 1056 2002 REISK.

287 2034 379 2071 270,
406 2035 436 2060 1.
460 2024 633 2060 τοιοῦτον
654 2021 783 2068 οὐδὲν]
819 2019 967 2069 Qualia
997 2033 1143 2072 nempe
1170 2018 1398 2057 Aeschines
1425 2018 1476 2057 de
1507 2031 1550 2056 se
1580 2015 1739 2069 praedi-

228 2077 339 2117 cavit
371 2077 457 2130 ipse
488 2091 559 2116 ore
590 2091 687 2115 suo:
720 2076 792 2115 sed
820 2075 959 2120 etiam,
987 2074 1019 2113 si
1051 2075 1154 2113 alius
1186 2074 1401 2126 quisquam
1433 2072 1535 2112 talia
1566 2072 1616 2111 de
1649 2071 1739 2124 ipso

229 2133 397 2180 diceret,
421 2133 700 2172 ostenderetur
731 2136 773 2171 et
804 2132 1066 2170 erubesceret
1095 2131 1147 2169 ob
1179 2128 1479 2182 impudentiam
1510 2127 1740 2168 adulatoris

228 2189 268 2227 in
287 2204 332 2228 os
354 2203 397 2228 se
418 2188 640 2229 laudantis.
672 2187 865 2227 REISK.
924 2187 1130 2226 Stobaeus
1151 2186 1432 2239 interpretans
1455 2183 1619 2237 scripsit
1639 2182 1741 2234 μέγα

230 2245 362 2284 οὐδένε
397 2245 453 2283 sic
475 2244 585 2284 enim
606 2244 826 2297 legendum
846 2257 922 2296 pro
945 2242 1045 2282 οὐδέ.
1089 2241 1338 2282 SOHAEF.

289 2299 572 2352 ἐρυθριάσειεν]
609 2299 806 2338 Imitatur
828 2298 1083 2337 Themistius
1105 2312 1163 2336 or.
1188 2310 1253 2336 21.
1275 2312 1314 2349 p.
1340 2309 1418 2348 259
1442 2296 1490 2335 Β.
1512 2295 1565 2335 ab
1587 2295 1741 2334 Jacob-

231 2357 291 2395 sio
313 2360 591 2408 comparatus,
610 2355 723 2394 οὐδὲν
740 2356 858 2395 οὕτως
876 2355 1050 2402 ἄκουσμα
1067 2352 1252 2403 φορτικὸν
1268 2354 1318 2394 ὡς
1339 2354 1358 2390 ὁ
1383 2351 1463 2391 καθ’
1482 2354 1616 2390 ἑαυτοῦ
1637 2351 1742 2390 ἔπαι-

232 2429 307 2459 νος,
340 2412 400 2450 καὶ
431 2414 550 2450 ταῦτα
582 2411 644 2449 ἐπὶ
674 2410 840 2462 παιδείᾳ,
875 2408 935 2458 ἐφ’
958 2407 981 2463 ᾗ
1014 2409 1074 2447 καὶ
1105 2409 1239 2447 ἄλλων
1272 2409 1533 2446 ἐπαινούντων
1565 2408 1743 2457 ἐρυθριᾶν

233 2469 359 2520 χρεὼν
384 2468 472 2508 τοὺς
503 2468 695 2516 ἀληθινῶς
727 2465 841 2513 αὐτῆς
872 2466 1102 2513 ἐπηβόλους.
1165 2463 1319 2503 “Confi
1344 2462 1560 2502 Plutarch.
1588 2462 1651 2501 De
1680 2461 1742 2500 sui

232 2523 354 2563 laude
376 2538 408 2562 c.
437 2537 465 2561 1.
491 2538 528 2575 p.
552 2534 647 2575 539,
672 2522 710 2560 d.
733 2526 775 2560 et
797 2535 831 2560 c.
858 2532 921 2559 21.
945 2535 983 2573 p.
1005 2531 1100 2572 547,
1124 2520 1176 2565 b.,
1201 2519 1269 2571 qui
1292 2518 1417 2558 verba
1447 2532 1543 2557 mox
1573 2531 1742 2570 sequen-

233 2579 294 2618 tia
321 2579 364 2618 τὸ
392 2583 531 2618 λυπεῖν
552 2578 638 2619 τοὺς
664 2579 874 2617 ἀκούοντας
904 2577 1112 2626 περίεστιν.
1137 2576 1180 2614 οὐ
1201 2575 1244 2613 τὸ
1274 2578 1401 2614 δοκεῖν
1426 2574 1525 2613 εἶναι
1551 2574 1744 2613 τοιούτους

233 2635 369 2674 affert.
393 2634 489 2674 ibid.
513 2649 545 2673 c.
572 2646 634 2675 22.
657 2649 695 2686 p.
718 2644 814 2685 547.
836 2631 931 2670 finf
964 2630 1187 2670 DISSEN.

296 2704 386 2742 270,
411 2703 449 2741 3.
478 2691 572 2728 ὅταν
598 2688 786 2741 λέγωσιν]
823 2687 956 2727 Seilic.
983 2686 1140 2728 ἑαυτοὺς
1172 2687 1438 2726 εὐπαιδεύτους
1470 2685 1530 2724 καὶ
1562 2683 1744 2724 συνετοὺς

235 2747 346 2786 εἶναι.
391 2746 583 2785 REISK.

567 2802 576 2814 Ι
698 2800 714 2813 4„
889 2799 895 2806 ·
921 2800 927 2807 .
1013 2800 1028 2813 ..Ι
1119 2800 1126 2812 ρ
1232 2798 1242 2811 x
1330 2797 1337 2810 t

295 2815 387 2852 270,
410 2816 449 2855 5.
472 2818 656 2842 τοιουτοις
679 2802 793 2853 ειναι]
831 2799 966 2839 Scillc.
990 2815 1091 2839 οιους
1114 2815 1269 2839 εαυτους
1290 2803 1490 2847 λεγουσιν.
1530 2794 1723 2834 REISK.

294 2859 375 2897 Οὐκ
409 2859 563 2907 ἀπορῶν
595 2855 623 2894 δ’
653 2858 673 2894 ὅ
706 2873 739 2894 τι
773 2856 847 2907 χρὴ
880 2872 911 2893 κ.
935 2872 967 2893 τ.
991 2855 1046 2905 λ.]
1105 2853 1304 2906 Syrianus
1346 2852 1401 2891 ad
1436 2851 1743 2903 Hermogenem

236 2928 274 2964 p.
298 2927 364 2965 43.
393 2915 439 2951 τὰ
470 2913 564 2963 πρὸς
596 2913 787 2951 σύστασιν
816 2913 975 2962 ἐροῦμεν
1002 2912 1047 2947 τὰ
1078 2911 1309 2958 βλάπτοντα
1341 2910 1571 2951 σιωπῶντες,
1603 2907 1651 2947 ὡς
1682 2905 1743 2944 καὶ
