1914 3184
253 107 337 145 ⁶218
700 107 994 148 EPISTOLA
1028 108 1315 148 PHILIPPI.

251 207 363 247 mula
384 208 497 260 pacis
520 208 713 262 Philippo
735 224 828 249 cum
850 209 1178 249 Atheniensibus
1211 209 1352 257 initae,
1377 225 1481 263 quae
1503 212 1633 251 stelae
1654 211 1762 252 aliae

251 262 293 301 in
314 263 501 302 confiniis
531 264 621 317 agri
644 265 792 312 Attici,
815 265 922 304 aliae
955 265 997 303 in
1017 264 1168 304 finibus
1192 265 1464 306 Macedoniae
1485 266 1595 306 fixae
1623 272 1756 315 erant,

253 331 334 371 quo
355 318 469 370 pacis
491 319 705 358 conclusae
727 319 986 359 conditiones
1008 319 1212 358 neminem
1233 320 1439 373 fugerent.
1499 321 1694 361 REISK.

315 376 405 421 160,
427 386 448 413 2
452 384 491 426 5.
526 378 605 415 τοῖς
624 375 712 423 παρ’
735 377 828 423 ἐμοῦ
848 374 1124 427 πρεσβευταῖς]
1164 375 1213 413 Id
1235 380 1310 422 est,
1333 376 1428 426 πρὸς
1449 377 1534 418 τοὺς
1555 376 1642 427 παρ’
1667 379 1760 427 ἐμοῦ

252 431 500 478 πρεσβευτὰς
531 430 618 481 ἰδίᾳ,
640 430 685 468 οὐ
719 431 824 482 κοινῇ
858 430 920 467 καὶ
951 429 1047 479 πρὸς
1078 430 1165 471 τοὺς
1194 430 1284 480 παρἦ
1304 429 1536 480 Ἀθηναίων,
1559 432 1762 484 privatim

251 497 345 535 elya
366 497 463 522 meos
485 483 640 536 Zeyatos,
662 497 738 522 non
764 484 855 522 ‘item
870 483 1028 536 publice
1047 498 1112 524 seu
1133 486 1387 525 communiter
1406 487 1524 526 etiam
1545 501 1639 540 crya
1660 487 1762 540 laya-

253 544 308 577 tos
328 537 646 577 Atheniensium.
708 538 902 578 REISK.

315 594 405 639 161,
428 606 466 645 3.
502 593 713 647 Σιτάλκου]
752 594 865 633 Mira
888 598 987 633 sunt
1008 608 1113 646 quae
1135 594 1186 633 de
1210 594 1364 634 Sitalce
1389 596 1560 647 ejusque
1581 596 1762 636 occisore

252 652 492 687 narrantur.
554 648 664 688 Nam
686 663 759 688 nec
783 649 958 688 Sitalces
989 649 1160 689 civitate
1181 650 1235 688 ab
1257 650 1585 690 Atheniensibus
1606 656 1670 690 est
1691 652 1762 691 do-

253 707 388 748 natus,
413 703 485 741 sed
505 703 613 743 filius
644 705 733 756 ejus
757 704 941 743 Sadocus
965 708 1019 755 (v.
1045 705 1233 757 Thucyd.
1260 718 1294 752 2,
1321 707 1422 757 29.),
1454 720 1529 744 nec
1562 706 1673 744 domi
1704 707 1762 744 in-

253 759 452 796 terfectus
474 762 550 806 est,
573 759 645 798 sed
679 759 720 797 in
741 759 1007 812 expeditione
1037 760 1235 799 adversus
1258 760 1467 799 Triballos
1489 760 1671 813 (Olymp.
1695 762 1761 813 89,

255 816 312 860 2.)
336 812 472 865 periit,
490 818 533 852 et
557 815 753 861 Seuthen,
776 815 920 854 fratris
937 815 1078 861 filium,
1097 814 1212 868 regni
1234 829 1512 854 successorem
1533 816 1681 855 habuit
1704 820 1760 869 (v.

254 868 440 920 Thucyd.
462 882 502 919 4,
531 871 655 919 101.),
679 884 855 922 quocum
878 869 1156 909 Athenienses
1189 884 1271 909 non
1293 870 1440 909 statim
1464 871 1604 922 (εὐθὺς,
1627 874 1675 909 ut
1695 871 1762 909 hic

252 922 419 973 dicitur)
458 923 685 964 amicitiam
718 924 911 972 inierunt,
944 925 1015 964 sed
1038 925 1200 978 Olymp.
1234 925 1399 963 demum
1431 936 1497 977 97,
1521 939 1558 974 4.
1593 928 1649 977 (v.
1673 926 1762 965 Xe-

252 979 377 1030 noph.
403 978 512 1017 Hell.
542 991 580 1028 4,
611 981 646 1027 8,
682 982 766 1029 26.)
830 980 988 1020 Contra
1022 980 1177 1032 optime
1210 980 1311 1019 haec
1345 979 1596 1020 conveniunt
1625 981 1759 1034 Cotyi,

253 1033 458 1073 Thraciae
487 1034 587 1087 regi,
610 1035 663 1074 ab
686 1035 879 1087 Pythone
913 1040 955 1074 et
978 1035 1201 1074 Heraclide
1223 1035 1369 1074 Aeniis
1402 1035 1635 1082 interfecto,
1658 1050 1761 1088 quos

252 1088 435 1129 civitatis
462 1089 556 1141 jure
588 1090 767 1129 donatos
800 1091 853 1130 ab
877 1090 1203 1130 Atheniensibus
1230 1095 1435 1130 memorat
1457 1090 1761 1130 Demosthenes

252 1159 291 1196 p.
326 1145 423 1195 659‚
458 1156 522 1194 27.
585 1145 822 1185 Probabilis
857 1146 986 1199 igitur
1016 1146 1205 1185 Jacobsii
1240 1146 1479 1197 conjectura
1515 1145 1761 1198 scriptorem

253 1199 454 1251 epistolae
477 1199 676 1240 Sitalcem
707 1214 801 1240 eum
823 1202 953 1254 Cotye
974 1201 1232 1240 confudisse:
1266 1201 1330 1239 cui
1363 1215 1444 1239 non
1476 1201 1619 1240 obstat
1651 1200 1761 1253 quod

253 1256 322 1294 τὸν
343 1256 627 1296 ἀποκτείναντα
647 1256 765 1303 dixit,
788 1271 871 1295 non
892 1258 979 1297 τοὺς
1000 1257 1313 1296 ἀποκτείναντας.

314 1312 407 1357 161,
430 1313 468 1349 6.
494 1311 704 1364 αἱρεῖσθαι]
732 1312 844 1364 Lego
866 1312 1047 1361 ἄρασθαι.
1108 1311 1225 1351 Conf.
1248 1325 1286 1363 p.
1316 1311 1404 1361 178,
1430 1322 1494 1363 25.
1560 1310 1731 1350 DOBR.

319 1367 405 1410 161.
430 1379 468 1417 9.
492 1366 604 1405 οὐδὲν
624 1367 835 1418 φροντίζει]
870 1367 1162 1419 Comparanda
1184 1380 1276 1405 cum
1303 1365 1367 1404 his
1389 1380 1494 1419 quae
1516 1365 1744 1405 Demosthe

254 1434 325 1459 nes
357 1420 444 1472 ipsc
480 1420 584 1460 dixit
618 1422 667 1461 de
698 1422 792 1474 jure
825 1421 1006 1461 civitatis
1040 1436 1064 1461 a
1098 1421 1239 1461 multis
1271 1425 1483 1460 contemto
1514 1436 1553 1473 p.
1576 1421 1671 1472 687,
1700 1432 1760 1460 12.

255 1476 284 1514 J
289 1476 489 1515 AGOBS.

319 1533 406 1578 161,
432 1544 491 1570 11.
516 1531 714 1585 Εὐαγόρᾳ]
740 1532 919 1571 Nicoclis
935 1531 1033 1578 filio,
1054 1531 1272 1584 Euagorae
1289 1530 1470 1583 majoris,
1485 1531 1602 1583 cujus
1618 1530 1762 1570 laudes

253 1585 478 1625 celebravit
502 1587 721 1633 IsocrateS,
745 1587 901 1640 nepoti.
965 1587 1018 1625 V.
1044 1586 1215 1625 Diodor.
1244 1588 1305 1633 16,
1329 1589 1396 1633 46.
1457 1585 1692 1625 JAUOBS.

318 1642 407 1687 161,
437 1655 497 1680 11.
533 1644 728 1695 Διονυσίῳ
762 1643 811 1695 τῷ
836 1642 1078 1694 Συρακοσίῳ]
1118 1641 1264 1694 Regno
1286 1641 1456 1693 expulso
1479 1640 1642 1693 Olymp.
1671 1653 1760 1691 109,

258 1707 293 1734 2.
354 1696 588 1736 JACOBS.

316 1752 406 1797 161,
436 1753 497 1790 16,
533 1753 567 1790 εἰ
603 1753 643 1790 δὲ
680 1756 758 1793 τοῖς
792 1754 865 1800 μὲν
900 1770 932 1790 κ.
954 1768 986 1789 τ.
1009 1751 1064 1803 λ.]
1102 1750 1246 1790 Citant
1267 1750 1307 1789 h.
1330 1750 1355 1789 l.
1379 1750 1537 1789 Anecd.
1562 1749 1693 1788 Bekk.
1721 1764 1761 1801 p.

259 1817 349 1857 135,
375 1806 440 1845 28.
473 1807 524 1844 de
561 1806 872 1846 constructione
905 1806 1019 1845 verbi
1052 1808 1227 1857 ἐνοχλῶε
1262 1807 1281 1844 ὁ
1314 1805 1426 1846 αὐτὸς
1461 1804 1757 1856 (Δημοσθένης)

257 1861 317 1898 καὶ
339 1861 433 1910 πρὸς
455 1861 678 1910 αἰτιατικήν·
713 1861 853 1910 *(μηὸέ
883 1877 928 1911 γε
963 1862 1147 1911 ἐγκαλεῖν
1168 1860 1319 1909 ἀξιοῦτε
1349 1863 1480 1908 μηδὲν,
1504 1860 1570 1907 ἐμὲ
1604 1860 1645 1897 δὲ
1679 1860 1761 1897 ἐνο-

255 1915 428 1966 χλεῖτε.”
489 1916 825 1956 SOHAEFER.

317 1972 408 2017 161,
435 1982 498 2009 20.
525 1972 770 2024 Καρδιανοῖς]
794 1971 848 2009 V.
871 1971 986 2023 adp.
1012 1971 1077 2020 87,
1107 1983 1139 2008 1.

316 2026 406 2073 161,
432 2037 497 2065 22.
521 2027 587 2065 οὐκ
611 2027 828 2065 ἐθελόντων
850 2025 899 2077 δ’]
929 2026 958 2064 δ’
981 2025 1148 2072 rectius,
1171 2024 1329 2077 opinor,
1351 2024 1482 2062 abest.
1546 2022 1764 2062 Oardianis

254 2086 396 2127 antem,
415 2080 552 2133 quibus
567 2087 657 2120 ante
673 2094 814 2132 pacem
823 2081 985 2133 foedere
995 2080 1158 2131 junctus
1177 2093 1274 2124 stom,
1288 2079 1355 2117 αῖο
1370 2092 1430 2117 me
1447 2078 1531 2116 ideo
1551 2077 1761 2123 αῖικὶίίανὶ,

255 2135 360 2186 quod
378 2135 549 2187 vosjure
570 2150 656 2174 cum
678 2136 729 2174 iis
749 2136 967 2187 disceptare
982 2135 1182 2174 recusatis.
1245 2132 1576 2173 SOHAEFER.

321 2190 411 2237 161,
432 2190 495 2231 28.
517 2192 705 2241 πρότερον
720 2192 898 2239 μὲν-τὰ
915 2190 946 2229 ὃἼ
959 2189 1293 2241 ὑπογυιόταταῌ]
1320 2187 1385 2226 Sic
1404 2188 1611 2226 Isocrates
1630 2186 1761 2238 Euag.

256 2248 362 2282 extr.
395 2258 434 2296 p.
460 2255 549 2295 277.
574 2245 638 2284 ed.
662 2245 793 2284 Bekk.
817 2244 950 2283 Oxon.
983 2245 1026 2283 τὸ
1056 2246 1133 2293 >μὲν
1167 2242 1441 2282 παλαιὸν-τὸ
1472 2241 1501 2281 δ’
1540 2242 1762 2291 ὑπογυιότα-

258 2314 395 2337 τον-.
459 2299 790 2338 SOHAEFER.

320 2355 412 2401 162,
440 2367 471 2392 1.
507 2354 783 2406 Πεπαρηθίων]
824 2354 887 2392 De
910 2352 1148 2405 Peparetho
1172 2367 1197 2391 a
1221 2351 1413 2403 Philippo
1434 2355 1600 2390 vastata
1623 2365 1658 2389 v.
1682 2349 1762 2388 De-

256 2409 408 2447 mosth.
430 2423 506 2461 pro
523 2423 604 2447 cor.
628 2424 667 2461 p.
689 2408 783 2458 248,
804 2421 844 2460 3.
905 2406 1138 2447 JACOBS.

316 2465 408 2511 162,
431 2465 492 2502 16.
515 2462 1032 2514 λαμβάνειν-ἀπολαβεῖν]
1052 2462 1105 2500 V.
1123 2462 1176 2501 ad
1199 2476 1236 2513 p.
1256 2463 1322 2511 78,
1339 2473 1377 2517 3.
1427 2459 1679 2499 SOHAEF.

320 2520 409 2570 163,
450 2532 482 2557 1.
526 2520 559 2557 εἰ
595 2518 916 2569 ὃὲ--ὀργίζεσθε]
965 2517 1107 2556 Oitant
1146 2516 1305 2554 Anecd.
1344 2514 1473 2554 Bekk.
1512 2529 1551 2567 p.
1593 2515 1684 2559 160,
1722 2515 1759 2551 6.

259 2571 370 2612 SOH
378 2574 459 2612 ΑΕ
467 2574 501 2612 F
507 2573 596 2612 ER.

321 2630 408 2679 163,
435 2640 471 2667 2.
495 2630 547 2669 εἰς
568 2632 679 2666 τοῦτο
700 2629 741 2666 δὲ
763 2628 1066 2676 προβεβήκαμεν
1089 2625 1243 2677 ἔχθρας]
1278 2626 1455 2663 Sensus:
1495 2623 1591 2662 Tam
1614 2621 1762 2661 hostilis

257 2695 390 2721 immam
414 2689 538 2722 status
564 2683 666 2721 inter
686 2695 753 2721 ηας
773 2688 927 2721 exortas
953 2688 1020 2728 est,
1041 2694 1117 2719 ozon
1139 2693 1224 2719 mea
1254 2679 1409 2731 quidem
1431 2677 1561 2728 eulpa,
1583 2677 1651 2716 sed
1678 2676 1762 2737 sol-a

259 2743 396 2776 svestra..
458 2737 584 2775 Hunc
618 2737 726 2775 enim
759 2751 924 2775 sensum
957 2750 1057 2777 esse.
1092 2734 1222 2774 totius
1257 2733 1470 2785 Epistolae
1505 2736 1626 2771 tenor
1659 2734 1760 2770 satls

259 2791 410 2843 arguit.
472 2791 803 2831 SOHAEFER.
1685 2838 1689 2839 ⁷

322 2848 410 2897 163,
430 2849 466 2884 6.
491 2846 731 2897 κληρούχων]
755 2846 871 2885 Oitat
888 2846 927 2884 h.
946 2846 970 2883 l.
988 2845 1241 2895 Harpocrat.
1261 2857 1294 2881 v.
1313 2845 1534 2892 κληροῦχοι.
1567 2837 1758 2877 REISK.
