1914 3184
290 140 369 178 100
742 139 1095 179 PHILIPPICA
1131 139 1343 178 PRIMA.

343 251 410 287 44,
435 252 472 289 9.
496 239 549 279 τίς
559 240 711 288 ’πόση
725 237 912 291 -πόθεν]
946 241 1001 279 τίς
1022 238 1134 285 dicit,
1159 238 1269 290 quod
1295 243 1337 277 et
1358 237 1562 291 duplicem
1584 237 1665 276 vim
1687 236 1795 290 copi-

287 308 418 340 arum,
437 298 711 337 scutatorum.
730 294 929 346 equitum,
949 293 1126 338 navium,
1145 293 1429 347 apparandam
1451 308 1539 332 esse
1558 294 1605 344 (ξ.
1629 306 1688 342 io,
1709 293 1794 341 22.)

287 355 329 389 et
360 349 468 389 cives
500 349 699 388 interesse
730 354 924 402 oportere
949 352 996 401 (ξ.
1019 352 1104 398 26.)
1128 350 1329 389 docturus
1358 353 1433 388 est.
1494 350 1597 397 πόση
1619 347 1794 396 addidit,

286 405 397 458 quod
419 405 470 444 de
496 419 667 444 numero
693 410 735 444 ct
762 405 939 444 militum
969 410 1013 445 et
1044 406 1210 445 navium
1238 409 1434 445 accurate
1462 404 1634 457 exponit
1658 405 1707 456 (Ε.
1736 417 1794 455 19,

286 475 376 514 sqq.
402 462 501 511 26.).
549 462 669 500 πόθεν
689 461 742 500 ad
764 460 982 512 pecuniam
1013 461 1273 501 referendum
1299 465 1364 500 est
1395 460 1458 499 his
1484 459 1610 514 copiis
1633 474 1797 512 compa-

286 516 428 556 randis
454 520 497 556 et
528 516 812 555 sustentandis
843 517 1120 556 necessariam
1144 519 1193 570 (ξ.
1219 529 1283 568 25,
1305 529 1372 570 32.
1396 517 1519 569 sqq.).
1582 516 1644 555 Of.
1666 531 1704 568 p.
1728 528 1795 567 45,

291 583 355 624 17.
418 572 546 611 Patet
568 585 665 611 vero
687 575 879 621 διαμεῖναι
900 573 1106 622 δυνήσεται
1126 573 1181 612 ad
1202 572 1286 612 tria
1308 572 1384 611 coli
1416 571 1583 625 penduli
1611 571 1798 610 membra

287 627 562 667 communiter
596 627 819 681 pertinere.
887 628 1006 678 Quod
1041 629 1145 668 bene
1179 628 1385 668 intellexit
1415 633 1563 668 auctor
1597 626 1797 681 prooemii

288 696 353 722 21.
378 698 418 736 p.
442 696 545 735 1432
569 688 693 723 extr.:
727 685 782 725 τίς
805 688 1041 735 πορισθεῖσα
1068 684 1290 736 παρασκευὴ
1313 685 1396 724 νυνὶ
1423 688 1614 734 διαμεῖναι
1634 682 1795 732 δυνήσε-

286 756 361 779 ται.
395 739 607 778 SAUPP.

343 809 410 844 44,
438 809 500 845 14.
533 795 1111 849 ἐπαγγέλλεται-ὑπόσχεσις]
1148 795 1396 835 Ammonius
1424 811 1463 849 p.
1484 796 1564 848 56:
1597 797 1797 845 ὑπισχνεῖ-

287 868 349 890 ται
371 853 411 889 δὲ
440 853 460 889 ὁ
495 853 544 904 τῷ
577 851 779 900 αἰτήσαντι
813 853 954 891 δώσειν
987 853 1247 903 ὁμολογήσας·
1282 853 1570 903 ἐπαγγέλλεται
1602 852 1643 890 δὲ
1676 852 1695 889 ὁ
1730 849 1799 900 ἀφ’

288 909 426 946 ἑαυτοῦ
445 908 556 958 (δίχα
577 907 872 957 παρακλήσεως,
896 923 935 960 p.
959 911 1069 961 139.)
1094 910 1235 948 δώσειν
1256 908 1506 958 ὁμολογήσας
1527 908 1596 956 (cf.
1616 906 1798 945 Thomas

287 977 326 1015 p.
340 964 436 1015 368.
460 962 669 1013 Ritschl.)‚
695 964 1015 1014 ἐπαγγέλλεσθαι
1037 969 1101 1004 est
1122 966 1226 1003 ultro
1248 963 1504 1017 promittere,
1520 964 1798 1014 ὑπισχνεῖσθαι

289 1018 352 1070 (in
371 1032 409 1058 se
429 1019 631 1072 recipere).
656 1023 697 1058 et
727 1019 830 1058 ultro
857 1024 897 1058 et
927 1027 1105 1072 roflatzmz
1125 1019 1319 1073 polliceri.
1380 1019 1600 1059 Demosth.
1622 1033 1661 1071 p.
1683 1030 1763 1070 397
1787 1032 1794 1055 :

286 1078 370 1115 ταῖς
393 1075 684 1126 ὑποσχέσεσι
707 1076 863 1116 καὶτοῖς
887 1076 1209 1127 ἐπαγγέλμασι
1231 1079 1310 1117 τοῖς
1326 1077 1461 1114 τούτου
1479 1073 1799 1125 καταληφθέντας

287 1131 386 1169 τότε.
450 1129 533 1168 Hic
555 1129 683 1183 igitur
700 1131 1020 1182 ἐπαγγέλλεσθαι
1040 1137 1082 1171 et
1103 1134 1319 1182 ὑπόσχεσις
1341 1131 1391 1169 de
1413 1130 1649 1170 oratoribus
1671 1129 1796 1176 dicta,

288 1185 357 1238 qui
380 1199 423 1224 se
445 1186 628 1225 salutare
649 1186 862 1225 consilium
884 1186 1162 1240 explicaturos
1179 1201 1268 1226 esse
1284 1186 1550 1239 promittunt,
1566 1185 1667 1224 nihil
1689 1185 1799 1225 inter

288 1256 331 1281 se
353 1241 563 1281 diffeiunt.
625 1242 837 1281 SAUPP

344 1298 367 1347 ἡ
387 1314 460 1347 μεν
481 1299 549 1336 oin
570 1299 787 1350 ὑπόσχεσις
808 1300 904 1337 οὕτω
932 1297 1105 1352 μεγάλη]
1143 1299 1430 1352 Hermogenes
1458 1314 1496 1369 p.
1522 1311 1614 1350 215
1636 1297 1689 1337 ad
1712 1297 1751 1336 h.
1773 1296 1797 1335 l.

288 1353 499 1393 alludens:
533 1354 555 1403 ἡ
576 1356 648 1403 μὲν
681 1355 750 1393 οὖν
781 1356 1010 1406 ὑπόσχεσις,
1034 1354 1112 1393 κατ’
1137 1355 1254 1394 αὐτὸν
1277 1354 1400 1405 φάναι
1431 1356 1499 1394 τὸν
1524 1354 1677 1405 ῥητορα,
1701 1355 1798 1393 οὕτω

287 1410 452 1459 μεγαλη.
506 1409 573 1448 ubi
622 1409 823 1463 Hermog.
867 1410 1044 1449 Aldinus
1090 1425 1166 1464 pio
1217 1412 1431 1462 ὑπόσχεσις
1480 1410 1555 1450 dat
1605 1411 1800 1450 ὑπόθεσις.

290 1465 483 1504 REISK.

345 1535 413 1571 44,
447 1534 502 1573 ¹9·
528 1520 675 1574 αὐτοῖς]
701 1521 782 1560 Hic
806 1536 969 1575 quoque
990 1522 1086 1575 ‘ipsis
1108 1522 1322 1575 oppositos
1344 1522 1503 1576 cogitat
1524 1521 1675 1561 milites
1695 1535 1800 1561 mer-

290 1591 489 1616 cenarios.

348 1648 414 1682 44,
454 1645 518 1672 20.
556 1637 632 1674 τοῖς
662 1634 820 1682 ἡμίσεσι
852 1635 928 1672 τῶν
960 1633 1127 1687 ἱππέων]
1165 1633 1220 1673 H.
1250 1650 1283 1673 e.
1317 1634 1548 1687 quin-oensis.
1611 1634 1714 1673 Inde
1746 1634 1799 1673 ab

277 1688 410 1728 “initio
440 1688 548 1727 enim
579 1689 671 1727 belli
697 1688 1039 1742 Peloponnesiaci
1062 1689 1169 1728 mille
1201 1689 1361 1742 equites
1384 1689 1563 1729 Athenis
1583 1689 1710 1729 fuisse
1730 1690 1800 1728 do-

291 1749 467 1784 cuerunt
490 1744 724 1783 Boeckhius
751 1759 891 1784 oecon.
915 1745 1018 1784 Ath.
1046 1745 1076 1784 Ι.
1104 1760 1142 1798 11.
1168 1746 1244 1798 283
1275 1760 1362 1798 sqq.
1425 1746 1467 1783 (ᾎἹ.
1494 1745 1543 1784 F.
1568 1746 1798 1785 Hermann.

279 1814 395 1853 prog
396 1815 505 1853 ymn.
529 1800 569 1838 in
593 1800 811 1853 Aristoph.
836 1801 913 1853 Eq.
939 1814 973 1839 2.
997 1815 1035 1853 p.
1058 1804 1111 1854 36
1135 1816 1223 1854 sqq.
1285 1801 1500 1841 SAUPP.

349 1856 596 1907 ἱππαγωγοὺς
631 1855 812 1909 τριηρεις]
852 1856 1038 1909 ’111110111
1081 1870 1115 1903 2,
1151 1860 1227 1908 56:
1275 1857 1510 1909 (Pericles)
1531 1857 1801 1908 ἦγε-ἱππέας

290 1913 533 1962 τριακοσίους
555 1913 598 1950 ἐν
621 1912 760 1951 ναυσὶν
781 1913 1036 1963 ἱππαγωγοῖς,
1059 1917 1211 1963 πρῶτον
1231 1914 1319 1953 τότε
1342 1915 1383 1952 ἐκ
1404 1917 1479 1952 τῶν
1500 1917 1679 1952 παλαιῶν
1702 1917 1801 1952 νεῶν

290 1969 530 2017 ποιηθείσαις
554 1972 609 2018 (a.
633 1981 729 2020 430.
752 1982 776 2007 a
799 1968 931 2017 Clnn).
994 1968 1201 2008 Triremes
1222 1983 1292 2008 eas
1315 1968 1449 2016 fuisse,
1468 1968 1800 2021 trierarchosque

292 2023 341 2062 iis
376 2023 535 2076 pariter
569 2028 696 2076 atque
732 2023 882 2063 ceteris
918 2024 1156 2063 triremibus
1197 2030 1359 2065 creatos
1395 2039 1483 2064 esse
1518 2024 1629 2064 tituli
1670 2039 1802 2077 nuper

280 2079 442 2131 vreperti
464 2079 637 2118 docent:
681 2080 859 2118 Boeekh.
882 2080 933 2119 de
956 2094 998 2119 rc
1024 2080 1159 2120 navali
1184 2081 1286 2120 Ath.
1307 2096 1345 2133 p.
1371 2091 1435 2131 74.
1457 2093 1538 2133 403
1558 2096 1566 2119 ε
1600 2080 1801 2130 τριήρεις

292 2136 410 2173 τάσδε
442 2136 741 2185 ἱππηγοὺςῄὸ
764 2138 880 2185 δῆμος
913 2137 1418 2188 ἐψηφίσατο-ἀχρήστους
1448 2135 1668 2187 γεγονέναι.
1688 2148 1798 2189 534:

291 2190 519 2241 τριήραρχος
541 2192 757 2241 Σπίνθαρος
775 2193 1040 2240 Μι·ησιθείὸου
1057 2192 1259 2232 Φυλάσιος
1279 2192 1460 2243 τριήρης
1483 2192 1674 2242 ἱππηγὸς
1697 2196 1801 2231 Καλ-

291 2247 427 2290 λιστὼ,
452 2247 691 2287 Λυσικλεόυς
712 2247 840 2298 ἔργον.
903 2247 1115 2286 SAUI’P.

348 2314 416 2350 44,
442 2314 506 2339 21.
539 2306 659 2340 πλοῖα
682 2302 809 2354 ἱκανὰ]
843 2302 885 2341 Si
908 2303 958 2341 <le
979 2304 1102 2341 rebus
1124 2303 1278 2342 bellicis
1301 2317 1435 2343 sermo
1456 2307 1532 2350 est,
1556 2302 1718 2353 τριήρεις
1738 2303 1801 2342 vel

293 2359 380 2405 νῆες
401 2363 443 2394 et
474 2361 594 2395 πλοῖα
616 2362 884 2409 opponuntur
910 2358 982 2405 ita,
1006 2363 1052 2397 ut
1085 2359 1187 2398 haee
1215 2359 1298 2399 sint
1325 2358 1488 2411 navigia
1509 2358 1570 2397 vel
1591 2359 1800 2398 frumento

293 2415 335 2450 et
357 2411 602 2450 commeatui
625 2413 810 2452 vehendo
832 2413 893 2452 vel
914 2413 1075 2453 minora
1096 2414 1398 2454 ministratoria
1422 2413 1682 2465 (ὑπηρετικόι).
1740 2414 1799 2454 Cf.

295 2467 540 2519 Τ111101.(12,
562 2469 610 2520 83
635 2472 740 2507 exti.
762 2471 798 2515 6,
816 2482 884 2518 44.
946 2469 1076 2509 Recte
1097 2469 1224 2523 igitur
1245 2470 1310 2509 hic
1329 2469 1427 2522 Ulp1
1431 2484 1558 2509 mus
1593 2471 1640 2508 τὰ
1661 2470 1801 2520 φέρον-

293 2539 340 2561 τα
361 2525 409 2561 τὰ
432 2523 625 2572 ἐπιτήδεια
647 2525 707 2562 καὶ
728 2525 946 2580 ὑπηρετικά.
1009 2525 1201 2579 Apparet
1222 2526 1350 2580 igitur
1370 2526 1518 2564 honnn
1544 2525 1801 2579 navigimum

292 2591 412 2616 usum
434 2592 515 2616 non
543 2579 596 2617 ad
628 2578 788 2631 equites
814 2585 980 2620 tantum
1009 2581 1228 2633 pertinere,
1252 2582 1323 2621 sed
1347 2581 1430 2621 tlia
1462 2581 1628 2620 omnino
1648 2595 1802 2634 genera

293 2633 458 2673 navium
492 2633 735 2674 instruenda
771 2650 860 2675 esse
894 2636 1022 2675 videri
1056 2637 1340 2685 Demostheni,
1371 2637 1560 2676 trilemes
1592 2637 1801 2689 peditibus

296 2689 716 2734 velie11(lis‚t1ire1nes
742 2692 950 2744 equitibus
981 2693 1213 2745 portandis,
1237 2708 1361 2733 naves
1389 2692 1600 2732 oneiarias
1622 2698 1664 2732 et
1685 2692 1800 2731 mini—

295 2745 529 2784 stratorias.
592 2746 802 2786 SAUPP.

351 2815 417 2849 44,
444 2812 507 2852 25.
532 2799 684 2870 ἐκειιῳ]
710 2802 917 2855 Philippo.

352 2869 418 2905 44,
445 2865 509 2907 27.
531 2856 677 2909 ὥσπερ]
704 2857 770 2896 Ex
791 2858 1148 2909 1θιὺοὸρμησαιτε
1170 2859 1247 2899 coli
1269 2859 1453 2913 primarii
1478 2860 1548 2911 (ὡς
1569 2859 1797 2910 ὁρμησαιτε)

295 2909 335 2948 in
359 2911 601 2949 secundario
617 2913 947 2963 ὥσπερ-Πύλας
963 2915 1131 2953 verbum
1147 2915 1368 2968 cogitando
1389 2915 1625 2956 addendum
1646 2919 1724 2964 est,
1740 2914 1799 2954 ita
