1914 3184
298 136 353 173 52
691 134 1087 175 OLYNTHIAOA
1123 134 1416 175 SECUNDA.

299 254 400 280 esse.
475 240 607 280 Locos
657 241 768 294 ipsos
811 240 1090 294 Hermogenis
1140 241 1298 295 relegat
1343 255 1628 295 quemcunque
1673 241 1805 294 juvat.

300 296 556 336 Scholiastae
580 296 777 349 (Maximi
801 296 1020 348 Planudis)
1044 297 1170 336 velba
1197 297 1248 337 ad
1272 312 1311 350 p.
1337 310 1385 350 23
1391 310 1429 350 5,
1461 311 1520 338 12.
1543 297 1608 337 hic
1629 297 1806 337 referam

298 366 320 391 e
341 367 380 405 p.
403 353 497 422 389,
523 354 560 391 6
595 355 761 392 ἐνταῦθα
793 351 837 391 δι’
872 351 967 391 ὅλου
1001 355 1068 391 τοῦ
1099 354 1243 404 χωρίου
1277 354 1322 407 τῇ
1358 354 1578 407 καλουμένη
1612 353 1807 403 μεστώσει

298 408 546 460 χρησάμενος
581 410 600 447 6
632 408 768 459 ῥητωρ,
797 407 1022 457 ἐπεμβολάς
1053 424 1094 446 τε
1125 409 1349 458 συμπλέξας
1381 410 1634 459 ἐπεμβολαῖς,
1657 409 1809 449 εἰκότως

298 463 433 513 ἐδεηθη
455 467 522 502 τοῦ
545 465 765 514 εὐκρινῆσαι
786 463 854 502 τὸν
875 464 998 513 λόγον
1019 464 1118 516 αὐτῷ
1145 464 1186 515 (f.
1210 467 1271 504 διὰ
1291 466 1377 515 τοῦ)
1401 464 1499 504 τοῦτ’
1524 465 1623 518 αὐτῷ
1646 464 1807 513 δυναμέ-

298 536 366 558 νου
401 518 613 570 σχήματος,
639 522 700 568 τῆς
734 518 1035 570 ἐπαναλήψεως,
1061 520 1121 558 καὶ
1154 521 1290 570 ταύτης
1324 521 1367 559 οὐ
1399 524 1498 570 μιᾶς,
1523 522 1612 559 ἀλλ’
1642 520 1712 570 ἤδη
1748 520 1809 558 καὶ

297 574 476 624 δευτέρας
497 577 558 613 διὰ
579 575 622 613 τὸ
645 577 764 624 μῆκος
785 578 860 613 τῶν
882 576 1129 624 ἐπεμβολῶν.
1163 577 1317 626 εἰρηκὼς
1340 578 1428 627 γὰρ,
1450 579 1570 615 ταῦτα
1595 577 1663 615 οὖν
1684 592 1807 625 παρα-

297 632 439 681 λείψω,
464 631 525 669 καὶ
546 629 664 669 πάλιν
686 630 991 675 κατασκευάσας,
1015 631 1123 671 αὖθις
1145 632 1395 681 ἐπανέλαβεν
1410 632 1528 670 εἰπὼν
1550 635 1686 670 τοῦτον
1706 632 1807 677 (τού-

296 703 373 725 των
399 686 453 725 ab
482 685 644 725 W⁷alzio
666 685 742 725 vol.
765 696 803 739 5.
826 701 866 739 p.
888 697 984 736 479.
1007 686 1236 739 repositum
1262 701 1312 725 ex
1344 687 1498 726 scholio
1521 687 1549 725 J
1554 701 1674 726 oann.
1699 686 1807 727 Sice-

295 741 434 781 liotae.
477 741 526 780 In
557 741 676 780 codd.
701 742 867 781 Monac.
890 746 932 781 et
956 741 1090 781 Paris
1119 746 1183 781 est
1211 744 1306 793 ὑπὲρ
1337 743 1500 793 τούτων)
1524 743 1612 794 οὐχὶ
1644 746 1712 782 νῦν
1733 744 1808 793 ὁρῶ

296 798 366 836 τὸν
389 797 519 847 καιρὸν
540 800 606 836 τοῦ
627 797 774 849 λέγειν,
800 799 860 836 καὶ
882 799 999 839 οὕτως
1029 798 1072 836 τὸ
1096 799 1340 849 ἐπαγόμενον
1361 801 1404 848 τῇ
1432 798 1600 851 προτέρᾳ
1620 798 1808 849 προτάσει

297 854 483 892 ἀπέδωκε.
514 853 707 902 μέστωσις
730 853 772 892 δέ
801 855 883 892 ἐστι
913 855 1028 903 λόγος
1066 855 1261 893 πλειόνων
1291 855 1351 893 καὶ
1378 855 1626 905 μακροτέρων
1648 856 1809 894 ἐννοιῶν

298 910 524 959 ἐπεμβολὰς
544 909 750 961 περιέχων.
804 909 997 948 REISK.

360 965 420 1011 18,
447 977 511 1004 20.
546 964 604 1003 ὅσ’
629 965 677 1004 ἂν
699 966 798 1004 εἴποι
819 963 894 1017 τις]
933 965 1040 1014 Quae
1073 965 1161 1018 quis
1189 965 1316 1005 (licere
1338 966 1493 1019 possit:
1528 965 1638 1018 quod
1666 965 1807 1018 aptius

297 1020 391 1060 huic
414 1021 503 1060 loco
525 1035 648 1073 quam
671 1022 769 1070 ε’ίπῃ,
793 1020 834 1059 in
856 1020 947 1060 aliis
968 1020 1083 1060 libris
1105 1021 1318 1074 scriptum.
1335 1036 1416 1075 quo
1438 1021 1696 1075 significatur
1710 1035 1810 1074 quae

296 1077 386 1128 qais
406 1076 527 1116 dicat.

353 1134 449 1183 ὑπὲρ
479 1132 640 1186 τούτων]
676 1132 912 1172 Pronomen
947 1145 1027 1171 non
1057 1133 1111 1172 ad
1138 1134 1276 1183 ῥώρην,
1301 1148 1381 1187 quo
1411 1134 1604 1179 debebat,
1628 1133 1700 1172 sed
1721 1131 1809 1171 uni-

297 1203 411 1228 verse
437 1188 491 1228 ad
519 1203 586 1227 res
608 1188 757 1241 quibus
787 1193 935 1228 auctus
963 1194 1027 1228 est
1050 1188 1268 1242 Philippus
1303 1191 1369 1237 (τὰ
1394 1188 1649 1240 πεπραγμένα
1670 1191 1809 1228 Φιλίπ-

297 1247 371 1297 πῳ)
396 1244 574 1284 relatum
597 1249 672 1284 est.
735 1244 955 1284 FRANK.

362 1302 421 1347 18,
447 1312 512 1339 21.
535 1301 621 1352 οὐχὶ
644 1304 770 1342 καλῶς
796 1301 1038 1352 πεπρᾶχθαι]
1075 1300 1157 1340 Per
1190 1300 1518 1353 euphemismum
1547 1300 1703 1340 dictum
1733 1315 1809 1354 pro

298 1357 453 1406 ἀτιμίαν
475 1357 537 1395 καὶ
559 1358 716 1405 ἀδοξίαν
737 1358 827 1407 ἡμῖν
849 1360 1097 1407 προξενῆσαι,
1121 1361 1168 1396 ut
1188 1356 1350 1396 monuit
1370 1356 1562 1395 Wolfius.

366 1413 424 1458 18,
451 1424 516 1453 22.
549 1412 664 1452 (litat
697 1413 736 1451 h.
768 1413 793 1451 l.
818 1412 1104 1466 Hermogenes
1134 1428 1174 1466 p.
1203 1413 1292 1465 183.
1330 1414 1456 1461 ἐκείνη
1490 1414 1531 1452 δὲ
1565 1413 1588 1462 ἡ
1621 1414 1725 1462 παρὰ
1756 1414 1807 1465 τῷ

300 1467 547 1517 Δημοσθένει
569 1468 630 1507 καὶ
650 1472 862 1519 χιασθῆναι
883 1470 1054 1508 δύναται·
1087 1470 1107 1507 ὁ
1135 1471 1207 1518 μὲν
1228 1470 1302 1520 γὰρ
1324 1469 1519 1509 Φίλιππος
1541 1469 1621 1522 ὅσῳ
1643 1469 1809 1507 πλείονα

299 1525 551 1575 -αἰσχύνην
572 1524 793 1574 ὠφλήκατε.
856 1524 1049 1563 REISK.

360 1580 421 1625 18,
448 1580 512 1618 26.
543 1580 795 1632 παραλείψω]
834 1580 943 1620 Tota
974 1579 1207 1619 enuntiatio
1243 1580 1346 1619 artis
1382 1584 1446 1619 est
1478 1579 1610 1633 plena,
1643 1579 1810 1633 egregia

300 1635 552 1685 παράλειψις,
576 1640 622 1674 ut
644 1635 832 1675 1==het01es
856 1636 1011 1675 dieunt.
1073 1635 1186 1675 Dum
1204 1635 1314 1674 enim
1336 1635 1498 1675 silentio
1520 1650 1563 1674 se
1583 1650 1670 1675 rem
1692 1650 1741 1688 pl
1743 1649 1811 1675 ae·

297 1690 587 1730 termissurum
608 1691 801 1739 affinnat,
824 1691 1009 1744 loquitur
1030 1692 1080 1730 de
1102 1706 1151 1731 ea
1172 1692 1313 1745 paucis
1335 1691 1500 1744 quidem
1528 1692 1600 1730 sed
1620 1691 1809 1745 gravissi-

297 1746 376 1785 mis
398 1747 543 1792 velbis.
568 1752 614 1786 ut
646 1761 728 1785 non
759 1756 900 1801 posset
934 1762 1016 1787 non
1040 1747 1319 1788 Athenienses
1347 1747 1502 1801 pudere
1530 1762 1628 1787 suae
1658 1746 1809 1801 agendi

297 1801 487 1841 lationis.
548 1802 755 1842 BREMI.

360 1871 422 1909 19,
448 1870 483 1898 2.
517 1858 685 1912 ἐνθένδ’]
720 1858 844 1905 Hinc,
868 1859 909 1898 id
939 1863 1015 1906 est,
1040 1861 1079 1898 ἐκ
1112 1863 1178 1899 τοῦ
1208 1860 1382 1910 βήματος
1414 1860 1475 1899 καὶ
1496 1862 1561 1908 τῆς
1587 1860 1808 1908 ἐκκλησίας.

300 1912 480 1953 Nostrae
501 1914 719 1954 conciones
735 1915 823 1967 ejus
845 1929 942 1968 opes
964 1920 1170 1955 auxerunt
1187 1932 1195 1955 2
1224 1915 1489 1955 mercenariis
1509 1914 1745 1954 oratoribus
1766 1920 1808 1954 et

297 1969 573 2009 oscitantibus
594 1984 641 2010 ac
657 1970 815 2024 ignavis
832 1970 1093 2010 auditoribus
1113 1976 1327 2024 acceptam
1349 1971 1502 2011 referre
1519 1971 1644 2010 debet
1664 1976 1809 2024 poten-

296 2024 399 2064 tiam
419 2030 596 2072 tantam.
620 2041 701 2066 non
725 2041 823 2066 suae
840 2026 983 2066 virtuti
1005 2031 1131 2080 atque
1153 2027 1394 2067 industriae.
1428 2027 1620 2066 WOLF.
1651 2027 1809 2066 ἐνθένδε

298 2081 443 2120 eodem
470 2082 593 2120 modo
619 2097 658 2135 p.
688 2096 748 2134 19,
773 2096 838 2134 25.
901 2082 1080 2122 Fallitur
1102 2083 1295 2123 Reiskius
1323 2083 1364 2122 in
1387 2083 1478 2122 Ind.
1502 2083 1648 2122 Graec.
1710 2083 1808 2122 Sen-

297 2149 366 2175 sus
402 2142 489 2176 est:
523 2140 628 2186 παρὰ
661 2141 738 2177 τῶν
773 2140 868 2189 ὑπὲρ
904 2139 1021 2178 αὐτοῦ
1054 2140 1409 2189 πεπολιτευμένων,
1434 2144 1482 2179 ut
1513 2153 1609 2178 mox
1643 2138 1806 2179 dicitur.

299 2191 629 2232 SCHAEFER.

358 2260 420 2299 19,
443 2261 567 2301 3-9.
590 2249 951 2302 (ὒν-πειράσομαι]
972 2250 1302 2303 P100e1n.30.p.
1327 2264 1443 2304 1439.
1465 2254 1532 2290 τοῦ
1552 2252 1625 2301 μὲν
1647 2267 1808 2302 κατηγο-

296 2307 380 2351 ρεῖν
401 2303 540 2342 οὐδένα
561 2304 695 2353 καιρὸν
716 2306 802 2354 ὁρῶ,
827 2305 1061 2355 πειράσομαι
1083 2305 1112 2344 δ’
1141 2307 1165 2345 δι
1193 2307 1377 2356 κράτιστα
1406 2307 1541 2356 νομίζω
1565 2309 1808 2356 συμβουλευ-

298 2374 379 2396 σαι.

359 2426 424 2475 19ἶ
445 2427 483 2461 4.
515 2415 660 2453 τούτων
693 2415 779 2466 οὐχὶ
815 2418 884 2454 νῦν
919 2417 994 2478 ὁρω
1029 2416 1097 2455 τὸν
1133 2416 1266 2467 καιρὸν
1295 2420 1361 2455 τοῦ
1395 2415 1545 2469 λέγειν]
1587 2416 1808 2456 Notandus

295 2468 467 2521 genitivi
496 2469 671 2521 duplicis
693 2484 801 2517 usus,
831 2470 947 2523 quasi
972 2471 1121 2511 Latine
1154 2471 1279 2520 dicas,
1306 2472 1442 2512 horum
1467 2486 1572 2511 mmo
1596 2487 1672 2512 mm
1699 2473 1808 2512 video

299 2530 446 2576 tempus
467 2524 651 2563 dwencli:
685 2525 753 2578 qui
775 2526 960 2565 nonnihil
989 2527 1128 2567 diffcit
1155 2528 1208 2567 ab
1230 2528 1427 2580 exemplis
1449 2528 1586 2581 qualia
1607 2533 1704 2567 sunt
1726 2529 1807 2568 De-

297 2579 526 2619 mosthenis
547 2595 585 2632 p.
601 2583 666 2628 62,
693 2594 757 2634 23.
782 2598 848 2630 την
868 2581 986 2630 δόξαν
1007 2586 1073 2621 τοῦ
1093 2583 1266 2632 πολέμου
1288 2587 1355 2622 τοῦ
1376 2587 1504 2623 δοκεῖν
1518 2583 1563 2623 δι’
1587 2585 1705 2623 αὐτὸν
1727 2585 1803 2635 κρί-

298 2651 362 2673 σιν
385 2635 603 2685 εἰληφέναι
626 2640 701 2675 aut
723 2636 911 2676 Alexidis
935 2652 1001 2691 ap.
1025 2639 1182 2678 At.hen
1212 2652 1271 2678 10.
1293 2654 1332 2692 p.
1355 2652 1429 2691 431
1460 2639 1510 2678 Ε.
1532 2643 1606 2678 τῶν
1629 2639 1658 2678 δ’
1686 2640 1805 2678 ὠνου-

296 2690 425 2738 μέιων
446 2692 725 2741 προνοούμενοι
746 2696 813 2731 τοῦ
846 2695 913 2733 τὰς
941 2696 1117 2744 κεφαλας
1138 2696 1256 2744 ὑγιεῖς
1279 2696 1385 2746 ἔχειν
1417 2711 1458 2733 εκ
1489 2694 1712 2745 κραιπάλης,
1736 2695 1806 2734 ubi

297 2745 503 2797 genitivus
525 2746 631 2785 alte1
652 2747 800 2799 prioris
822 2748 1052 2800 explicandi
1075 2763 1221 2789 caussa
1251 2749 1389 2789 illatus
1415 2750 1550 2788 minus
1577 2755 1692 2789 aicte
1713 2764 1806 2789 cum

300 2800 377 2839 hoc
399 2805 463 2840 est
485 2802 728 2853 conjunctus
751 2818 874 2855 quam
895 2809 1039 2843 nostio
1060 2805 1149 2843 loco
1171 2804 1238 2843 ubi
1262 2806 1387 2844 veiba
1407 2806 1476 2844 τὸν
1499 2805 1629 2853 καιρὸν
1649 2809 1716 2844 τοῦ
1736 2805 1804 2844 λέ-

298 2871 383 2904 γειν
403 2856 522 2895 unius
544 2856 678 2897 instar
698 2863 796 2898 sunt
817 2858 1011 2898 notionis.
1064 2860 1182 2910 Quod
1199 2862 1343 2899 τούτων
1364 2860 1406 2898 in
1424 2860 1465 2900 S.
1486 2875 1511 2899 a
1527 2860 1660 2912 p1ima
1680 2874 1804 2900 manu

300 2914 363 2949 est
385 2911 593 2960 omissum,
610 2912 767 2953 lib1a1ii
789 2927 928 2954 elmlole
950 2915 1107 2955 factum
1125 2914 1311 2955 videtui:
1345 2915 1502 2955 habent
1520 2915 1806 2969 Hermogenes
