1935 3205
651 141 1058 182 PRAEFATIO.
1532 142 1616 181 lxxi

103 251 190 287 illuc
215 250 438 287 referantur.
501 250 685 284 Universc
708 249 839 284 videor
869 249 959 283 mihi
989 248 1224 284 observasse.
1247 259 1378 282 verum
1403 259 1495 287 esse,
1519 247 1618 294 quod

102 314 297 350 affirmavit
320 314 520 362 'l'aylorus‚
544 326 640 360 quac
664 313 786 348 bonae
809 313 879 347 sint
905 312 940 346 in
965 311 1133 347 editione
1158 311 1262 346 Pauli
1287 311 1453 345 Manutii
1488 310 1620 346 lectio-

102 392 182 419 nes,
206 392 268 414 eas
289 390 422 413 omncs
444 390 463 413 e
488 377 704 412 Felicianca
726 384 859 412 mutuo
881 383 1024 410 sumtas
1047 387 1140 410 csse.
1202 375 1268 409 Est
1298 382 1498 422 praetcrea
1525 375 1619 410 haer·

104 443 318 478 Felicianea
353 450 390 477 ct
430 441 569 477 chartis
609 442 741 475 incusa
780 439 1114 487 splendidioribus,
1149 447 1187 473 et
1222 438 1320 485 typis
1354 438 1621 486 grandioribus
1635 454 1679 475 x<-

102 514 216 553 utquc
248 505 511 543 nitidioril›us;
544 504 578 539 id
603 504 703 551 quod
726 504 784 538 vel
816 504 903 538 inde
934 511 1096 545 constet,
1120 502 1218 549 quod
1248 502 1488 537 Feliciancae
1514 502 1620 536 volu-

102 582 190 605 men
222 569 383 616 primum
416 576 522 603 tenet
545 567 634 603 folia
657 568 740 607 181,
764 567 973 602 secundum
999 568 1088 613 364,
1111 566 1264 602 tertium
1286 566 1377 612 369.
1440 565 1621 600 Paulinae

102 641 228 668 autem
251 633 430 668 volumen
462 632 625 679 primum
659 639 765 666 tenet
796 630 1036 666 solummodo
1066 629 1156 665 folia
1179 641 1265 671 122,
1292 629 1502 665 secundum
1534 630 1621 674 248,

103 698 258 733 tertium
280 708 366 743 243.
411 696 561 739 Quibus
578 708 597 731 e
618 695 723 730 libris
743 695 955 730 Felicianus
974 694 1274 730 Demosthenem
1294 693 1473 729 Aldinum
1491 705 1623 728 ernen-

103 761 262 802 daverit,
286 768 322 796 et
344 773 420 807 quo
441 759 606 800 delectu,
629 759 717 806 quid
741 771 894 805 quoque
916 759 999 793 loco
1022 766 1087 794 aut
1113 759 1151 793 in
1178 758 1283 793 libris
1310 771 1332 793 a
1354 770 1393 793 se
1415 764 1622 804 repertum,

103 833 169 860 aut
198 837 220 859 a
249 837 286 860 se
317 837 386 859 suo
417 824 543 859 Marte
573 823 829 871 excogitatum
858 830 895 858 et
927 822 1182 858 Demostheni
1210 822 1392 857 donatum
1426 827 1537 862 esset,
1566 820 1623 854 in-

103 896 227 924 certos
261 888 307 923 de
342 900 387 923 eo
421 901 488 922 nos
524 900 604 923 esse
634 887 782 927 voluit;
818 899 915 934 quae
947 898 1085 934 magna
1120 898 1246 933 neque
1279 885 1435 920 ferenda
1470 893 1526 920 est
1557 896 1622 919 seu

103 952 274 988 secordia
303 964 369 987 seu
396 950 531 986 levitas
558 959 595 987 et
622 951 818 999 neglectus
848 962 1112 998 personaeque
1142 958 1178 985 et
1207 949 1403 998 religionis
1425 960 1526 989 suae,
1550 960 1625 995 qua

103 1015 224 1051 editor
253 1016 412 1063 quisque
443 1015 583 1051 vetusti
618 1018 883 1064 cujuscunque
921 1014 1086 1049 auctoris
1121 1022 1159 1050 et
1194 1013 1265 1061 ipsi
1299 1012 1445 1049 auctori
1485 1025 1553 1047 suo
1588 1019 1625 1047 et

104 1079 314 1114 emtoribus
343 1087 458 1127 atque
488 1079 694 1115 lectoribus
720 1079 898 1114 editionis
929 1091 1018 1114 suae
1039 1078 1245 1113 obstrictus
1267 1085 1337 1117 est,
1361 1089 1425 1112 seu
1449 1084 1624 1112 contem-

104 1151 164 1178 tus
195 1143 426 1190 posteritatis
457 1152 495 1179 et
519 1143 652 1192 judicii
683 1141 838 1190 publici,
861 1142 1181 1178 existimationem
1214 1141 1330 1188 ipsius
1358 1141 1514 1176 editoris
1543 1140 1622 1175 lae-

103 1207 209 1249 dens,
232 1216 270 1243 et
287 1208 511 1247 emtoribus,
535 1215 726 1254 quotquot
746 1207 807 1242 ille
829 1207 899 1241 sibi
920 1214 1047 1254 sperat
1078 1206 1238 1246 futuros,
1262 1206 1458 1246 molestus,
1483 1217 1625 1251 eosque

104 1270 283 1307 fraudans
310 1271 435 1307 fructu
464 1271 618 1312 laboris,
643 1284 755 1318 quem
788 1271 825 1306 in
858 1271 1079 1306 adornanda
1109 1270 1277 1305 editione
1308 1282 1374 1304 sua
1404 1269 1624 1304 exantlavit.

105 1334 253 1382 Perlegi
283 1334 486 1381 aliquoties
517 1342 554 1369 et
585 1333 867 1369 dedicationem
898 1340 935 1368 et
964 1331 1243 1380 praefationem
1274 1331 1469 1371 Felici-ani,
1493 1330 1555 1366 sed
1586 1331 1624 1365 in

105 1406 241 1434 neutra
260 1399 321 1434 vel
342 1398 500 1434 verbum
530 1398 600 1434 hac
630 1398 675 1433 de
703 1410 755 1437 re,
778 1409 875 1445 quae
901 1404 958 1432 est
988 1396 1134 1431 homini
1165 1395 1300 1430 critico
1330 1395 1450 1430 multo
1482 1394 1625 1443 gravis-

105 1463 213 1505 sima,
236 1471 273 1498 et
292 1463 331 1497 in
354 1475 427 1509 qua
448 1474 635 1498 summam
665 1462 719 1497 rei
749 1461 812 1497 ille
839 1461 1016 1501 collocat,
1038 1459 1162 1507 reperi
1184 1466 1334 1507 praeter
1354 1459 1473 1493 istaec
1504 1471 1627 1505 pauca

105 1534 143 1562 et
164 1539 267 1576 vaga,
291 1538 387 1573 quae
409 1526 693 1562 dedicationem
716 1525 986 1561 exordiuntur:
1022 1529 1044 1541 “
1062 1523 1159 1559 Cum
1191 1523 1450 1570 superioribus
1479 1522 1625 1565 diebus,

104 1590 234 1626 Abbas
262 1589 482 1631 clarissime,
516 1588 1049 1625 Demosthenis—orationes
1079 1587 1250 1622 collectis
1271 1586 1497 1634 quibusdam
1528 1586 1625 1620 anti-

106 1654 189 1701 quis
209 1653 404 1689 codicibus
431 1653 762 1702 recognoscendas
788 1651 1055 1700 suscepissem,
1078 1663 1154 1698 quo
1175 1650 1222 1686 ad
1243 1650 1501 1686 studiosorum
1523 1650 1626 1685 utili-

105 1725 225 1752 tatem
256 1717 515 1766 castigatiores
545 1716 826 1764 aliquantulum
858 1715 1152 1756 excuderentur,
1184 1714 1342 1750 memini
1374 1726 1420 1750 ex
1452 1722 1489 1749 te
1519 1713 1625 1749 audi-

106 1781 299 1817 visse—.''
357 1780 451 1815 Inde
472 1792 579 1815 orsus
601 1787 784 1829 evagatur
813 1780 851 1814 in
882 1779 986 1815 locos
1011 1791 1250 1819 communes,
1272 1777 1415 1814 dudum
1446 1777 1626 1825 protritos

107 1852 145 1880 et
165 1844 211 1880 ad
233 1843 426 1880 fastidium
447 1843 684 1880 declamatos
711 1844 757 1880 de
788 1844 964 1880 laudibus
993 1843 1237 1890 eloquentiae
1266 1842 1461 1890 ipsiusque
1481 1842 1626 1876 Demo-

106 1909 272 1944 sthenis:
306 1909 443 1956 quibus
471 1908 646 1958 adjungit
666 1908 852 1955 quaedam
884 1908 930 1944 de
961 1920 1029 1943 sua
1058 1920 1145 1944 cum
1167 1906 1371 1942 Francisco
1392 1905 1627 1947 Lauretano,

108 1971 262 2008 Abbate
283 1973 404 2008 Divae
430 1972 578 2008 Mariae
600 1972 869 2022 Vangaditiae‚
901 1972 962 2008 cui
992 1971 1194 2007 Francisco
1221 1970 1502 2005 Demosthenes
1527 1968 1626 2004 Feli-

108 2036 263 2071 cianeus
292 2036 497 2085 inscriptus
524 2043 593 2076 est,
617 2043 654 2071 et
675 2048 761 2071 eum
792 2036 900 2071 istius
921 2035 1114 2071 Francisci
1138 2033 1267 2075 fratre,
1288 2033 1471 2073 Antonio,
1493 2044 1627 2068 neces-

108 2099 285 2135 situdine.
342 2100 453 2144 Quae
474 2099 603 2135 omnia
623 2099 668 2134 ad
691 2111 760 2134 nos
780 2099 833 2134 nil
857 2099 1067 2146 pertinent.
1127 2097 1236 2141 Quae
1258 2104 1386 2133 autern
1406 2096 1538 2144 ipsius,
1561 2096 1627 2143 qui

108 2162 233 2199 editor
252 2171 362 2204 esset,
383 2175 585 2211 personam
608 2163 768 2198 decebat
799 2175 868 2198 nos
889 2163 1040 2205 docere,
1063 2170 1101 2197 et
1122 2174 1219 2209 quae
1251 2169 1380 2197 nostra
1400 2173 1514 2208 quam
1542 2159 1625 2208 plu·
1640 2172 1703 2195 xci

108 2227 246 2262 rimum
268 2227 452 2263 intererat
472 2239 541 2262 nos
562 2227 609 2262 ab
629 2227 725 2274 ipso,
750 2227 812 2274 qui
835 2239 933 2262 unus
952 2226 1124 2262 omnium
1146 2225 1291 2273 optime
1317 2233 1446 2260 nosset
1467 2233 1504 2260 et
1525 2224 1627 2260 solus

109 2303 220 2326 nosse
241 2298 401 2338 poterat,
420 2291 561 2334 doceri,
580 2303 624 2326 ea
640 2303 730 2326 vero
752 2303 821 2326 nos
842 2292 1004 2327 celavit:
1038 2290 1075 2325 in
1097 2302 1172 2337 quo
1194 2297 1232 2326 et
1251 2290 1331 2337 ipse
1353 2289 1430 2325 suis
1451 2296 1488 2324 et
1507 2289 1628 2324 lecto-

109 2367 193 2389 rum
222 2354 364 2402 pariter
390 2354 601 2390 commodis
632 2354 769 2390 offecit.
828 2355 901 2390 Sed
932 2355 985 2390 sic
1014 2354 1190 2390 ferebant
1219 2354 1291 2389 ista
1321 2361 1506 2401 tempora,
1531 2363 1627 2399 quae

111 2431 196 2455 eum
217 2418 351 2454 tulere.

805 2474 835 2516 ξ.
870 2483 931 2518 30.

586 2541 646 2574 De
666 2541 784 2575 codiee
804 2540 1015 2587 Anqustano
1041 2546 1152 2576 sexto.

165 2607 357 2643 Miserunt
383 2607 431 2643 ad
455 2619 517 2643 me
544 2619 666 2655 nuper
685 2609 932 2656 Augustanae
961 2607 1195 2655 reipublicae
1225 2617 1416 2654 proceres,
1439 2604 1505 2652 qui
1534 2603 1628 2651 pub-

111 2672 205 2708 licae
238 2683 329 2707 suae
363 2670 620 2707 bibliothecae
654 2679 850 2718 praesunt,
886 2671 1037 2707 codices
1069 2671 1238 2706 Graecos
1272 2669 1421 2705 calamo
1457 2674 1630 2702 exaratos

111 2747 273 2771 numero
303 2747 377 2777 sex,
408 2734 445 2770 in
467 2735 604 2782 quibus
634 2743 691 2771 est
710 2736 892 2771 volumen
923 2735 1100 2782 spissum,
1126 2734 1271 2770 formae
1293 2732 1513 2780 quadratae,
1545 2742 1629 2778 par-

112 2798 269 2834 ticulam
299 2798 471 2847 exiguam
501 2798 774 2835 Demosthenis
805 2806 952 2839 tenens,
975 2806 1050 2834 tres
1072 2798 1325 2846 Olynthiacas
1354 2803 1459 2844 puta,
1489 2794 1629 2841 Philip-

112 2862 236 2909 picam
258 2862 432 2910 primam,
450 2862 648 2909 epistolam
666 2863 842 2910 Philippi,
861 2870 899 2898 et
919 2862 965 2898 de
986 2874 1091 2909 paee.
1148 2861 1333 2897 Nondum
1349 2859 1499 2896 vacavit
1519 2858 1630 2907 hujus

114 2925 254 2962 codicis
288 2926 471 2962 lectiones
503 2927 729 2962 examinare.
795 2925 871 2962 Sed
903 2926 1088 2961 exhibebo
1121 2925 1187 2961 has
1219 2936 1372 2972 quoque
1403 2924 1440 2959 in
1472 2922 1631 2958 materia
