1914 3184
278 131 332 167 48
712 130 1111 171 OLYNTHIACA
1146 130 1357 170 PRIMA.

276 235 464 285 γενέσθαι
479 234 565 281 dat,
582 249 603 274 e
616 235 816 274 memoria
829 234 1022 279 recitans.
1034 235 1106 283 ἔξω
1121 237 1186 284 τῆς
1199 236 1350 276 πόλεως
1366 236 1790 285 στρατοπεδεύσασθαι.

277 290 471 330 REISK.
534 291 649 331 Oitat
671 290 798 330 etiam
820 291 948 330 schol.
973 290 1175 344 Hermog.
1197 290 1274 330 vol.
1299 303 1335 340 7.
1358 305 1396 344 p.
1418 304 1457 340 4.

344 349 400 393 16,
427 359 489 396 27.
514 347 720 397 τριάκοντα
745 346 908 400 ἡμέρας]
948 346 1166 386 Libentius
1201 346 1335 386 Attici
1359 346 1556 386 dicebant
1587 346 1792 397 τριάκοντα

275 403 419 453 ἡμέρας
440 417 565 455 (111(1111
586 406 700 452 μῆνα,
719 407 767 442 ut
784 402 890 442 Galli
914 417 995 442 11011
1014 402 1157 442 dicunt
1180 417 1252 442 ¹eme
1271 403 1450 450 semaiae,
1468 403 1569 442 cleram
1588 403 1790 450 sometimes,

277 459 350 497 sed
371 458 532 498 malunt
552 459 641 498 Ιιιιὶϊ
655 458 788 511 jours.
812 459 951 512 (ptime
966 459 1094 510 jours.
1158 458 1225 499 Sic
1252 461 1424 500 σπονδὰς
1445 458 1792 510 τριακονθημέρους

277 514 414 554 dicere
446 514 659 554 malebant
692 529 816 567 quam
848 517 1058 564 μηνιαίους.
1095 515 1308 555 ELMSL.
1343 515 1397 554 ad
1432 514 1649 568 Aristoph.
1682 514 1790 554 Ach.

278 570 372 623 858.
434 570 549 610 Conf.
574 571 889 610 Drakenborch.
912 571 965 610 ad
990 569 1077 610 Liv.
1104 572 1170 619 28,
1188 584 1254 620 41.
1318 571 1505 610 VOEM.

339 628 400 671 16,
427 627 491 667 28.
516 627 605 679 ἔξω]
634 626 726 666 Seii.
749 630 814 676 τῆς
835 628 1000 669 πόλεως.
1063 626 1255 667 WOLF.

340 685 400 729 16,
427 694 490 734 29.
523 682 793 736 στρατοπέδῳ]
828 682 1011 722 Videtur
1047 697 1139 722 911111
1168 683 1391 735 χρωμένους
1421 697 1509 722 esse
1541 683 1792 737 conjungen-

275 738 386 785 (111111,
409 742 453 778 et
484 739 733 791 στρατοπέδῳ
764 741 933 791 χρῆσθαι
963 739 1073 778 idem
1104 754 1204 787 esse,
1227 745 1355 792 atque
1387 741 1725 789 στρατοπεδεύειν,
1751 741 1794 778 ἐν

277 794 526 848 στρατοπέδῳ
553 794 663 839 εἶναι,
690 800 738 834 ut
769 795 979 835 sententia
1011 795 1091 838 sit:
1127 796 1188 835 καὶ
1217 795 1439 845 λαμβάνειν
1466 797 1791 845 στρατοπεδεύον-

276 867 344 892 τας
365 854 440 890 τῶν
462 852 503 890 ἐκ
534 854 598 901 τῆς
628 852 757 903 χώρας
778 852 1024 903 γιγνομένων
1055 855 1238 898 τοσαῦτα,
1262 851 1339 891 ὅσα
1361 851 1509 903 ἀνάγκη
1534 853 1616 891 ἐστὶ
1638 852 1793 901 λαμβά-

277 923 359 946 νειν
381 910 770 957 στρατοπεδεύουσιν.
835 908 1029 947 REISK.

343 975 401 1013 17,
431 976 462 1001 1.
486 963 606 1017 λέγω]
642 963 850 1003 Notabilis
883 964 948 1003 hic
981 978 1078 1003 usus
1099 964 1212 1003 verbi
1244 964 1362 1015 λέγω,
1388 963 1538 1017 (111111119
1564 964 1690 1017 positi
1717 978 1792 1017 pro

276 1018 453 1058 formula
496 1021 557 1058 καὶ
589 1023 720 1059 ταῦτα.
768 1021 829 1060 καὶ
870 1024 990 1059 ταῦτα
1029 1021 1196 1070 μηδενὸς
1232 1022 1344 1062 ὄντος
1381 1022 1423 1060 ἐν
1459 1022 1551 1070 αὐτῇ
1588 1022 1791 1070 πολεμίου.

279 1074 389 1114 SCH
397 1074 613 1114 AEFER.

341 1143 401 1180 17,
442 1144 480 1182 3.
518 1132 595 1170 ὅσα
637 1132 1034 1185 εἰς-δεδαπάνηαζὲε]
1079 1132 1275 1172 citantur
1315 1132 1355 1170 in
1397 1132 1631 1185 fragmento
1672 1131 1792 1172 lexici

277 1186 338 1225 (ri
340 1186 427 1226 aeci
448 1187 501 1226 ab
526 1187 771 1227 Hermanno
793 1188 907 1228 edito
929 1203 967 1241 p.
990 1190 1087 1240 346.
1110 1188 1216 1227 med.
1280 1187 1615 1228 SUHAEFER.

337 1242 404 1282 τὸν
451 1244 524 1293 πρὸ
567 1246 633 1282 τοῦ
673 1245 863 1298 πόλεμον]
920 1244 1323 1298 Amphipolitanum.
1366 1244 1405 1283 in
1455 1244 1576 1297 quod,
1621 1248 1793 1285 auctore

283 1298 476 1351 Ulpiano
507 1312 610 1339 1200
632 1299 794 1340 talenta
824 1305 921 1340 sunt
947 1296 1144 1355 impensa.
1180 1300 1371 1339 WOLF.
1406 1300 1454 1339 P.
1475 1304 1543 1354 36,
1567 1316 1605 1352 9.
1628 1302 1749 1340 πλείω
1770 1299 1792 1350 ἢ

277 1356 389 1407 χίλια
412 1372 472 1394 και
494 1357 732 1395 πεντακόσια
754 1356 930 1396 τάλαντα
951 1374 998 1396 αι
1002 1359 1207 1407 ηλωκαμει
1230 1358 1281 1397 εἰς
1302 1357 1415 1396 οὐδὲν
1436 1358 1477 1396 δέ
1461 1373 1537 1395 ζὀι.

337 1411 621 1464 δεδαπάιησθε]
656 1412 914 1462 οεὸαπάνηται
943 1414 1054 1467 Aug.
1089 1427 1167 1452 sec.
1202 1412 1312 1466 apud
1343 1412 1567 1458 Reiskiuni.
1596 1412 1707 1465 quod
1739 1412 1792 1452 ab

276 1466 446 1506 libralio
480 1467 661 1520 positum
694 1468 1038 1522 significationem
1074 1469 1253 1509 activam
1282 1468 1499 1522 praeteriti
1527 1468 1791 1518 δεδαπάιημαι

279 1522 898 1591 1ἓ1101311ῒ9.18091(11.11383
939 1525 991 1564 A.
1025 1527 1156 1564 πολλὰ
1186 1541 1260 1564 τωι
1288 1527 1452 1575 ἐμαυτοῦ
1479 1527 1792 1574 δεδαπανημένος

280 1581 333 1619 εἰς
354 1595 424 1628 την
444 1582 572 1618 πόλιν.

342 1646 403 1686 17,
418 1648 456 1686 5.
475 1636 496 1684 ἡ
512 1635 638 1688 ὕβρις]
664 1636 827 1676 Scilicet
844 1638 865 1687 ἡ
883 1641 956 1677 τῶν
978 1638 1188 1686 πολεμίων,
1204 1636 1457 1690 protervitas
1475 1641 1538 1676 est
1559 1635 1792 1689 petulantia

279 1690 484 1730 militaris.
550 1691 739 1731 WoLF.

346 1758 402 1797 17.
427 1748 464 1785 6.
488 1748 724 1798 πραγμάτων
747 1749 932 1802 αἰσχύνη]
971 1749 1019 1788 ld
1052 1754 1115 1789 est
1144 1749 1201 1788 rei
1231 1749 1337 1788 male
1363 1753 1508 1802 gestae
1529 1752 1656 1801 atque
1678 1748 1792 1802 igna-

278 1802 369 1842 viae
391 1807 433 1842 et
454 1803 667 1843 socordiae
689 1805 878 1844 dedecus.
943 1805 1135 1844 WOLF.

336 1859 481 1912 ζημίας]
506 1859 757 1900 Detrimenti
780 1860 837 1899 rei
859 1860 1086 1900 fiilniliaris
1149 1860 1398 1900 SCHAEF.

343 1926 402 1966 17,
430 1928 464 1965 7.
487 1919 566 1957 τοῖς
587 1933 632 1966 γε
655 1916 874 1969 σώφροσιν]
910 1916 1054 1969 Eurip.
1079 1917 1350 1970 Ρ110911.557.
1383 1917 1466 1956 ἐπεὶ
1488 1917 1534 1955 τά
1557 1916 1590 1968 γ’
1615 1915 1790 1967 ἀρκοῦνθ’

279 1973 392 2010 ἱκανὰ
415 1974 492 2012 τοῖς
516 1988 559 2022 γε
581 1973 798 2023 σώφροσιν.
860 1973 1067 2011 BREMI.

343 2040 403 2076 17,
428 2040 465 2077 9.
492 2031 618 2069 καλῶς
648 2032 849 2069 ποιοῦντες
881 2029 1095 2081 κέκτηνται]
1129 2029 1244 2079 Quae
1276 2028 1500 2081 possident.
1535 2041 1709 2080 quorum
1741 2027 1791 2067 de

279 2082 538 2135 possessione
559 2083 658 2136 ipsis
679 2084 947 2137 congratulor
974 2085 1188 2137 laetorque
1217 2089 1261 2124 et
1282 2084 1481 2131 collaudo,
1506 2088 1553 2124 ut
1574 2088 1687 2123 recte
1708 2083 1791 2123 fac-

278 2144 370 2177 tum
390 2143 433 2177 et
455 2138 604 2177 decens
625 2140 734 2192 quod
757 2155 805 2179 ea
825 2140 1078 2193 possideant.
1131 2140 1324 2180 REISK.
1349 2140 1397 2179 P.
1419 2153 1515 2193 304,
1542 2142 1605 2178 26.
1628 2153 1792 2192 compa-

279 2193 388 2233 ravit
425 2194 683 2242 Seliaeferns,
716 2199 781 2245 τῆς
813 2197 1274 2247 φιλανθρωπίας-ὑμεῖς
1309 2200 1436 2238 καλῶς
1471 2199 1671 2236 ποιοῦντες
1705 2196 1793 2237 τοὺς

280 2250 447 2299 καρποὺς
470 2251 684 2299 κεκόμισθε.

346 2315 403 2356 17,
436 2318 492 2344 10.
525 2307 833 2359 μικρὰ-ἀδεῶς]
869 2307 984 2347 Citat
1016 2308 1314 2360 grammaticus
1347 2307 1388 2346 in
1411 2307 1572 2346 Aneed.
1597 2307 1730 2347 Bekk.
1751 2322 1789 2360 p.

290 2374 377 2410 149,
407 2373 470 2410 24.
492 2375 568 2413 pro
590 2365 808 2412 καρπῶνται
837 2363 940 2401 dans
969 2367 1200 2412 καρποῦνται
1221 2380 1227 2402 :
1262 2363 1396 2410 credo,
1420 2363 1471 2402 de
1501 2362 1717 2410 industria,
1741 2377 1792 2402 ne

281 2431 424 2455 sensus
446 2430 668 2469 suspensus
690 2417 758 2456 sit.
819 2417 1150 2458 SCHAEFER.

346 2484 404 2521 17,
432 2485 494 2510 11.
517 2473 604 2513 τοὺς
632 2471 660 2511 δ’
686 2475 728 2512 ἐν
748 2474 895 2526 ἡλικία]
933 2474 1257 2526 Harpocration,
1281 2475 1412 2524 ἡλικία
1436 2476 1520 2525 (τῆς
1545 2475 1696 2515 πόλεως
1717 2474 1788 2514 ad-

281 2528 386 2567 dunt
410 2528 597 2573 Photius.
623 2528 772 2568 Suidas
794 2533 836 2568 et
856 2529 1154 2582 grammaticus
1177 2529 1361 2570 Orameri
1387 2530 1542 2568 Anecd.
1562 2530 1695 2569 Oxou.
1714 2530 1789 2569 vol.

284 2596 319 2622 2.
344 2597 494 2636 114193.
517 2585 605 2636 32.)
625 2600 633 2623 :
667 2585 751 2623 ἀντὶ
773 2588 840 2624 τοῦ
861 2587 916 2632 (οἱ
937 2585 1056 2625 addit
1077 2585 1238 2632 Sustlas.
1257 2600 1339 2625 non
1362 2585 1574 2633 photius.)
1599 2587 1642 2625 ἐν
1663 2586 1791 2638 ἡλικίᾳ

280 2641 316 2678 οἱ
337 2641 430 2678 νεόι·
465 2643 686 2690 Λυκοῦργος
718 2639 795 2679 κατ’
819 2640 1156 2691 Ἀριστογείτονος
1178 2643 1238 2680 καὶ
1261 2642 1428 2691 (Λυσίας
1456 2641 1516 2680 καὶ
1539 2641 1716 2680 Photius
1748 2646 1790 2680 et

283 2694 452 2745 Suidas)
489 2695 744 2744 Δημοσθέιης
777 2700 1038 2738 Φιλιππικοῖς.
1103 2697 1142 2735 V
1147 2698 1246 2737 eissbi.
1283 2699 1325 2736 ἐν
1364 2697 1493 2749 ηλικία
1527 2697 1616 2736 loco
1656 2697 1790 2736 alieno

281 2750 786 2790 111991-(11.891111911ὼιι11
808 2753 963 2801 ἡλικίας
996 2769 1032 2791 οι
1054 2754 1096 2792 ἐν
1117 2754 1246 2806 ἡλικία
1266 2753 1351 2792 ἀντὶ
1373 2755 1439 2791 τοῦ
1460 2753 1496 2791 οἱ
1518 2752 1610 2792 νέοι.

344 2817 405 2855 17,
434 2819 496 2859 13.
523 2823 586 2855 της
613 2808 754 2848 οἰκείας
781 2807 1030 2870 ἁκεραίου]1
1015 2807 1076 2847 Ν9
1098 2808 1188 2861 quis
1210 2809 1287 2848 hoc
1318 2808 1473 2848 habeat
1494 2822 1568 2860 1110
1600 2807 1787 2860 exemplo

282 2860 455 2923 epitheti
487 2861 574 2900 sine
601 2863 776 2901 articulo
786 2863 1031 2933 postpositi,
1055 2864 1161 2903 sciat
1163 2865 1361 2934 ἀκεραίου
1382 2863 1421 2902 11.
1443 2863 1468 2901 l.
1494 2862 1674 2916 legitime
1696 2864 1789 2902 sub-

278 2915 361 2967 jici,
425 2916 623 2969 Explica:
658 2919 837 2967 ακεραίου
858 2920 986 2968 ούσης,
1010 2919 1081 2960 ἕως
1103 2919 1279 2969 ἀκεραιός
1296 2935 1391 2958 εστι.
1456 2918 1786 2958 SOHAEFER.
