1935 3205
630 149 1035 190 PRAEFATIO.
1480 149 1589 189 xxvii

80 266 171 299 tem,
196 257 233 293 in
254 257 524 297 Timocratem,
549 258 585 292 in
609 257 903 306 Aristogitonem
931 258 1041 293 duae.
1102 257 1286 304 Reliquae
1318 258 1486 304 privatae
1518 265 1591 291 ter-

80 322 174 357 tium
196 322 374 357 volumen
398 321 569 369 implent.
613 322 722 357 Hanc
743 321 950 357 editionem
973 323 1079 357 aiunt
1101 336 1119 357 e
1139 321 1352 357 Felicianca
1373 334 1590 368 expressam

80 398 173 422 esse.
216 386 344 421 Potest
364 387 457 427 fieri,
481 394 522 421 ut
542 398 674 421 verum
697 385 812 421 aiant.
854 386 1038 422 Solebant
1059 394 1138 421 tum
1162 384 1344 432 temporis
1366 384 1590 433 typographi

80 449 163 485 Itali
186 449 220 484 in
241 462 280 485 se
301 449 500 485 latrocinia
520 462 715 485 exercere:
739 450 880 486 Juntae
902 462 940 486 se
961 449 1105 498 primos
1122 449 1248 490 edere,
1263 457 1327 484 aut
1344 448 1585 488 correctiora,

79 513 188 555 ferre,
219 526 317 561 quae
348 513 464 549 Aldus
495 513 686 555 edidisset,
718 522 756 549 et
787 514 906 550 Aldus
936 522 1082 555 contra,
1106 526 1205 561 quae
1234 513 1389 549 Juntae.
1449 511 1591 548 Similis

78 576 228 612 videtur
248 576 466 617 aemulatio,
489 576 630 612 similes
660 576 902 613 excursiones
932 586 1089 614 mutuae
1113 577 1148 612 in
1172 578 1266 612 fines
1295 577 1441 612 alienos
1472 577 1590 611 inter-

78 641 233 677 cessisse
257 641 413 675 Paulum
438 640 658 675 Manutium
682 648 719 675 et
745 640 1000 676 Brucciolum.
1059 640 1303 688 Deprehendi
1333 648 1462 676 tamen
1492 653 1590 675 non-

76 718 272 752 nunquam
295 704 376 739 illas
396 704 490 740 duas
516 703 715 744 editiones,
742 705 1016 740 Bel-nardinam
1041 713 1078 741 ct
1100 705 1311 745 Paulinam,
1335 704 1434 740 inter
1454 718 1492 740 se
1514 704 1589 740 dis-

78 781 247 816 crepare,
270 782 327 804 ex.
349 782 382 804 c.
415 782 449 816 p.
476 769 561 804 280.
588 780 621 803 2.
679 769 808 804 Potest
838 769 931 809 fieri,
955 777 996 805 ut
1020 770 1156 805 Paulus
1186 769 1303 809 locos,
1334 768 1369 804 in
1400 768 1539 816 quibus
1569 781 1590 803 a

78 833 276 869 Bernardo
303 832 472 871 discedit.
495 845 537 868 ex
565 833 623 868 ed.
648 831 751 868 Hier.
771 832 900 868 Wolfii
932 833 1055 881 prima
1085 833 1192 876 (anni
1223 834 1350 879 ¹549.)
1385 831 1587 880 acceperit,

77 897 124 932 de
155 909 230 944 quo
261 895 477 945 diligentius
508 896 783 943 quaerendum.
844 896 993 932 Indices
1025 897 1163 944 cuique
1194 897 1379 932 volumini
1415 895 1470 930 sui
1502 904 1590 930 sunt

77 959 248 1009 subjecti,
273 961 334 1008 qui
357 960 538 996 videntur
567 959 678 996 iidem
709 973 790 996 esse
818 973 905 997 cum
936 961 1020 1001 illis,
1043 974 1138 1008 quos
1163 960 1375 996 Felicianus
1405 972 1494 994 suae
1525 959 1589 995 ad-

77 1023 246 1065 diderat;
287 1023 500 1072 iisdemque
533 1024 633 1060 vitiis
667 1025 855 1066 laborant,
893 1025 1028 1072 quibus
1065 1024 1236 1060 Aldinus.
1300 1025 1588 1071 Nonnunquam

76 1087 218 1124 indices
238 1089 443 1125 lectionem
464 1089 639 1129 eandem,
662 1102 759 1136 quae
781 1089 817 1124 in
840 1097 947 1124 texto
969 1097 1037 1132 est,
1059 1089 1237 1131 reddunt,
1260 1101 1462 1136 suppressa
1486 1088 1591 1122 varia

75 1151 255 1193 lectione,
277 1165 388 1200 quam
411 1153 685 1201 exspectabas,·
717 1166 830 1200 saepe
856 1153 892 1188 in
916 1159 1021 1188 texto
1052 1152 1252 1188 asteriscus
1282 1161 1338 1188 est
1367 1151 1512 1199 positus
1542 1152 1588 1187 ad

75 1215 239 1252 indicem
261 1215 456 1266 ableganS,
479 1230 592 1264 quem
615 1216 642 1251 si
666 1217 844 1258 consulis,
867 1218 1039 1252 delusum
1062 1225 1099 1252 te
1127 1216 1258 1252 sentis.
1316 1216 1385 1252 Ille
1412 1224 1524 1256 tacet,
1548 1224 1589 1251 tu

75 1280 214 1316 frustra
243 1279 472 1328 quaesivisti.
532 1280 681 1316 Indices
707 1281 812 1316 Pauli
843 1280 904 1315 ubi
933 1293 1020 1316 cum
1051 1279 1188 1316 Aldino
1219 1281 1478 1319 consentiunt,
1501 1288 1589 1315 sunt

75 1357 122 1380 ex
144 1344 278 1380 Aldino
299 1344 436 1385 sumti;
469 1353 700 1393 quapropter
720 1358 788 1392 pro
814 1357 891 1380 uno
913 1344 1152 1380 solummodo
1183 1343 1360 1390 suffragio
1391 1345 1587 1379 habebun-

75 1417 148 1444 tur.
204 1409 438 1449 Dolendum‚
460 1417 610 1444 veteres
640 1409 738 1444 hanc
768 1408 918 1444 critices
948 1416 1095 1456 partem
1124 1417 1201 1443 tam
1233 1407 1368 1455 supine
1390 1416 1651 1448 tractasse‚xx

75 1480 129 1513 ut,
154 1484 173 1508 e
195 1485 270 1520 quo
291 1472 422 1508 codice
444 1485 518 1507 una
539 1485 714 1520 quaeque
743 1471 859 1508 lectio
891 1480 991 1508 esset
1019 1472 1232 1520 depromta,
1255 1485 1330 1508 non
1362 1472 1586 1512 indicarent,

75 1536 248 1585 quamvis
269 1542 417 1572 constet
437 1536 537 1572 inter
557 1536 720 1577 criticos,
743 1536 907 1572 multum
928 1535 1082 1577 referre,
1106 1545 1160 1576 ut,
1183 1549 1258 1583 quo
1277 1549 1296 1571 e
1321 1536 1452 1572 codice
1474 1535 1587 1572 lectio

75 1601 276 1648 quaepiam
298 1600 466 1636 derivata
486 1600 546 1643 sit,
568 1613 616 1636 ne
638 1599 839 1636 nesciatur.
888 1600 990 1635 Nam
1012 1601 1048 1635 iu
1071 1599 1299 1636 auctoritate
1320 1600 1461 1636 codicis
1483 1613 1585 1649 mag-

75 1678 168 1700 num
196 1672 253 1700 est
279 1664 554 1713 praejudicium
587 1665 632 1700 ad
666 1664 934 1700 auctoritatem
966 1664 1081 1712 ipsius
1110 1664 1298 1700 lectionis.
1358 1664 1464 1701 Nihil
1492 1665 1587 1701 haec

73 1729 189 1764 habet
217 1727 346 1771 editio,
378 1729 477 1776 quod
510 1729 546 1764 in
578 1728 717 1764 Aldina
748 1741 824 1764 non
859 1737 971 1772 esset,
1003 1737 1271 1777 praeterquam
1308 1729 1585 1777 praefationem

75 1793 272 1836 Graecam,
295 1806 370 1840 qua
391 1793 529 1828 Paulus
550 1793 648 1828 hanc
670 1792 877 1829 editionem
899 1794 1109 1841 Λουδοουίκῳ
1130 1795 1341 1841 Βεκιιτελλίῳ
1369 1798 1417 1841 τῷ
1444 1794 1584 1835 Ῥαβέλ-

73 1860 138 1892 λου
166 1859 351 1905 ἐπισκόπῳ,
381 1858 598 1904 ἀποστολικῲ
625 1854 798 1901 Ἐνετίῃσι
826 1859 970 1905 λεγάτῳ,
1000 1855 1208 1893 inscribitd.
1267 1858 1466 1894 Reddetur
1490 1859 1585 1894 haec

74 1919 236 1968 epistola
261 1928 344 1956 tota
372 1919 409 1955 in
438 1920 543 1956 calce
572 1920 691 1956 nostri
717 1919 841 1968 operis
871 1933 947 1956 una
978 1934 1064 1956 cum
1098 1919 1180 1955 aliis
1211 1920 1516 1956 dedicationibus
1548 1930 1585 1957 et

72 1983 381 2033 praefationibus.
438 1983 631 2031 Epistolae
659 1985 772 2033 hujus
800 1985 873 2020 hoc
900 1985 1177 2032 propemodum
1210 1993 1478 2033 argumentum
1501 1993 1582 2020 est:

73 2048 188 2084 fuisse
218 2048 389 2096 queritur
410 2049 560 2089 Paulus,
584 2047 645 2096 qui
676 2048 877 2097 segnitiem
908 2048 976 2083 sibi
1008 2048 1295 2096 exprobrarent,
1323 2048 1421 2095 quod
1454 2048 1586 2084 haeres

72 2112 193 2148 factus
213 2111 485 2161 typographiae
507 2125 528 2147 a
548 2120 654 2159 patre
675 2111 832 2147 relictae
859 2111 1007 2161 egregie
1028 2112 1237 2148 instructae
1266 2111 1317 2147 nil
1339 2121 1489 2148 curaret
1518 2125 1583 2160 pa-

74 2184 170 2212 trem
190 2175 340 2218 imitari,
361 2175 424 2211 sed
447 2188 539 2223 opes
560 2184 637 2211 tam
657 2175 871 2224 praeclaras
891 2187 969 2211 non
991 2175 1207 2211 exercendo
1228 2176 1371 2211 sineret
1391 2175 1583 2224 disperire.

75 2240 154 2276 Sibi
175 2253 266 2276 vero
294 2253 370 2276 non
402 2241 571 2276 animum
602 2240 764 2276 defuisse
794 2240 1032 2288 praeclarum
1055 2239 1143 2287 quid
1167 2240 1350 2281 enitendi,
1372 2241 1437 2276 sed
1467 2254 1584 2288 pecu-

73 2304 172 2341 nias:
194 2317 307 2352 quare
327 2303 395 2340 sibi
418 2305 630 2340 necessario
652 2303 926 2351 quiescendum
948 2303 1076 2345 fuisse,
1099 2304 1222 2340 donec
1245 2304 1464 2340 Ludovicus
1485 2306 1584 2341 Bec-

73 2367 246 2404 catellius
266 2367 334 2404 sibi
357 2369 402 2404 de
423 2368 596 2416 pecuniis
625 2369 776 2405 abunde
806 2368 1074 2416 prospexisset.
1135 2369 1204 2404 His
1235 2369 1406 2416 adjutum
1438 2382 1477 2405 se
1508 2370 1582 2417 pri-

73 2445 178 2468 mum
201 2433 385 2476 omnium,
409 2445 505 2480 quae
526 2432 675 2468 edenda
695 2432 940 2474 decrevisset,
962 2434 1042 2467 sive
1063 2432 1205 2468 dudum
1235 2442 1323 2468 aute
1339 2436 1418 2482 jam
1441 2442 1581 2474 essent,

73 2495 152 2531 sive
181 2496 352 2532 nondum
381 2496 494 2536 edita,
519 2497 817 2533 Demosthenem
847 2495 1018 2536 edidisse,
1041 2495 1331 2545 diligentissime
1353 2510 1373 2532 a
1394 2510 1432 2533 se
1454 2510 1582 2533 emen-

73 2560 216 2601 datum,
239 2568 277 2596 et
297 2573 385 2597 eum
406 2562 561 2609 optimis
581 2561 858 2609 exemplaribus
879 2561 1072 2597 collatum.
1113 2561 1241 2597 Verba
1261 2562 1342 2609 ipsa
1364 2563 1467 2597 Pauli
1490 2563 1584 2598 haee

75 2632 186 2659 sunt:
218 2624 360 2660 τούτους
387 2629 567 2671 τοιγαροῦν
587 2627 664 2662 τοὺς
692 2628 818 2671 λόγους
847 2626 887 2661 ὼς
919 2623 1027 2660 οἷόντε
1057 2625 1096 2668 ἧν
1115 2627 1367 2670 ἐπιμελέστατα
1395 2628 1582 2672 διορθωσά-

119 2744 136 2767 d
163 2741 383 2782 Papadopulus
406 2742 438 2771 in
466 2742 607 2772 Historia
631 2743 796 2783 Gymnasii
907 2743 980 2774 Loci
1009 2744 1047 2773 de
1075 2742 1258 2773 Beccatellio
1285 2743 1366 2781 apud
1396 2743 1583 2773 Manutium

76 2796 223 2826 Patavini
250 2796 295 2835 (v,
323 2795 652 2825 Gelehrten-Lexicon
680 2795 740 2825 vol.
771 2806 795 2824 1.
862 2797 893 2825 in
911 2796 1049 2835 epistolis
1066 2795 1130 2835 (ed.
1150 2796 1251 2825 Henr.
1269 2796 1437 2835 Stephani)
1461 2807 1490 2835 p.
1515 2806 1583 2835 115.

74 2860 100 2879 c.
119 2850 210 2887 887.)
233 2849 318 2887 dicit,
342 2848 464 2878 Ludov.
483 2848 706 2878 Beccatellium
731 2849 795 2887 epi-
865 2849 1022 2887 Epistolae
1037 2849 1194 2878 clarorum
1211 2849 1350 2878 virorum
1367 2860 1385 2879 a
1401 2850 1499 2880 Paulo
1514 2851 1585 2880 Ma-

75 2909 236 2941 scopatum
270 2902 391 2932 Ravelli
430 2901 570 2932 oblatum
606 2912 623 2931 a
656 2902 797 2932 Ranutio
864 2903 952 2932 nutio
969 2913 1054 2932 anno
1074 2911 1161 2941 1554.
1179 2903 1280 2933 editae
1296 2913 1323 2942 p.
1339 2903 1389 2942 65.

76 2956 227 2986 Farnesio
243 2966 408 2986 recusasse.
