1935 3205
490 153 883 193 ‹›1.YN'1‘1{1.·x(:,-x
922 152 1214 192 SfflJL'NnA.
1553 155 1607 192 523

92 258 168 298 vol.
191 272 229 311 3.
253 273 290 311 p.
321 270 409 311 155.
440 258 609 311 ejusque
640 258 887 298 scholiastae
918 258 970 297 ad
1005 273 1042 311 p.
1075 260 1131 305 18,
1165 260 1222 297 16.
1246 258 1376 297 citati.
1443 258 1607 297 Parin-1·

92 315 132 353 in
155 314 287 354 altera
309 314 540 354 sententiae
563 321 682 367 parte
711 322 805 368 post
837 315 861 354 ἃ
889 316 929 353 δὲ
961 315 1021 353 καὶ
1051 320 1223 367 propter
1245 315 1369 354 verba
1399 314 1517 367 plura
1549 314 1605 352 in-

92 370 306 423 terposita,
325 385 403 409 non
428 370 671 422 simpliciter
693 373 817 410 εἰπεῖν
838 370 1071 420 πειράσομαι
1092 370 1245 417 intulit.
1262 370 1333 409 sed
1357 372 1459 409 τοῦτ’
1484 372 1607 409 εἰπεῖν

195 426 203 439 Ι

92 442 338 476 πειρασομαι.

160 496 216 533 19,
249 495 306 531 ¹4-
329 482 681 535 τοῦ--φαίνεσθαι]
708 483 993 533 Hermogenes
1016 497 1053 535 p.
1076 484 1166 531 287.
1201 484 1235 521 εἵ
1255 499 1299 533 γε
1321 486 1507 533 βραχεῖαι
1530 481 1608 521 εἶεν

94 540 134 578 αἱ
167 540 400 587 ἐπεμβολαὶ,
425 539 529 577 ἀλλὰ
561 539 612 587 μὴ
643 541 796 588 μακραὶ,
828 542 984 588 μᾶλλον
1017 539 1175 589 γοργὸν,
1209 537 1230 587 ἦ
1263 538 1608 588 περιβεβλημένον

93 597 252 633 ποιοῦσι
284 594 353 633 τὸν
386 596 520 644 λόγον.
554 596 648 633 οἷον·
682 599 748 633 τοῦ
776 593 806 633 τ’
842 596 1003 640 ἐκεῖνον,
1028 596 1123 644 ὅπερ
1158 595 1218 633 καὶ
1252 596 1395 643 ὀληθὲς
1427 593 1606 645 ὑπάρχει,

97 653 253 701 φαῦλον
285 651 510 700 φαίνεσθαι,
533 652 638 702 ὁρᾷς,
671 655 750 692 πῶς
783 651 975 699 εὐκίνητος
1014 651 1074 689 καὶ
1106 651 1247 702 γοργὸς
1279 652 1299 689 ὁ
1335 651 1453 700 λόγος
1487 650 1608 688 ἐστίν.

96 706 254 757 ἐγένετο
277 707 316 745 δὲ
341 709 401 745 διὰ
432 706 501 754 τὴν
530 707 758 755 ἐπεμβολὴν
782 706 852 755 τὴν
880 707 1004 746 οὖσαν
1029 710 1237 758 βραχεῖαν,
1262 707 1357 756 ὅπερ
1387 707 1446 744 καὶ
1469 707 1611 755 ἀληθὲς

96 761 273 813 ὑπάρχει.
336 761 528 800 REISK.

158 831 221 865 19,
254 829 312 868 17.
346 817 639 870 διεξελήλυθεν]Ι
678 817 887 857 Uubitant
924 817 1174 870 interpretes
1214 823 1355 857 utrum
1393 816 1611 856 transitive

96 873 253 913 dictum
277 873 343 918 sit,
367 879 413 912 ut
434 888 500 926 ap.
527 873 700 913 Isoerat.
728 889 767 927 p.
791 876 841 925 63
866 878 972 912 extr.
996 878 1109 913 ποῖον
1138 874 1275 914 αὐτοὺς
1296 874 1459 922 ἀδίκημα
1481 873 1612 923 διέφυ-

95 946 190 980 γεν;
226 927 308 978 ἦτί
334 933 410 968 τῶν
431 931 605 981 αἰσχρῶν
632 928 652 978 ἢ
676 933 812 969 δεινῶν
844 929 887 968 οὐ
919 932 1147 978 ὃιεξῆλθον;
1181 944 1233 969 an
1269 928 1542 976 intransitive,
1565 934 1613 968 ut

95 1000 161 1038 ap.
188 985 513 1024 Demosthenem
545 985 678 1038 ipsum
710 1000 748 1038 p.
770 998 867 1039 541.
899 984 1025 1024 πάντα
1053 985 1082 1024 δ’
1105 986 1174 1035 ἤδη
1204 986 1467 1035 διεξεληλύθει
1494 987 1613 1023 ταῦτα

97 1042 165 1079 τάκ
196 1044 272 1079 τῶν
295 1042 435 1090 νόμων,
459 1042 676 1090 ὑπωμοσίαι
704 1042 765 1081 καὶ
792 1042 1061 1092 παραγραφαὶ,
1087 1043 1148 1081 καὶ
1179 1042 1292 1081 οὐδὲν
1315 1040 1364 1080 ἔτ’
1389 1041 1435 1089 ἦν
1456 1042 1612 1079 ὑπόλοι-

96 1113 184 1144 πον,
216 1096 400 1149 aliosque
432 1111 513 1135 non
543 1111 651 1136 raro.
715 1097 989 1137 Manifestum
1020 1102 1084 1136 est
1116 1097 1379 1137 transitivam
1411 1096 1614 1149 signifiea-

95 1151 253 1191 tionem
287 1152 493 1205 aptiorem
526 1167 615 1192 esse
646 1153 741 1192 huie
772 1153 873 1200 loeo,
904 1152 972 1192 ubi
1007 1167 1110 1205 quas
1138 1153 1352 1193 machinas
1386 1152 1613 1192 tentaverit

99 1208 315 1261 Philippus
348 1208 488 1261 potius
522 1214 613 1248 erat
651 1209 869 1248 (licendum
907 1223 1031 1261 quam
1068 1224 1173 1261 quae
1207 1224 1273 1248 res
1307 1208 1613 1262 praeterierint.

99 1264 215 1303 Idem
249 1264 469 1303 dicendum
503 1264 554 1304 (le
584 1265 673 1304 loeo
707 1265 801 1304 hine
835 1279 1032 1318 expresso
1057 1264 1544 1305 l’seudo-Demosthenis
1574 1280 1612 1318 p.

105 1333 194 1373 l53⁹
221 1331 256 1372 7·

161 1389 225 1428 19,
252 1377 312 1415 18.
335 1377 692 1429 παρακρουόμενος]
735 1376 1060 1429 Harpocration,
1094 1377 1401 1427 Παρακρούεται,
1430 1377 1514 1415 ἀντὶ
1548 1379 1614 1415 τοῦ

99 1432 288 1484 ἐξαπατᾷ.
319 1432 421 1471 πολὺ
441 1432 483 1471 δέ
506 1434 589 1471 ἐστι
610 1435 716 1483 παρὰ
736 1436 814 1474 τοῖς
835 1433 973 1473 ἄλλοις
992 1431 1181 1474 Ἀττικοῖς
1206 1433 1266 1472 καὶ
1288 1435 1392 1483 παρὰ
1411 1433 1613 1481 Δημοσθέ-

99 1504 157 1527 νει
179 1489 221 1527 ἐν
242 1492 322 1529 τοῖς
343 1492 603 1529 Φιλιππικοῖς.
636 1492 819 1538 μετῆκται
839 1490 879 1527 δὲ
902 1489 1071 1537 τοῦνομα
1093 1488 1169 1528 ἀπὸ
1187 1491 1253 1527 τοῦ
1273 1489 1359 1530 τοὺς
1378 1488 1559 1529 ἱστάντας
1580 1505 1614 1527 τι

98 1543 120 1592 ἢ
140 1547 373 1594 μετροῦντας
403 1545 554 1593 κρούειν
581 1546 628 1583 τὰ
655 1544 776 1595 μέτρα
809 1545 869 1583 καὶ
895 1544 1081 1583 διασείειν
1104 1545 1219 1584 ἕνεκα
1249 1548 1315 1583 τοῦ
1346 1548 1612 1583 πλεονεκτεῖν.

100 1600 203 1639 (Jum
239 1600 434 1648 ἐξαπατᾶν
470 1600 737 1653 conjunctum
771 1615 810 1653 p.
833 1602 929 1654 318.
965 1601 1068 1641 ὅπως
1098 1600 1149 1650 μὴ
1181 1602 1502 1650 παρακρούσομαι
1531 1598 1614 1649 μηδ’

98 1654 338 1704 ἐξαπατήσω.

164 1724 223 1761 19,
250 1723 314 1750 20.
337 1712 437 1764 αὐτῷ
459 1716 649 1764 praestat
669 1710 846 1750 aliorum
867 1710 1066 1750 librorum
1096 1711 1328 1765 scripturae
1356 1712 1484 1751 αὐτοῦ.
1549 1711 1616 1751 Sic

100 1781 139 1819 p.
166 1779 228 1814 20,
258 1780 319 1820 13.
352 1770 483 1817 καιροῦ
495 1767 638 1818 -πρὸς
658 1770 769 1806 τοῦτο
792 1766 957 1817 πάρεστι
977 1769 1161 1821 Φιλίππῳ
1184 1770 1231 1807 τὰ
1251 1768 1469 1818 πράγματα.

164 1835 223 1873 19,
250 1834 314 1875 23.
347 1822 750 1876 εὑρίσκω-ἐκείνοις]
776 1822 890 1862 Ordo
907 1823 1139 1871 verborum,
1163 1828 1210 1863 ut
1231 1823 1395 1862 monuit
1418 1823 1477 1860 W
1481 1823 1613 1870 Olfius,

102 1878 264 1927 εὑρίσκω
287 1878 375 1927 (τὸν
395 1880 616 1929 Φίλιππον)
638 1880 993 1929 προσαγαγόμενον
1024 1879 1093 1928 τὴν
1121 1881 1194 1928 μὲν
1221 1879 1413 1929 ἡμετέραν
1439 1879 1617 1928 εὐήθειαν

100 1934 514 1987 ’τῷ-κατασκευάσαι,
538 1934 607 1983 τὴν
629 1933 658 1973 δ’
681 1933 902 1974 Ὀλυνθίων
923 1936 1063 1985 φιλίαν
1083 1936 1367 1988 τῷ-ἐκείνοις.

166 2002 226 2042 19,
253 2002 317 2042 25.
349 1990 469 2042 τινες]
506 1989 590 2029 Eos
612 1989 712 2029 dicit
741 1990 809 2042 qui
832 1990 981 2043 olymp.
1003 2003 1092 2043 105.
1111 2003 1149 2043 3.
1171 1990 1212 2029 in
1235 1990 1432 2029 concione
1460 1989 1613 2044 populi,

102 2059 153 2083 ne
174 2044 300 2098 legati
323 2045 615 2097 Olynthiorum
635 2045 972 2089 admitterentur,
995 2060 1174 2085 suasere.
1209 2046 1430 2084 FRANK.

160 2099 270 2153 ἡμῖν]
306 2100 505 2140 Praestat
528 2101 638 2153 quod
660 2101 700 2139 in
725 2101 765 2140 S.
788 2101 958 2154 aliisque
979 2101 1095 2141 libris
1116 2106 1181 2141 est>
1201 2102 1302 2151 ὑμῖν.

167 2169 228 2208 19,
254 2166 318 2207 27.
350 2156 394 2195 τὸ
428 2158 693 2206 θρυλούμενόν
727 2173 822 2196 ποτε
858 2156 1096 2211 ἀπόρρητον]
1136 2158 1350 2197 Arcanum
1383 2157 1482 2195 illud
1515 2157 1618 2196 satis

103 2211 317 2265 cognitum
349 2211 549 2251 habemus
586 2211 784 2252 beneficio
822 2212 1092 2266 Theopompi.
1154 2213 1335 2252 Photius
1355 2227 1395 2265 p.
1412 2214 1519 2265 588:
1567 2213 1620 2251 Τί

106 2269 190 2307 ἐστι
226 2267 269 2306 τὸ
305 2269 347 2307 ἐν
382 2272 462 2309 τοῖς
498 2268 775 2317 Δημοσθένους
810 2272 1073 2314 Φιλιππικοῖς,
1111 2276 1135 2288 “
1155 2270 1216 2308 καὶ
1248 2268 1291 2307 τὸ
1326 2269 1619 2319 θρυλλούμενόν

106 2339 201 2363 ποτε
236 2324 456 2374 ἀπόρρητον
493 2324 660 2369 ἐκεῖνο,”
699 2325 936 2373 Θεόπομπος
970 2326 1012 2363 ἐν
1043 2323 1109 2364 λα’
1143 2324 1349 2373 δεδήλωκε.
1403 2325 1501 2374 φησὶ
1533 2323 1619 2374 γάρ·

107 2379 169 2417 καὶ
203 2378 346 2428 πέμπει
378 2379 473 2430 πρὸς
505 2380 706 2419 Φίλιππον
738 2382 982 2430 πρεσβευτὰς
1008 2379 1258 2431 Ἀντιφῶντα
1293 2381 1354 2419 καὶ
1380 2380 1618 2430 Χαρίδημον,

106 2433 322 2483 πράξοντας
343 2436 405 2473 καὶ
425 2435 512 2485 περὶ
538 2436 685 2484 φιλίας.
739 2435 776 2474 οἳ
800 2437 1112 2486 παραγενόμενοι
1143 2438 1370 2485 συμπείθειν
1392 2435 1510 2474 αὐτὸν
1532 2436 1617 2473 ε’πε-

107 2491 265 2541 χείρουν
286 2491 329 2529 ἐν
359 2489 559 2543 ἀπορρήτῳ
588 2490 849 2541 συμπράττειν
869 2490 1091 2540 Ἀθηναίοις
1115 2492 1218 2532 ὅπως
1247 2491 1295 2530 ἂν
1322 2490 1505 2539 λάβωσιν
1525 2489 1617 2539 Ἀμ-

108 2546 287 2595 φίπολιν,
313 2546 618 2596 ὑπισχνούμενοι
652 2548 825 2586 Πύδναν.
869 2548 905 2585 οἱ
936 2548 977 2585 δὲ
1008 2546 1195 2597 πρέσβεις
1223 2548 1262 2585 οἱ
1293 2549 1371 2584 τῶν
1401 2545 1621 2594 Ἀθηναίων

107 2602 162 2642 εἰς
193 2602 266 2649 μὲν
297 2602 367 2640 τὸν
403 2604 522 2649 δῆμον
557 2602 670 2640 οὐδὲν
703 2601 972 2652 ἀπήγγελλον,
1009 2603 1249 2650 βουλόμενοι
1284 2600 1497 2639 λανθάνειν
1531 2601 1617 2640 τοὺς

110 2656 327 2696 Πυδναίους
361 2657 552 2695 ἐκδιδόναι
583 2656 799 2704 μέλλοντες
832 2657 979 2698 αὐτούς·
1030 2659 1072 2695 ἐν
1108 2656 1308 2708 ἀπορρήτῳ
1345 2657 1386 2694 δὲ
1421 2657 1518 2704 μετὰ
1555 2658 1620 2703 τῆς

109 2713 257 2759 βουλῆς
303 2711 505 2760 ἔπραττον.
567 2710 900 2750 SCHAEFER.
978 2711 1095 2751 Haec
1132 2711 1165 2749 si
1204 2724 1492 2763 comparamus
1527 2724 1619 2749 eum

111 2765 331 2805 Demosth.
354 2780 393 2819 p.
412 2767 507 2817 659.
530 2766 619 2805 init.
642 2772 683 2805 et
705 2781 744 2818 p.
769 2767 833 2819 83.
857 2780 916 2818 19.
979 2767 1195 2820 Philippus
1230 2766 1361 2805 literis
1397 2766 1450 2805 ad
1487 2765 1619 2805 Athe—

111 2820 272 2860 nienses
304 2821 414 2860 datis
445 2820 639 2873 petivisse
666 2821 830 2860 videtur
858 2828 902 2861 ut
935 2822 1094 2875 legatos
1125 2822 1178 2861 ad
1210 2836 1252 2861 se
1280 2821 1508 2861 mitterent.
1533 2821 1618 2873 qui-

111 2876 283 2915 buscum
304 2890 427 2929 agere
448 2882 600 2928 posset.
664 2876 720 2915 Hi
751 2891 875 2929 quum
900 2877 1091 2917 Athenas
1119 2877 1399 2919 revertissent.
1423 2877 1477 2916 ad
1503 2891 1617 2916 sena-
