1934 3179
297 163 382 205 516
686 163 770 202 DE
804 162 1007 203 FALSA
1041 160 1429 202 LEGATIONE.

299 270 421 322 ὀργὴν
448 268 708 319 ποιησάμενος
734 268 986 318 ἐστρατεύετο
1010 267 1071 306 ἐπὶ
1098 266 1185 307 τοὺς
1208 265 1406 306 Αἰθίοπας.
1428 263 1497 304 ubi
1520 278 1555 303 v.
1580 263 1811 304 Valckena-

300 325 398 365 rius,
435 324 623 364 Alterius
643 323 875 370 locutionis,
894 322 1010 374 χάριν
1031 324 1240 367 ποιεῖσθαι,
1259 320 1492 373 exemplum
1512 319 1624 359 aliud
1645 324 1814 373 praeter

300 382 379 421 hoc
402 380 769 421 Demosthenicum
790 392 873 417 non
894 378 1028 417 habeo
1050 377 1091 416 in
1117 380 1296 430 promtu,
1359 376 1440 416 Sed
1462 375 1625 416 etiamsi
1648 376 1726 415 hoc
1749 390 1813 415 so-

301 438 386 477 lum
407 436 652 490 reperiatur,
672 435 774 475 satis
796 439 938 474 tamen
955 447 1159 487 superque
1180 437 1324 472 tuetur
1341 436 1383 472 et
1403 431 1597 486 analogia
1618 436 1684 472 tot
1706 431 1814 471 simi-

300 494 400 533 lium
434 492 687 532 locutionum
719 496 762 530 et
787 504 883 530 vero
916 490 1084 529 schema
1116 488 1405 542 syntaetieuin,
1435 489 1485 528 de
1517 502 1599 541 quo
1630 487 1813 527 omnium

300 549 505 589 fusissime
541 547 707 600 scripsit
741 545 964 586 Dorvillius
995 546 1050 585 ad
1084 544 1298 586 Chariton.
1325 560 1365 598 p.
1395 557 1492 595 440.
1522 558 1573 583 ss.
1603 544 1668 584 ed.
1701 543 1814 597 Lips.

304 605 515 644 Videntur
545 608 685 643 tamen
712 603 800 656 jam
828 601 925 641 olim
951 601 1077 640 fuisse
1103 600 1171 655 qui
1201 601 1255 641 ad
1284 601 1408 640 hasce
1437 600 1610 654 phrases
1638 599 1816 639 offende-

302 665 409 700 rent.
471 659 579 700 Nam
602 659 641 698 in
665 659 706 698 S.
726 659 774 709 Q.
796 657 1053 711 adscriptum
1073 657 1127 697 ad
1149 671 1183 696 v.
1206 659 1384 696 ποιεῖσθε
1405 656 1556 710 legitur
1577 673 1638 707 γρ.
1661 656 1815 695 ἀπονεί-

300 733 395 765 ματε
418 717 532 769 αὐτῷ.
584 715 704 765 Quod
727 714 803 754 nisi
826 712 1144 767 interpretantis
1165 717 1242 761 est,
1259 717 1324 752 est
1346 716 1502 752 temere
1524 710 1816 765 interpolantis

306 772 532 826 vulgatam.
594 770 842 811 SCHAEF.

361 841 456 881 370,
482 839 545 867 21.
579 829 626 866 τὰ
657 827 953 878 ὁμολογούμενα
984 824 1321 878 ἀπολογούμενον]
1357 823 1458 863 This
1482 823 1617 878 might
1644 823 1696 863 be
1726 837 1815 862 ren—

304 884 430 923 dered
473 889 496 905 “
516 882 711 937 bringing
756 882 935 922 forward
979 881 1020 920 in
1067 881 1130 921 his
1171 881 1340 920 defenee
1384 880 1589 920 admitted
1637 878 1816 933 points,”

304 946 328 962 “
345 939 506 993 resting
534 939 597 978 his
626 939 794 978 defence
820 952 873 977 011
894 937 1101 978 admitted
1129 936 1267 990 points
1283 936 1318 975 :⁵⁵
1349 936 1433 976 and
1461 950 1506 976 as
1528 936 1592 975 far
1616 950 1662 975 as
1690 935 1817 974 idiom

306 996 340 1036 is
367 995 608 1043 coneerned,
631 994 715 1035 this
741 994 775 1033 is
801 994 874 1034 the
902 993 1096 1047 ordinary
1117 993 1311 1046 meaning
1339 993 1384 1032 of
1407 993 1693 1043 ἀπολογεῖσθαι
1718 991 1817 1032 with

304 1053 377 1093 the
397 1052 617 1092 accusative
626 1067 639 1089 .·
666 1052 743 1091 but
764 1051 835 1090 the
858 1054 1030 1089 context
1052 1064 1183 1089 seems
1204 1053 1249 1088 to
1266 1048 1429 1101 require
1452 1049 1523 1088 the
1541 1048 1662 1087 Other
1682 1051 1817 1087 trans-

305 1109 447 1155 lation,
477 1108 559 1148 and
587 1122 644 1147 we
674 1107 761 1146 find
794 1107 835 1145 in
868 1107 1047 1146 Macart.
1070 1121 1108 1159 p.
1134 1115 1251 1158 1052.
1276 1106 1313 1156 ξ.
1337 1118 1374 1156 9.
1411 1103 1487 1144 οὐδ’
1526 1103 1817 1155 ἀπολογήσα-

307 1166 419 1205 σθαί
439 1182 505 1214 μοι
532 1164 688 1216 ἐγένετο
716 1164 801 1203 οὐδὲ
829 1162 1105 1202 πολλοστὸν
1135 1161 1274 1211 μέρος
1304 1162 1357 1200 ὧν
1384 1161 1669 1211 κατεψεύδοντο
1697 1160 1815 1209 ἡμῶν,

308 1221 441 1261 where
463 1221 549 1271 περὶ
570 1234 618 1259 or
637 1221 732 1271 ὑπὲρ
756 1219 854 1259 with
876 1233 901 1258 a
918 1218 1041 1272 ,(791ιηίίί
1048 1232 1096 1265 να,
1120 1217 1252 1256 would
1280 1217 1385 1256 have
1412 1217 1516 1256 been
1538 1229 1653 1255 more
1674 1215 1789 1255 usual
1808 1231 1815 1254 z

306 1291 502 1325 mensam,
535 1276 629 1315 'zm‘tla
664 1290 717 1315 αιι
753 1275 986 1322 accusative,
1013 1274 1088 1313 has
1119 1273 1190 1314 the
1227 1273 1378 1312 double
1409 1271 1612 1325 meaning.
1661 1270 1819 1311 SHIL-

315 1333 481 1373 LETO.

363 1402 459 1443 370,
479 1401 543 1442 23.
575 1390 672 1438 μετὰ
694 1391 811 1427 ταῦτα
833 1387 987 1438 εἰρήνην
1009 1405 1041 1427 κ.
1063 1404 1094 1426 τ.
1109 1386 1164 1439 λ.]
1188 1385 1304 1425 Oitat
1325 1385 1408 1424 l1.l.
1433 1384 1643 1424 Aristides
1664 1399 1703 1437 p.
1722 1396 1817 1434 424.

310 1446 351 1485 in
373 1445 609 1497 exemplum
631 1443 830 1484 orationis
851 1442 1060 1496 simplicis.
1122 1441 1317 1481 REISK.

369 1512 464 1553 370,
482 1512 546 1552 27.
571 1500 782 1552 Αἰσχίνην]
812 1500 876 1538 De
898 1498 1206 1538 construetione
1228 1497 1341 1537 verbi
1362 1497 1585 1548 μέμφεσθαι
1607 1511 1642 1535 v.
1658 1495 1818 1535 Anecd.

312 1557 443 1597 Bekk.
466 1571 505 1609 p.
526 1557 616 1608 156.
635 1560 676 1595 et
694 1555 862 1608 Georgii
888 1553 1092 1607 Leeapeni
1116 1554 1328 1606 Excerpta
1349 1568 1387 1606 p.
1403 1565 1422 1603 7
1436 1566 1469 1591 1.
1513 1551 1762 1593 SOI-IAEF.

367 1624 465 1666 371,
486 1625 526 1663 4.
558 1612 668 1664 ὅθεν]
697 1611 745 1650 1(1
766 1616 830 1651 est
853 1612 1044 1655 ἐντεῦθεν,
1068 1611 1234 1649 ὅπου-.
1257 1608 1391 1655 Illinc,
1415 1607 1551 1648 ’ῑιόἱ-.
1615 1607 1807 1647 REISK.

369 1668 536 1720 ὅθεν-]
567 1667 751 1707 Subaudi
774 1668 894 1717 φαίην
915 1667 975 1705 ἄν.
1039 1665 1289 1706 SOHAEF.

368 1735 464 1778 371,
489 1724 526 1764 8.
559 1724 622 1762 ἐπὶ
648 1723 734 1765 τοὺς
760 1723 913 1775 ὅρκους]
945 1722 992 1761 Id
1023 1727 1087 1761 est
1115 1722 1177 1761 ἐπὶ
1201 1722 1270 1770 τὴν
1299 1721 1518 1771 πρεσβείαν
1542 1720 1610 1769 τὴν
1642 1720 1704 1759 ἐπὶ
1735 1719 1821 1761 τοὺς

313 1782 459 1831 ὅρκους.
522 1777 718 1819 REISK.

369 1847 465 1889 371,
491 1849 551 1874 10.
586 1835 647 1874 ἐπὶ
668 1837 735 1874 τοῦ
755 1834 947 1886 πολέμου]
975 1834 1048 1880 ἐπὶ,
1071 1834 1128 1879 in,
1151 1836 1199 1872 ut
1220 1847 1258 1886 p.
1275 1833 1370 1885 387,
1391 1844 1456 1873 22.
1488 1833 1550 1871 ἐπὶ
1569 1834 1635 1881 τῆς
1658 1831 1819 1882 εἰρήνης,

312 1894 354 1932 in
376 1907 492 1946 pace.
530 1906 567 1944 p.
591 1903 687 1944 307,
713 1905 750 1944 9.
788 1891 850 1929 ἐπὶ
880 1893 945 1939 τῆς
977 1891 1201 1939 ἀποδημίας.
1236 1887 1594 1927 MARKLAND.
1657 1887 1822 1927 Gravis-

312 1949 414 1988 sime
435 1948 512 1987 hoc
535 1947 730 1987 additur:
764 1961 860 1986 nain
882 1950 946 1985 est
967 1944 1327 1985 invidiosissimum
1355 1945 1442 1985 τοὺς
1471 1945 1532 1984 ἐπὶ
1560 1946 1627 1983 τοῦ
1649 1943 1822 1994 πολέμου

314 2004 578 2044 διασωθέντας
599 2004 820 2042 ἀπολλύναι
843 2003 904 2041 ἐπὶ
924 2005 990 2051 τῆς
1011 2001 1172 2052 εἰρήνης.
1234 2000 1483 2041 SCHAEF.

367 2072 463 2113 371,
488 2073 547 2098 11.
580 2063 789 2108 τηλικαῦτα
816 2059 878 2097 καὶ
904 2058 1075 2111 τοιαῦτα]
1105 2057 1263 2103 Malim,
1287 2057 1320 2095 si
1348 2071 1451 2109 opus
1474 2056 1527 2096 sit
1551 2055 1820 2103 correctione,

314 2118 521 2166 τηλικαῦτα
558 2116 619 2154 καὶ
654 2118 836 2160 τοσαῦτα,
871 2128 976 2168 quae
1012 2113 1250 2166 saepissime
1286 2112 1452 2166 quidem
1491 2111 1819 2165 conjunguntur:

312 2171 373 2212 uti
405 2171 512 2211 infra
542 2185 582 2224 p.
605 2172 700 2223 378,
729 2184 791 2223 19.
829 2171 1026 2209 τοσούτων
1058 2170 1119 2209 καὶ
1149 2170 1386 2219 τηλικούτων
1417 2168 1658 2218 ἀδικημάτων
1688 2170 1821 2208 αἴτιος.

315 2232 357 2268 et
378 2243 418 2281 p.
441 2239 535 2280 379,
566 2240 626 2279 13.
661 2228 723 2266 ἐπὶ
744 2229 916 2265 τοσαῦτα
945 2227 1005 2265 καὶ
1026 2228 1233 2274 τηλικαῦτα
1255 2224 1394 2276 ἀγαθά.
1448 2224 1515 2264 Ita
1536 2223 1643 2263 infra
1664 2238 1703 2276 p.
1724 2224 1820 2272 448,

317 2297 339 2325 2
343 2295 382 2336 5.
417 2285 561 2322 τούτων
588 2282 714 2330 οὐδὲν,
737 2283 934 2321 τοσούτων
957 2282 1018 2321 καὶ
1044 2282 1278 2331 τηλικούτων
1304 2282 1440 2320 ὄντων.
1467 2284 1510 2320 et
1531 2279 1628 2321 alibi
1650 2280 1819 2333 passim.

318 2339 399 2379 Sed
432 2343 475 2378 et
504 2337 813 2392 conjunguntur
846 2351 1009 2390 quoque
1039 2340 1247 2387 τηλικαῦτα
1278 2337 1338 2376 καὶ
1368 2339 1536 2384 τοιαῦτα,
1567 2340 1614 2376 ut
1645 2335 1822 2388 exempli

317 2409 464 2435 caussa
485 2409 522 2447 p.
546 2406 641 2447 355,
667 2407 702 2436 2.
765 2393 1024 2432 TAYLOR.

373 2464 470 2504 371,
496 2463 557 2499 14.
589 2451 710 2500 λόγου
735 2448 887 2502 τυχεῖν]
923 2453 946 2470 “
971 2449 1067 2488 lVas
1098 2448 1269 2488 allowed
1300 2452 1345 2487 to
1376 2448 1544 2501 speak,”
1568 2447 1592 2486 i.
1612 2462 1646 2487 e.
1673 2448 1727 2501 by
1758 2446 1823 2486 his

315 2506 619 2552 ambassadors,
643 2520 690 2545 or
713 2519 793 2558 any
814 2505 860 2544 of
884 2505 957 2544 the
981 2504 1259 2545 Macedonian
1285 2508 1407 2557 party
1429 2503 1470 2542 in
1493 2504 1672 2543 Athens.
1733 2503 1822 2543 The

318 2563 438 2616 spirit
458 2562 503 2601 of
519 2561 706 2614 hostility
727 2560 891 2615 against
914 2560 1052 2614 Philip
1074 2561 1157 2600 had
1181 2561 1286 2600 been
1308 2574 1353 2599 so
1374 2574 1611 2607 rancorous,
1633 2560 1729 2599 that
1750 2559 1823 2599 the

317 2624 502 2659 extreme
530 2621 652 2671 party
678 2618 761 2657 had
790 2617 1038 2657 threatened
1066 2621 1110 2657 to
1138 2616 1327 2670 impeach
1352 2630 1432 2669 any
1453 2631 1530 2656 one
1552 2616 1643 2655 who
1674 2614 1821 2654 should

315 2689 493 2729 propose
520 2678 565 2714 to
593 2688 699 2727 open
726 2688 751 2713 a
779 2672 1037 2726 negotiation
1063 2673 1127 2712 for
1153 2686 1290 2725 peace,
1313 2672 1396 2712 and
1417 2672 1533 2711 when
1561 2671 1822 2711 Philocrates

317 2732 409 2770 first
426 2730 627 2770 ventured
648 2734 693 2769 to
710 2729 808 2769 take
829 2729 913 2768 this
935 2733 1026 2781 step
1047 2729 1099 2768 he
1120 2728 1299 2781 actually
1314 2742 1395 2767 was
1416 2727 1657 2780 impeached
1677 2727 1731 2780 by
1745 2740 1822 2765 one

322 2786 512 2839 Lyeinus,
545 2786 628 2825 and
662 2785 866 2824 defended
900 2785 954 2838 by
988 2784 1303 2831 Demosthenes,
1336 2784 1416 2823 and
1448 2782 1676 2836 acquitted.
1744 2781 1822 2821 See

321 2841 518 2881 Aeschin.
540 2856 579 2893 p.
604 2853 667 2893 29,
691 2854 757 2893 30.
782 2840 843 2880 St.
868 2841 1124 2893 (196——203.
1148 2840 1218 2889 R.)
1282 2839 1593 2879 SHILLETO.

373 2908 468 2949 371,
499 2909 558 2948 15.
594 2900 803 2947 Κτησιφῶν
826 2898 886 2935 καὶ
907 2896 1202 2948 Ἀριστόδημος]
1234 2895 1286 2934 V.
1308 2895 1361 2934 ad
1382 2910 1421 2947 p.
1442 2908 1538 2947 344,
1564 2907 1627 2934 21.

377 2953 445 3000 τὴν
486 2952 609 3002 ἀρχὴν
649 2952 718 3000 τὴν
757 2951 926 3004 πρώτην]
971 2952 1040 3000 τὴν
1081 2951 1205 3002 ἀρχὴν
1245 2951 1445 2990 omittunt
1489 2949 1581 2988 libri
1623 2946 1818 2986 nonnulli.
