1934 3179
281 128 365 166 584
688 123 767 163 DE
802 123 997 163 FALSA
1031 122 1390 163 LEGATIONE.

337 240 433 281 439,
459 229 524 267 26.
557 227 654 267 εἶναι
684 226 752 267 τὸν
783 225 1066 279 Φίλιππον-]
1105 224 1223 265 Oonf.
1245 224 1443 264 Aeschin.
1469 239 1508 277 p.
1531 237 1599 278 33,
1620 236 1687 278 33,
1710 228 1790 264 ete.

282 300 319 337 p.
342 296 410 336 34,
433 295 500 334 42.
546 283 717 323 DOBR.

337 352 438 390 440,
462 353 496 379 I.
529 339 637 379 ἔστιν
664 339 963 390 ofin—elusim]
1007 336 1123 376 Idem
1155 340 1219 376 est
1250 350 1299 377 ac
1330 337 1363 376 Si
1394 335 1593 375 dixisset:
1629 337 1797 388 ἐγχωρεῖ

283 395 352 435 τὸν
379 397 509 435 ἐκεῖνα
538 395 791 446 προειρηκότα
823 396 906 441 νῦν,
927 392 996 432 τὸν
1026 392 1143 432 αὐτὸν
1168 395 1318 439 τοῦτον,
1347 394 1467 432 ταῦτα
1499 393 1622 431 εἰπεῖν
1642 391 1693 442 μὴ
1721 394 1793 431 διε-

283 450 529 503 φθαρμένους
564 450 743 490 Pessime
761 448 859 501 fieri
884 454 942 496 ut,
968 448 1038 501 qui
1068 447 1144 488 ista
1171 449 1354 500 superius
1379 447 1507 487 relata
1528 447 1681 487 dudum
1705 452 1795 487 ante

282 507 447 554 dixerit,
477 520 581 546 mmo
611 506 744 552 istaec,
771 503 855 543 illis
881 517 1049 557 prorsus
1079 503 1297 552 contraria,
1326 504 1450 552 dicat,
1476 502 1558 543 nisi
1585 509 1794 557 corruptus

284 561 563 616 lam'itz'om'becs
582 561 744 601 interim
754 560 901 613 fuisset
916 562 935 599 ,9
977 559 1173 599 REISK.

339 631 436 669 440,
459 631 519 656 11.
541 617 651 670 ὑμᾶς]
683 617 712 656 J
717 616 856 655 udices
874 615 1000 655 dicit:
1031 615 1142 668 quod
1163 629 1246 654 non
1268 614 1625 655 animadverterat
1643 614 1795 654 Sohae—

282 674 408 723 ferus,
431 673 499 727 qui
523 673 759 727 proximum
782 672 840 711 καὶ
863 670 990 711 deleri
1013 671 1192 711 volebat.
1256 670 1426 710 Monuit
1448 670 1635 711 Shilleto.

339 743 436 781 440,
456 731 518 769 16.
551 728 640 769 ἀλλ’
666 730 762 779 ὑπὲρ
791 729 906 767 αὑτοῦ
938 727 1101 777 κλαήσει
1128 744 1160 766 κ.
1179 744 1212 766 τ.
1230 727 1288 779 λ.]
1329 726 1528 766 Fortasse
1562 727 1684 779 hujus
1716 725 1795 765 loci

284 800 443 826 memor
463 789 555 825 erat
578 785 761 824 Thomas
786 784 861 831 M„
880 798 973 823 011111
994 783 1096 823 haec
1118 782 1319 822 scriberet
1339 797 1378 835 p.
1400 784 1507 836 536:
1541 783 1797 832 Δημοσθένης

286 844 329 881 ἐν
349 843 400 896 τῷ
422 842 508 892 περὶ
529 841 861 892 παραπρεσβείας·
897 840 959 879 καὶ
980 842 1027 878 τὰ
1048 841 1181 878 παιδία
1202 838 1427 888 κλαήσεται.
1475 838 1654 878 Photius
1676 841 1796 877 Κλαί-

284 898 385 947 ήσει,
410 897 430 937 ὃ
451 899 559 948 ἡμεῖς
581 898 743 936 κλαύσει
763 896 946 946 λέγομεν.
989 894 1241 935 SCHAEF.

341 966 438 1003 440,
460 966 520 1005 17.
543 952 719 1005 παράξει]
755 958 777 974 “
793 952 923 1006 Bring
942 951 1162 990 forwa1·d.”
1223 951 1311 990 The
1339 964 1454 990 more
1482 949 1599 989 usual
1621 949 1736 989 word
1761 948 1797 988 is

285 1009 575 1060 παραστήσεται
604 1008 710 1047 Μί11.
740 1023 780 1061 p.
803 1009 899 1061 546.
925 1009 962 1059 ξ.
988 1011 1075 1049 126.
1137 1008 1224 1046 For
1259 1007 1332 1047 the
1368 1011 1530 1046 custom
1572 1020 1639 1046 see
1675 1005 1798 1045 Butt-

285 1066 445 1105 mann's
466 1069 577 1109 note,
599 1064 681 1104 and
704 1064 776 1104 the
797 1068 907 1103 most
929 1063 1046 1116 witty
1068 1063 1227 1116 parody
1248 1062 1289 1101 in
1313 1062 1445 1102 Arist.
1462 1062 1592 1115 Vesp.
1611 1063 1693 1113 076
1715 1061 1797 1101 foll.

288 1122 433 1174 Comp.
457 1121 544 1160 0180
564 1122 647 1174 568
667 1120 749 1159 foll.
812 1119 1040 1158 Aeschines
1062 1119 1146 1158 had
1167 1124 1249 1158 two
1271 1133 1367 1158 sens
1388 1118 1471 1158 and
1493 1132 1571 1157 one
1592 1118 1800 1172 daughter

290 1192 331 1230 p.
354 1181 422 1227 48.
447 1177 650 1230 St.=316
675 1176 724 1215 R.
769 1175 1080 1215 SHILLETO.

344 1245 441 1284 440,
467 1246 530 1272 21.
553 1234 724 1272 ἀλῶνται
747 1232 808 1271 καὶ
829 1232 977 1283 πτωχοὶ
997 1229 1285 1283 περιέρχονται]
1320 1230 1497 1270 Poterat
1516 1229 1682 1269 brevius
1703 1246 1801 1269 πτω-

288 1290 353 1341 χοὶ
384 1290 567 1328 ἀλῶνται.
619 1287 846 1341 Sophocles
870 1287 972 1327 0011.
996 1286 1082 1326 Col.
1104 1300 1200 1337 444.
1222 1287 1378 1338 πτωχὸς
1397 1286 1556 1336 ἠλώμην
1578 1287 1666 1337 ἐγώ.
1729 1285 1802 1325 So-

288 1345 420 1384 lennis
441 1349 582 1384 autem
604 1343 843 1396 conjunctio
866 1347 930 1383 est
951 1343 1102 1382 harum
1122 1342 1352 1382 notionum.
1414 1341 1531 1381 Idem
1552 1344 1678 1395 poeta
1701 1341 1801 1381 ibid.

289 1403 462 1454 p.1363.
479 1415 510 1440 8.
535 1401 735 1450 ἀλώμενος
756 1400 904 1441 ἄλλους
925 1401 1067 1438 ἐπαιτῶ
1088 1398 1158 1438 τὸν
1176 1397 1256 1438 καθ’
1271 1398 1418 1449 ἡμέραν
1438 1399 1542 1447 βίον.
1587 1397 1688 1438 Oed.
1704 1397 1803 1451 Tyr.

293 1459 416 1510 1506.
438 1459 594 1508 πτωχὰς
616 1456 829 1506 ἀνάνδρους
852 1456 1027 1505 ἐγγενεῖς
1049 1454 1269 1504 ἀλωμένας.
1314 1454 1575 1493 SCHAEF.

348 1526 445 1563 440,
474 1525 539 1553 22.
574 1514 663 1561 ὑμῖν
694 1512 820 1563 ἄξιον]
870 1510 1025 1563 Ecquis
1056 1510 1241 1550 tironum
1272 1525 1354 1549 11011
1390 1509 1624 1549 meminerit
1660 1509 1803 1549 Xeno—

294 1568 466 1622 phontei
498 1569 674 1607 Memor.
697 1567 751 1606 in.
778 1568 828 1608 ὡς
859 1567 963 1615 ἄξιος
999 1569 1056 1616 εἴη
1090 1566 1257 1605 θανάτου
1293 1569 1336 1620 τῇ
1369 1567 1509 1606 πόλειὲ
1552 1566 1605 1604 V.
1633 1565 1688 1604 ad
1716 1565 1802 1605 11.1.

291 1628 392 1664 nota
406 1623 643 1663 Heindorfii
665 1623 706 1661 in
724 1622 824 1662 edit.
845 1622 1084 1661 Schneider.
1102 1621 1272 1661 citantis
1288 1622 1523 1661 Pol-sonum
1543 1622 1596 1661 ad
1615 1621 1803 1674 Euripid.

294 1680 458 1720 Hecub.
474 1693 494 1731 3
508 1693 570 1733 13.
615 1678 713 1718 Α110
730 1693 805 1732 ego
823 1678 917 1717 dedi
935 1677 976 1716 in
995 1678 1051 1716 Η.
1069 1677 1271 1730 Stephani
1287 1678 1515 1717 Thesauro.
1544 1678 1803 1717 SCHAEF.

349 1749 448 1785 440,
464 1737 530 1774 26.
553 1739 630 1774 τῶν
653 1735 839 1787 ἐλπίδων]
871 1733 1004 1773 Scilic.
1025 1734 1335 1787 recuperandae
1356 1733 1580 1788 aliquando
1601 1733 1804 1787 pristinae

294 1791 513 1846 dignitatis
534 1795 578 1831 et
598 1790 825 1844 potentiae.
869 1790 1128 1829 SCHAEF.

350 1862 449 1898 440,
473 1858 538 1898 27.
567 1848 625 1886 ὅτι
649 1850 717 1886 νῦν
739 1847 849 1898 ἔχετε
872 1863 905 1885 κ.
928 1862 960 1885 τ.
982 1844 1042 1899 λ.]
1077 1845 1237 1899 Repete
1268 1845 1397 1885 tacite
1426 1860 1447 1885 e
1469 1860 1588 1885 versu
1611 1846 1673 1885 18.
1697 1847 1806 1885 ἐνθυ-

293 1907 446 1954 μεῖσθε.
489 1902 683 1942 REISK.

351 1958 482 2012 ἔχετε]
526 1959 596 1998 Ad
634 1959 746 2010 ἔχετε
783 1957 958 1997 subaudi
991 1958 1230 2010 ὑποχείριον.
1284 1957 1482 2011 Cogitate
1513 1971 1584 1996 vos
1620 1971 1728 1996 nunc
1763 1957 1806 1996 in

294 2019 507 2068 potestate
528 2019 668 2055 vestra
699 2014 852 2053 habere
884 2013 1093 2053 hominem
1124 2013 1347 2067 impurum,
1371 2012 1710 2061 consceleratum,
1734 2013 1808 2053 sed

293 2071 561 2124 versipellem,
584 2070 701 2122 cujus
723 2069 903 2109 orationi
936 2070 1104 2109 credere
1131 2070 1184 2109 ab
1209 2070 1380 2122 ejusque
1410 2068 1602 2115 lacrimis,
1625 2069 1807 2109 crocodi-

294 2126 388 2166 linis
410 2141 557 2180 nempe
579 2126 671 2173 illis,
694 2126 748 2165 ad
768 2125 1096 2165 misericordiam
1117 2125 1229 2165 flecti
1251 2127 1366 2165 nefas
1388 2124 1456 2164 sit.
1498 2124 1694 2164 REISK.

350 2196 447 2234 441,
473 2195 509 2222 2.
542 2184 632 2234 ἄχρι
662 2185 728 2221 τοῦ
759 2181 947 2234 βήματος]
981 2181 1195 2235 “Coming
1224 2196 1279 2234 up
1305 2181 1446 2220 hither
1481 2195 1527 2220 as
1561 2181 1626 2220 far
1656 2195 1702 2220 08
1734 2181 1807 2221 1110

294 2239 529 2292 Ῑ)1011’01’111.”
589 2238 676 2277 Α1·0
698 2251 756 2275 we
778 2242 822 2276 to
844 2237 950 2276 infer
971 2237 1077 2277 from
1098 2237 1183 2276 this
1204 2237 1300 2277 that
1321 2237 1393 2277 the
1414 2240 1544 2288 ψῆφοι
1562 2251 1667 2276 were
1687 2237 1808 2291 given

293 2295 439 2335 there?
499 2294 660 2333 Anecd.
684 2292 815 2332 Bekk.
842 2305 934 2343 219,
960 2294 1026 2333 28.
1052 2296 1173 2343 βῆμα.
1221 2294 1389 2333 πλείονα
1422 2293 1602 2342 σημαίνει
1637 2294 1805 2332 κοινότε-

293 2367 377 2402 ρον.
430 2350 514 2389 ἔστι
539 2350 580 2388 δὲ
607 2350 703 2388 οὕτω
735 2365 815 2390 πως
847 2349 908 2388 καὶ
936 2348 978 2387 τὸ
1010 2354 1170 2400 λογεῖον
1193 2349 1423 2402 (pulpitum
1443 2348 1484 2387 in
1506 2348 1580 2388 the
1602 2349 1805 2399 Theatre)

296 2408 428 2456 ὥσπερ
451 2406 512 2444 καὶ
540 2404 583 2444 τὸ
609 2406 652 2444 ἐν
672 2405 717 2458 τῇ
741 2405 927 2456 ἐκκλησίᾳ
956 2405 1018 2443 καὶ
1044 2404 1092 2443 τὸ
1124 2406 1171 2444 ἐν
1199 2406 1525 2455 δικαστηρίοις.
1588 2404 1677 2444 The
1700 2407 1808 2454 βῆμα

295 2462 337 2501 111
368 2462 441 2501 the
470 2459 716 2510 δικαστήριον
736 2459 769 2498 is
800 2459 1040 2499 mentioned
1071 2460 1125 2513 by
1147 2460 1281 2500 Arist.
1304 2460 1530 2500 Ecclesiaz.
1555 2462 1649 2512 677.
1672 2460 1807 2500 where

296 2517 424 2557 801101.
442 2517 543 2556 Rav.
566 2518 586 2555 ὁ
608 2517 715 2556 λίθος
740 2517 782 2554 ἐν
804 2516 854 2570 τῷ
876 2517 1117 2569 δικαστηρίῳ.
1160 2515 1292 2556 Arist.
1309 2516 1494 2557 Acharn.
1510 2518 1604 2569 683.
1627 2517 1808 2567 τονθορύ-

296 2581 427 2622 ζοντες
447 2574 489 2612 δὲ
510 2572 608 2625 γήρα
628 2574 679 2625 τῷ
701 2572 799 2625 λίθῳ
822 2571 1109 2622 προσέσταμεν.
1153 2572 1464 2612 SHILLETO.

352 2642 448 2679 441,
471 2641 510 2677 4.
534 2628 602 2676 τὴν
623 2628 738 2666 ὁσίαν
760 2627 822 2666 καὶ
845 2627 914 2676 τὴν
935 2629 1086 2667 δικαίαν
1106 2630 1262 2682 ψῆφον]
1298 2629 1493 2668 Alterum
1513 2628 1583 2677 τὴν
1605 2627 1807 2667 omittunt

297 2684 392 2725 libri
423 2683 491 2724 0111
522 2687 570 2723 ut
600 2698 640 2736 p.
671 2683 766 2735 587,
793 2695 828 2724 2.
860 2682 930 2722 ubi
959 2683 1041 2723 duo
1078 2688 1244 2723 tantum
1278 2684 1483 2724 inferioris
1519 2683 1676 2723 ordinis
1713 2683 1807 2723 libri

298 2741 467 2781 habent.

353 2809 450 2847 441,
475 2797 512 2834 8.
545 2794 731 2845 ἐξαίφνης
752 2795 802 2835 ὡς
819 2795 888 2847 -]
929 2800 951 2815 “
968 2795 1030 2833 Α8
1052 2809 1152 2834 soon
1178 2809 1223 2835 as
1252 2796 1304 2835 he
1331 2796 1415 2835 had
1437 2795 1615 2836 trodden
1637 2809 1690 2835 on
1715 2795 1806 2834 Ma-

299 2851 499 2892 cedonian
520 2850 728 2904 g1·ound.'’
781 2850 911 2889 Debr.
930 2864 1143 2903 compares
1166 2851 1365 2891 Aeschin.
1384 2866 1423 2904 p.
1440 2852 1506 2902 48.
1528 2851 1643 2891 St:
1655 2860 1734 2904 317
1756 2850 1805 2889 Β.
