1934 3179
284 137 368 175 544
676 136 758 175 DE
792 135 996 175 FALSA
1029 133 1411 174 LEGATIONE.

342 240 438 294 398,
466 253 529 280 11.
564 241 914 290 ἐπανορθώσασθαι
939 239 1009 289 τὴν
1040 237 1215 291 εἰρήνην]
1252 236 1413 277 Eadem
1444 236 1597 277 locutio
1619 238 1686 277 De
1707 237 1797 278 Ha-

287 296 398 336 lonn.
421 311 460 350 p.
486 298 550 345 81,
580 310 612 335 1
674 296 850 336 DOBR.

343 353 439 405 398,
468 365 529 405 13.
558 355 626 392 νῦν
648 351 676 391 δ’
684 349 995 403 -ψευδόμενος]
1025 349 1313 402 Hermogenes
1335 363 1374 402 p.
1395 349 1485 388 180.
1516 350 1666 400 γίνεται
1693 349 1733 389 δὲ
1757 349 1799 401 (ἡ

286 409 482 459 περίοδος)
508 409 569 447 καὶ
587 409 627 447 ἐκ
649 409 875 456 συμπλοκης
891 407 956 445 δύο
975 404 1230 455 ἀδικημάτων.
1263 406 1358 444 οἷον·
1393 407 1460 444 νῦν
1477 404 1567 452 δὲ,
1550 422 1574 443 α
1594 405 1667 453 μὲν
1682 405 1799 444 πλεύ-

288 481 409 503 σασιν
441 464 488 513 ἦν
519 464 668 510 σωζειν,
691 463 864 512 βαδίζειν
896 462 1065 500 κελεύων
1095 459 1350 500 ἀπολώλεκεν
1380 461 1505 509 οὗτος,
1532 460 1557 500 ὰ
1587 459 1618 499 δ’
1647 461 1801 500 εἰποῦσι

287 520 449 569 ταληθη,
475 521 726 570 ψευδόμενος.
788 517 983 556 REISK.

343 576 440 628 398,
470 587 530 625 ις.
552 572 997 626 πλεύσασι-βαδίζειν]
1021 572 1075 612 V
1099 572 1152 612 ad
1175 587 1214 626 p.
1237 573 1380 625 393,8
1389 602 1396 609 .

344 629 842 684 398,16.ἀγαιακτησει
876 629 1229 669 τοίνυν-εὐθύνας
1259 628 1407 699 ὑφέξει]
1442 627 1729 681 Hermogenes
1759 642 1799 681 p.

293 700 305 725 Ι
316 700 383 755 39
415 687 543 725 λείπει
565 687 605 724 δὲ
627 685 819 726 πολλάκις
839 685 861 734 ἡ
883 685 1068 735 πρότασις
1093 684 1207 723 οὐδὲν
1227 684 1464 732 βλάπτουσα
1491 684 1561 732 τὴν
1580 683 1799 735 ὑποφοράν.

288 743 431 791 κόσμος
452 741 525 793 γάρ
553 758 637 781 εστι
666 744 733 780 τοῦ
758 739 881 792 λόγου
913 740 974 779 καὶ
1000 739 1125 779 πλέον
1152 740 1264 779 οὐδὲν
1289 739 1492 781 πολλάκις.
1528 738 1609 778 ἔσθ
1632 740 1697 778 ὅτε
1726 741 1802 790 γὰρ

289 815 350 837 και
379 799 539 848 θεωρίας
567 798 798 848 ενδείγματα
826 797 1038 845 καλλίστης
1066 797 1344 846 ἐμφανίζουσιν
1368 796 1392 844 ἤ
1418 812 1460 834 τε
1487 796 1673 845 πρότασις
1698 795 1759 834 καὶ
1779 796 1802 844 ἡ

288 854 574 904 ἀντιπρότασις,
600 855 633 892 εἰ
665 856 731 902 τῆς
763 853 965 902 ἑρμηνείας
996 855 1075 892 τοῖς
1106 853 1272 900 ὀνόμασι
1303 851 1579 902 προσέχοιμεν,
1603 852 1642 900 ἐξ
1673 852 1726 890 ὧν
1757 851 1802 890 τὸ

289 909 388 950 εἶδος
422 912 486 958 τῆς
519 910 720 959 ὑποφορᾶς
751 909 852 949 ὅπως
879 909 1100 957 διασύρεται
1127 908 1187 946 καὶ
1214 908 1406 946 δείκνυται
1438 910 1670 957 θεωροῦμεν.
1702 907 1800 945 οἷον·

289 964 553 1016 ἀγανακτήσει
573 966 705 1003 τοίνυν
727 964 861 1003 αὐτίκα
883 963 927 1012 δη
948 963 1066 1012 μάλα,
1091 964 1140 1004 ὡς
1162 963 1237 1013 εγὼ
1259 963 1511 1012 πυνθάνομαι,
1536 964 1569 1001 εἰ
1589 963 1707 1012 μόνος
1727 965 1803 1001 τῶν

288 1037 330 1059 εν
351 1023 401 1074 τῷ
425 1020 528 1073 δημῳ
546 1021 746 1071 λεγόντων
770 1019 831 1070 (in
850 1019 1005 1058 Aldina
1023 1018 1175 1072 legitur
1191 1022 1267 1057 τῶν
1285 1020 1452 1058 ἐνταῦθα
1467 1017 1800 1069 πολιτευομένων)

288 1078 420 1128 λόγων
448 1077 607 1118 εὐθύνας
633 1075 782 1145 ὑφέξει.
818 1077 851 1114 εἰ
881 1077 953 1124 μὲν
981 1077 1055 1125 γὰρ
1084 1075 1212 1125 ἔλεγε·
1246 1074 1488 1123 πυνθάνομαι
1515 1075 1645 1113 τοίνυν
1672 1073 1801 1118 αὐτὸν,

288 1132 525 1183 περιάγοντα
558 1134 653 1171 κατὰ
683 1149 751 1181 την
781 1133 943 1182 ἀγοραν
966 1129 1099 1181 λέγειν
1128 1130 1151 1169 ἃ
1182 1131 1243 1169 καὶ
1266 1134 1334 1169 νῦν
1366 1147 1458 1171 ισως
1485 1129 1580 1179 πρὸς
1606 1130 1701 1178 ὑμᾶς
1726 1130 1808 1179 ερεῖ

289 1189 532 1239 ἀγανακτῶν,
552 1205 585 1227 ει
601 1189 674 1238 μόι
677 1205 719 1229 ος
739 1204 814 1226 των
837 1204 880 1226 εν
901 1188 952 1240 τῷ
975 1187 1077 1239 ὃημῳ
1099 1187 1299 1237 λεγόντων
1320 1187 1452 1236 λόγων
1474 1185 1635 1226 εὐθύνας
1655 1185 1801 1235 ὑφέξει·

288 1247 385 1293 μετὰ
407 1245 632 1295 προτάσεως
655 1245 789 1283 ἔκειτο.
824 1244 866 1282 ἐν
888 1244 945 1284 οἶς
967 1259 1042 1293 γαρ
1063 1243 1200 1293 λόγοις
1222 1242 1455 1290 ἐλπίζεται“
1439 1259 1461 1291 71
1482 1242 1675 1311 ὑποφορὰ,
1692 1241 1805 1279 τοῦτό

289 1301 397 1339 ἐστιν
418 1301 439 1349 ἡ
461 1301 658 1351 πρότασις.
691 1300 734 1338 τὸ
756 1300 797 1339 δε
823 1298 958 1350 λέγειν
986 1299 1043 1337 ὅτι
1070 1298 1333 1349 ἀγανακτησει
1361 1300 1440 1344 νῦν,
1464 1299 1498 1336 εἰ
1525 1297 1644 1346 μόνος
1665 1299 1741 1336 τῶν
1762 1297 1806 1335 ἐν

288 1358 340 1409 τῷ
371 1356 474 1409 δημῳ
507 1358 707 1407 λεγόντων
738 1356 871 1406 λόγων
905 1355 1065 1396 εὐθύνας
1095 1352 1246 1405 ὑφέξει,
1270 1353 1383 1392 τοῦτο’
1418 1354 1527 1392 ἐστιν
1557 1353 1579 1402 ἡ
1609 1351 1802 1404 ὑποφορά.

293 1411 487 1451 REISK.

348 1469 445 1519 398,
477 1480 536 1515 17.
560 1469 692 1519 λόγων
715 1467 890 1520 εὐθύνας]
914 1466 1030 1506 Conf.
1054 1465 1249 1505 Aeschin.
1271 1480 1309 1519 p.
1332 1476 1400 1518 52,
1424 1478 1464 1518 9.
1529 1464 1700 1504 DOBR.

346 1525 442 1575 398,
472 1525 532 1562 18.
568 1525 643 1574 ἐγὼ
671 1522 1022 1575 δ’-παραλείψω]
1060 1522 1313 1561 scholiastes
1336 1521 1618 1575 Hermogenis
1644 1536 1683 1575 p.
1713 1530 1802 1574 154,

289 1593 357 1632 39.
389 1580 570 1631 τεχνικὸν
592 1581 632 1618 δὲ
659 1579 701 1618 τὸ
724 1579 964 1628 συμπλέκειν
987 1579 1046 1617 καὶ
1074 1577 1327 1628 συνεισάγειν
1354 1578 1397 1616 τὸ
1426 1578 1602 1628 ἔγκλημα
1626 1578 1670 1627 τῇ
1691 1593 1805 1627 μετα-

291 1634 428 1685 λήψει,
452 1633 503 1676 ὠς
524 1636 585 1674 καὶ
608 1636 627 1673 ὁ
652 1634 907 1685 Δημοσθένης
930 1635 973 1673 ἐν
994 1636 1045 1686 τῷ
1068 1634 1389 1683 παραπρεσβείας
1414 1634 1610 1680 πεποίηκε.
1643 1635 1711 1672 τοῦ
1730 1634 1805 1683 γὰρ

294 1691 485 1742 Αἰσχίνου
505 1691 705 1742 λέγοντος·
739 1690 866 1739 ἔξεστι
892 1689 1025 1741 λέγειν
1053 1689 1076 1728 ἃ
1102 1689 1296 1738 βούλεταί
1324 1705 1393 1733 τις,
1418 1689 1477 1727 καὶ
1504 1687 1554 1728 ὦς
1581 1688 1625 1727 οὐ
1650 1691 1712 1727 δεῖ
1738 1690 1805 1727 λό-

292 1763 374 1797 γων
408 1747 565 1788 εὐθύνας
599 1746 772 1798 ὑπέχειν“
806 1745 943 1796 ἐπάγει
973 1745 1042 1793 τὴν
1074 1747 1299 1795 μετάληψιν
1329 1745 1349 1782 ὁ
1384 1743 1519 1794 ῥήτωρ·
1560 1744 1636 1794 ἐγὼ
1669 1744 1723 1789 δὲ,
1747 1744 1806 1782 ὅτι

292 1802 434 1843 πάντες
456 1802 503 1841 ἂν
533 1803 686 1843 εἰκότως
713 1803 766 1840 ὧν
791 1800 979 1850 λέγουσιν
1008 1800 1193 1852 ὑπέχοιεν
1226 1800 1399 1845 εὐθύνας,
1425 1801 1530 1850 εἵπερ
1558 1798 1614 1838 ἐπ’
1638 1800 1804 1852 ἀργυρίῳ

293 1874 328 1897 τι
348 1857 520 1908 λέγοιεν,
546 1857 662 1897 ἐάσω.
723 1856 919 1896 REISK.

350 1914 446 1967 398,
472 1926 535 1965 24.
558 1913 789 1966 ἀνάσχησθε
811 1912 931 1965 ὡς-]
956 1912 988 1951 Ι.
1012 1926 1045 1951 e.
1068 1912 1299 1963 ἀνάσχησθε
1320 1910 1507 1962 λέγοντος
1527 1909 1643 1952 ὦς-.
1688 1909 1805 1950 Conf.

295 1969 407 2009 Bosii
428 1970 570 2023 ElliPS.
593 1985 631 2023 p.
656 1971 732 2020 246
757 1984 787 2008 s.
823 1968 1074 2009 SGHAEF.
1126 1967 1348 2006 Demosth.
1371 1981 1411 2020 p.
1430 1979 1524 2018 990,
1550 1967 1615 2006 26.
1650 1967 1709 2006 ὅτι
1730 1967 1805 2005 τοί-

295 2043 364 2065 νυν
403 2025 480 2065 οὐδ’
513 2025 745 2078 ἀνάσχοισθ’
784 2025 832 2065 ἂν
869 2025 992 2064 αὐτῶν
1030 2024 1185 2065 εἰκότως
1221 2023 1333 2062 οὐδὲν
1367 2023 1454 2073 περὶ
1490 2025 1554 2072 τῆς
1588 2024 1805 2073 ἐπιτροπῆς.

295 2081 466 2121 DOBh.

350 2151 445 2208 399,
470 2139 507 2177 6.
535 2138 591 2179 οἶς
613 2137 685 2189 γάρ
709 2139 817 2176 ἐστιν
840 2155 871 2176 κ.
893 2154 924 2176 τ.
948 2143 986 2176 λ.
994 2136 1010 2190 ]
1044 2137 1333 2189 Helmogenes
1358 2149 1397 2188 p.
1425 2147 1519 2205 1442
1548 2151 1609 2174 και
1630 2151 1704 2185 γαρ
1728 2138 1806 2181 Δη-

293 2193 442 2243 μοσθει
445 2211 486 2243 ης
514 2210 556 2233 εν
582 2195 632 2247 τῷ
659 2193 746 2243 περὶ
776 2193 1107 2243 παραπρεσβείας,
1131 2192 1334 2232 ενεύθυνός
1364 2192 1473 2230 ἐστιν
1502 2191 1522 2229 ὁ
1548 2189 1803 2240 πρεσβευτης,

295 2249 430 2299 φησὶν,
457 2248 646 2298 (leeitavi
668 2249 806 2295 v·e1ba,
830 2252 876 2287 ut
902 2247 1163 2287 emendanda
1195 2246 1295 2286 mihi
1317 2246 1543 2297 videntur.)
1568 2246 1630 2285 ἐπὶ
1658 2246 1804 2296 λόγοις,

295 2303 385 2343 ἀλλ
414 2305 480 2343 οὐκ
507 2305 729 2345 ἀνεύθυνος
770 2305 831 2342 καὶ
858 2308 1010 2354 πρῶτον
1035 2302 1207 2353 (seilicet
1236 2303 1461 2354 ἐγχείρημα,
1493 2302 1802 2363 argumentum)

296 2360 445 2407 ἔλαβεν
467 2360 542 2398 ἀπὸ
569 2363 637 2398 τοῦ
638 2359 903 2429 πράγματος·
934 2360 1046 2398 οὐδὲν
1074 2361 1148 2409 γὰρ
1177 2374 1334 2408 πραγμα
1363 2359 1588 2402 ἀνεύθυνον,
1612 2361 1639 2395 ὡ
1666 2357 1806 2407 πρόσε-

296 2431 383 2454 στιν
407 2416 583 2465 ἀδίκημα.
619 2414 701 2453 εἶτα
734 2414 809 2453 ἀπὸ
837 2418 903 2453 τοῦ
933 2415 1153 2462 προσώπου·
1186 2415 1244 2451 ὅτι
1269 2413 1330 2451 καὶ
1354 2412 1476 2463 ῥήτωρ
1503 2413 1711 2452 ἀνεύθυνος
1744 2412 1808 2451 ἐπι

295 2472 429 2521 λόγοις
450 2471 517 2510 οὐκ
546 2471 593 2510 ἂν
622 2473 691 2519 ε’ίη.
725 2471 886 2511 ἕκαστος
914 2472 1001 2521 γὰρ,
1025 2471 1078 2508 ὧν
1107 2470 1189 2508 ἐστι
1219 2469 1356 2518 κύριος,
1379 2469 1524 2507 τούτων
1551 2469 1619 2509 τὰς
1648 2467 1808 2508 εὐθύνας

296 2528 466 2566 δίδωσιν.
501 2527 583 2566 εἶτα
600 2526 675 2565 ἀπὸ
691 2529 758 2565 τοῦ
772 2527 903 2565 τόπου·
936 2527 994 2564 ὅτι
1013 2525 1073 2564 καὶ
1091 2526 1133 2564 ἐν
1151 2527 1380 2576 δημοκρατίᾳ
1397 2524 1520 2566 οὐδεὶς
1534 2524 1743 2564 ἀνεύθυνος
1765 2524 1807 2562 ἐν

295 2584 443 2632 λόγοις.
475 2583 532 2623 οἷς
563 2582 636 2633 γάρ
670 2598 777 2621 εστιν
808 2583 851 2621 ἐν
880 2583 1015 2632 λόγοις
1045 2582 1067 2630 ἡ
1098 2580 1288 2625 πολιτεία,
1311 2583 1402 2625 πῶς,
1426 2579 1475 2618 ἂν
1499 2580 1604 2618 οὑτοι
1628 2596 1680 2629 μη
1710 2577 1808 2618 ὠσιν

296 2639 468 2687 ἀληθεῖς,
490 2639 678 2689 ἀσφαλῶς
701 2639 785 2676 ἐστι
805 2638 1107 2681 πολιτεύεσθαι,
1142 2637 1203 2675 καὶ
1226 2635 1412 2684 καθάπαξ,
1432 2634 1480 2676 (ὃς
1503 2635 1663 2685 ἔφημεν,
1681 2633 1808 2673 πάντα

296 2695 343 2732 τὰ
384 2693 580 2743 κεφάλαια
620 2695 716 2733 οὕτω
755 2693 816 2732 καὶ
852 2691 1243 2740 ἀνασκευασθήσεται
1284 2691 1345 2730 καὶ
1387 2689 1806 2737 κατασκευασθήσεται.

298 2748 491 2788 REISK.

352 2817 448 2857 399,
478 2818 541 2843 ιι.
576 2804 804 2857 πολιτείαις]
838 2805 1016 2844 πολιτεία
1036 2802 1168 2843 which
1188 2802 1396 2857 generally
1418 2801 1598 2856 signifies
1627 2806 1652 2823 “
1669 2814 1696 2840 a
1715 2801 1808 2854 free

295 2859 429 2907 state‚⁵'
451 2859 484 2899 is
506 2859 605 2900 here
626 2859 757 2899 used
748 2875 789 2899 1n
818 2859 873 2899 its
894 2860 1033 2899 fullest
1055 2873 1173 2898 sense
1196 2865 1219 2881 ‘⁶
1237 2857 1511 2898 constitutioffl
1532 2871 1580 2897 or
1603 2856 1745 2909 “form
1765 2856 1817 2907 qs

293 2916 582 2966 qovernment.”
645 2915 809 2967 Leptin.
833 2930 870 2968 p.
893 2918 990 2966 461.
1017 2917 1052 2968 {m
1082 2918 1141 2954 16.
1175 2913 1202 2968 ᾧ
1227 2916 1330 2966 μόνῳ
1351 2915 1499 2964 μείζους
1521 2911 1620 2952 εἰσὶν
1641 2928 1680 2951 αι
1699 2913 1803 2961 παρὰ
