1934 3179
228 109 311 150 386
785 113 900 153 PRO
933 113 1183 154 CORONA.

228 215 297 253 ἐὰν
317 231 367 264 μη
388 217 651 266 ψηφίσηται*
634 234 653 255 ο
677 219 804 266 δημος
823 217 868 257 ἵν’
887 236 909 268 77
931 220 1042 259 πόλις
1063 236 1084 268 77
1105 216 1330 268 βουλομένη
1352 220 1438 257 τινὰ
1458 222 1533 258 τῶν
1548 217 1743 269 ἡμετέρωι

231 274 454 341 στεφανοῦν
484 271 672 322 πρέσβεις
707 272 902 324 πέμψασα
937 275 1063 342 δεηθῗ7
1085 277 1150 313 τοῦ
1183 273 1313 323 ὃημου,
1347 273 1395 313 ἵν’
1417 275 1436 312 ὁ
1469 275 1744 344 κηρυττόμενος

227 328 339 375 μείζω
366 327 481 379 χάριν
502 330 582 381 εἰδῃ
610 333 685 367 τῶν
707 330 860 379 στεφάι
864 347 916 368 ων
937 331 1025 379 ὑμιν
1045 348 1067 379 77
1094 334 1174 370 τοῖς
1199 333 1478 379 στεφανοῦσιν,
1502 331 1560 369 ὅτι
1588 333 1742 381 κηρῦξαι

229 382 484 435 ἐπετρέψατε.
550 384 597 422 In
621 384 880 438 Ctesiphont.
898 400 936 437 p.
951 396 1047 437 437.
1081 384 1327 425 SEAGER.
1350 386 1467 425 Diar.
1487 385 1655 425 Classic.
1672 397 1741 439 53.

230 453 270 491 p.
293 451 362 491 52.
423 439 506 479 Sed
528 440 604 479 hac
628 439 666 478 in
690 440 779 493 lege
806 441 1059 495 intelligendi
1083 442 1274 492 στέφανοι
1296 443 1488 491 δημοτικοὶ
1510 443 1572 481 καὶ
1592 447 1739 480 πολιτι-

230 495 299 541 κοὶ,
338 509 419 534 non
461 496 672 546 ἀλλότριοι.
729 497 845 536 Colis.
880 512 919 550 p.
956 498 1045 544 268,
1080 499 1116 536 6.
1180 499 1490 548 ἀναγορεύεσθαι
1526 497 1742 537 Bekkerus

228 550 344 589 uncis
366 550 543 590 inclusit.
605 552 717 591 Satis
738 557 915 606 apparet
937 552 977 591 in
1000 554 1080 592 fine
1105 553 1205 607 legis
1227 554 1442 593 turbatum
1467 567 1555 592 esse
1573 570 1579 592 :
1614 553 1741 592 omni-

228 621 363 659 noque
402 621 550 660 parum
592 607 628 647 ei
669 608 861 648 convenit
902 623 994 648 eum
1036 609 1170 648 verbis
1211 609 1415 657 Oratoris⁷
1451 624 1555 662 quae
1596 609 1741 649 statim

227 668 469 715 sequuntur.
530 664 725 703 Ceterum
762 664 890 713 ἔξεστι
926 665 1075 718 passivi
1114 665 1319 705 infinitivo
1355 666 1547 719 junctum
1587 665 1741 719 passim

226 719 390 772 legitur.
439 719 690 760 SCHAEF.
761 721 809 759 In
843 722 883 760 S.
910 721 964 760 Y.
992 736 1027 760 v.
1064 736 1138 775 pro
1177 722 1399 763 Διονυσίοις
1436 723 1742 772 ἀναγορεύεσθαι

226 775 378 829 legitur
399 777 606 818 ὃιονυσίοις
623 778 766 826 ἐξειναι
788 781 922 817 εσθαι;
955 778 1063 817 1111116
1082 778 1320 817 Voemelius
1341 778 1621 831 conjecturam
1643 777 1741 817 fecit

226 846 248 871 e
278 831 367 871 loco
396 831 616 871 Aeschinis
647 833 876 874 derivatam
909 835 1132 875 Διονυσίοις
1159 835 1424 885 ἀναγορεύειν·
1458 836 1491 873 εἰ
1522 833 1627 883 ξένοι
1655 850 1740 873 στε-

226 892 410 939 φανοῦσι,
435 890 687 939 κηρύττεσθαι
710 891 752 929 ἐν
773 893 824 943 τῷ
848 889 1006 942 θεάτρῳ,
1031 891 1100 929 ἐὰν
1120 893 1345 941 ψηφίσηται
1367 892 1386 929 ὁ
1410 893 1537 939 δῆμος.

286 946 382 995 267,
407 956 471 997 29.
501 945 605 994 πλὴν
628 946 697 985 ἐάν
718 963 825 987 τινας
847 948 866 984 ὁ
889 949 1004 995 δῆμος
1025 944 1046 995 ἦ
1068 947 1090 995 ἡ
1110 947 1237 1008 βουλῇ
1262 945 1507 999 ψηφίσηται]
1542 945 1741 999 Supplen-

226 1001 325 1039 dum
349 1005 415 1040 est
440 1002 761 1052 ἀναγορεύεσθαι.
826 1003 890 1041 De
922 1016 1044 1041 sensu
1072 1001 1329 1055 exceptionis
1351 1002 1471 1055 vulgo
1501 1002 1740 1042 dubitatum

226 1071 308 1095 non
331 1056 508 1104 videtur,
530 1058 639 1097 unde
661 1058 817 1097 factum
839 1063 886 1097 ut
908 1058 1018 1111 quod
1041 1058 1117 1097 11116
1137 1058 1226 1111 lege
1247 1072 1321 1111 per
1342 1058 1629 1121 exceptionem
1650 1073 1740 1111 per-

224 1112 396 1152 missum
437 1117 543 1161 crat,
579 1114 919 1167 1’1·617116111··1161111·
959 1119 1107 1166 71061611
1148 1114 1282 1153 denuo
1324 1114 1456 1167 magis
1495 1114 1736 1177 magisque;

225 1183 321 1208 nam
357 1169 549 1222 frequens
590 1170 690 1209 haec
729 1170 899 1210 donatio
936 1170 1234 1209 Demosthenis
1270 1175 1457 1223 tempore
1493 1170 1534 1209 in
1571 1170 1740 1210 theatro

222 1225 312 1265 fuit.
378 1226 492 1276 Quae
514 1240 607 1265 culn
629 1226 689 1266 ita
711 1227 806 1271 sint,
831 1242 912 1265 non
937 1227 1041 1266 adeo
1064 1226 1208 1265 debilis
1228 1226 1309 1266 fuit
1336 1226 1375 1264 in
1408 1226 1484 1266 hac
1515 1231 1635 1279 parte
1658 1227 1739 1266 De-

223 1282 454 1321 mosthenis
485 1297 643 1328 caussa„
671 1287 718 1322 ut
749 1283 868 1322 multi
901 1283 1103 1327 credunt3
1138 1283 1240 1322 satis
1273 1282 1399 1322 habet
1430 1297 1654 1335 provocare
1685 1283 1739 1322 ad

224 1338 350 1377 verba
380 1338 646 1391 exceptionis„
680 1354 855 1392 quorum
890 1354 1056 1379 sensum
1092 1353 1184 1378 cum
1218 1338 1400 1378 maxima
1435 1343 1555 1391 parte
1590 1338 1739 1378 civium

223 1394 404 1446 planum,
428 1401 586 1434 certum
608 1395 972 1448 indubitatumque
993 1395 1133 1434 habet.
1183 1394 1413 1434 Videamus
1435 1409 1543 1433 nunc
1566 1395 1739 1434 Aeschi-

223 1464 329 1489 nem.
392 1450 475 1490 Hic
497 1451 713 1491 contendit
736 1453 860 1491 verba
884 1451 1157 1504 Dionysiacae
1179 1450 1278 1504 legis
1299 1450 1385 1500 μήθ’
1403 1450 1463 1490 ὑπ’
1483 1451 1606 1490 ἄλλου
1627 1454 1739 1500 μηδε-

223 1506 289 1548 νὸς
311 1506 362 1545 de
382 1506 473 1546 aliis
502 1507 674 1546 urbibus
706 1507 801 1546 solis
832 1507 1111 1561 intelligenda,
1134 1521 1266 1559 eoque
1294 1506 1421 1546 etiam
1453 1506 1739 1559 exceptionem

222 1567 389 1602 revocat
421 1562 462 1601 in
493 1562 574 1601 fine
606 1563 731 1616 legi5:
766 1578 867 1616 quos
899 1568 1068 1602 senatu5
1099 1568 1283 1607 coronet,
1311 1577 1473 1615 semper
1504 1562 1543 1600 in
1576 1567 1736 1610 senatu,

222 1632 326 1671 quos
355 1618 730 1672 71071111116,661117161·
758 1619 798 1658 in
829 1619 1026 1658 concione
1048 1619 1422 1666 601·011111·1(161161·,6
1445 1617 1619 1657 aliarum
1641 1633 1737 1658 vero

220 1674 386 1713 urbium
409 1689 582 1714 commas
599 1675 756 1714 civibus
777 1676 851 1715 dat
853 1689 898 1714 116
920 1689 1040 1728 pos5·e
1057 1674 1183 1714 etiam
1205 1674 1245 1713 in
1263 1674 1442 1717 theatro
1462 1674 1494 1712 si
1517 1674 1737 1727 permittat

221 1731 408 1783 populus.
477 1731 540 1770 De
577 1731 640 1770 his
676 1736 723 1770 ut
758 1731 959 1784 judicium
994 1731 1081 1778 fiat,
1118 1730 1297 1783 primum
1338 1730 1535 1770 attendat
1576 1744 1735 1769 1116611111

220 1786 351 1826 166101·
381 1787 435 1826 ad
464 1787 590 1825 verba
622 1787 940 1827 Demosthenis:
976 1788 1037 1826 καὶ
1060 1788 1198 1836 νόμους
1218 1790 1451 1835 μεταποιῶν,
1476 1790 1551 1825 τῶν
1573 1785 1602 1825 δ’
1621 1788 1736 1836 ἀφαι-

218 1847 296 1893 ρῶν
323 1843 432 1894 μέρη,
463 1843 528 1884 οὓς
557 1844 673 1885 ὅλους
698 1845 847 1883 δίκαιον
867 1843 914 1892 ἦν
936 1844 1286 1894 ἀναγιγνώσκεθαι,
1312 1842 1448 1895 paullo
1470 1846 1565 1895 post
1586 1842 1735 1895 posita,

220 1913 395 1951 quorum
428 1899 568 1951 priora
598 1900 652 1939 ad
683 1899 807 1939 aliam
839 1899 971 1953 legem
1002 1898 1222 1938 recitatam
1254 1898 1504 1951 pertinuisse
1530 1898 1735 1944 videntur,

218 1955 452 2008 posteriora
481 1970 577 1994 vero
614 1955 894 2008 maximopere
926 1955 1112 2008 suspicor
1145 1969 1234 1994 esse
1270 1959 1443 2007 propter
1473 1954 1579 1994 hanc
1612 1969 1736 2007 quam

218 2015 452 2051 tractamus
482 2011 609 2051 dicta.
672 2012 779 2051 Nam
802 2011 929 2051 videri
963 2015 1103 2064 potest
1126 2011 1357 2050 Aeschines
1389 2025 1481 2049 culn
1514 2010 1553 2049 in
1581 2010 1736 2061 judicio

217 2067 388 2113 diceret,
411 2067 597 2106 omisisse
619 2072 754 2107 totam
777 2067 1060 2120 exceptionem
1090 2067 1202 2121 legis,
1227 2071 1269 2106 et
1290 2071 1435 2119 postea
1457 2067 1622 2106 demum
1644 2081 1737 2106 cum

217 2123 360 2163 ederet
387 2124 619 2163 orationem
648 2128 814 2177 reperta
844 2124 992 2163 callida
1020 2123 1367 2176 interpretatione
1390 2123 1439 2162 de
1462 2127 1624 2172 ξενικοῖς
1646 2139 1736 2162 στε-

217 2179 357 2228 φάνοις
384 2179 491 2219 hanc
519 2184 682 2232 partem
709 2180 764 2219 sic
787 2184 834 2219 ut
855 2180 1029 2233 legimus
1051 2180 1308 2218 elaborasse:
1342 2194 1423 2232 17110
1452 2178 1589 2232 7106110
1619 2179 1736 2218 intel—

217 2234 320 2287 ligas
351 2250 424 2274 cur
460 2236 764 2275 Demosthenes
794 2236 859 2275 hic
891 2235 991 2274 nihil
1022 2236 1274 2288 respondeat
1305 2236 1355 2274 sle
1388 2234 1736 2288 interpretatione

218 2290 311 2337 ista7
335 2305 459 2343 quam
492 2305 572 2329 non
599 2291 839 2330 audivisset.
902 2291 1113 2343 Quidquid
1136 2291 1212 2331 hoc
1236 2291 1326 2337 fuit,
1353 2291 1451 2330 illud
1474 2290 1735 2344 perspicuum

216 2346 344 2387 etiam
376 2361 483 2385 nunc
515 2347 652 2386 omitti
685 2348 738 2386 ab
772 2347 979 2386 Aeschine
1012 2347 1179 2399 aliquid,
1204 2347 1271 2400 qui
1302 2362 1378 2400 pro
1409 2348 1496 2386 his:
1531 2347 1634 2396 πλὴν
1667 2346 1736 2386 ἐάν

216 2418 322 2444 τινας
343 2404 363 2441 ὁ
386 2405 503 2451 δῆμος
524 2401 545 2451 ἢ
567 2403 589 2452 ἡ
611 2403 737 2452 βουλὴ
759 2404 994 2453 ψηφίσηται,
1019 2403 1131 2442 dicat
1155 2404 1223 2441 ἐὰν
1244 2403 1294 2451 μὴ
1317 2405 1336 2441 ὁ
1361 2406 1475 2452 δῆμος
1496 2405 1733 2453 ψηφίσηται,

216 2458 455 2510 praeteritis
487 2458 623 2497 verbis
648 2457 670 2507 ἢ
697 2459 719 2508 ἡ
745 2458 886 2508 βουλή,
918 2473 1023 2511 quae
1055 2458 1177 2498 credo
1209 2458 1344 2497 minus
1375 2459 1573 2498 favebant
1610 2459 1735 2497 inter-

217 2513 443 2566 pretationi
473 2529 582 2555 suae.
647 2514 830 2554 Exterae
857 2529 1034 2553 coronae
1057 2519 1104 2554 ut
1125 2514 1467 2554 renuntiarentm·
1497 2514 1538 2552 in
1565 2514 1734 2553 theatro

216 2570 382 2609 credam
404 2584 485 2608 non
507 2570 691 2622 potuisse
713 2570 790 2609 nisi
812 2585 837 2609 a
859 2570 1012 2623 populo
1034 2570 1219 2623 permitti
1236 2587 1245 2618 ;
1276 2570 1377 2624 legis
1398 2575 1540 2610 autem
1557 2569 1735 2609 formula

216 2625 323 2664 hunc
355 2640 519 2667 sensum
552 2625 744 2665 habuisse
767 2626 955 2666 videtur:
990 2631 1181 2666 senatum
1208 2641 1328 2679 posse
1355 2640 1529 2665 coronas
1554 2640 1579 2665 a
1602 2640 1644 2665 66
1666 2626 1734 2664 de-

216 2685 352 2720 cretas
374 2686 489 2720 certa
511 2681 561 2720 de
587 2696 734 2722 caussa
765 2682 1009 2734 permittere
1036 2687 1083 2722 ut
1114 2682 1154 2720 in
1183 2682 1350 2721 theatro
1377 2681 1731 2729 renuntiarentur,

217 2737 413 2799 populum
435 2752 460 2776 a
481 2752 524 2775 66
545 2737 734 2777 decretas
756 2738 817 2776 vel
838 2739 891 2777 ab
913 2738 1015 2777 aliis.
1061 2738 1180 2787 Quod
1203 2743 1551 2777 consentaneum:
1586 2742 1732 2776 contra

217 2793 258 2830 in
285 2792 502 2832 Χ66611111ἰ6
531 2792 877 2846 interpretatione
909 2794 1057 2832 mirum
1080 2798 1143 2833 est
1165 2794 1320 2833 exteris
1342 2793 1506 2833 coronis
1531 2792 1732 2845 majorem

218 2848 415 2887 honorem
447 2848 589 2888 haberi
613 2864 736 2901 quam
768 2850 907 2902 populi
940 2854 981 2888 et
1013 2854 1181 2889 senatus
1209 2849 1371 2888 coronis
1400 2849 1441 2887 in
1468 2848 1624 2888 theatri
1654 2847 1731 2886 fre-

218 2903 430 2958 quentiam
456 2918 537 2942 non
559 2904 762 2946 admissis.
825 2905 905 2945 Sed
929 2909 1126 2959 piovocat
1147 2905 1199 2945 ad
1224 2904 1347 2944 aliam
1369 2905 1512 2957 legem
1535 2916 1731 2943 coronam
