1914 3184
292 153 376 196 160
797 153 880 194 DE
903 152 1306 195 GHERSONESO.

349 273 417 311 91,
448 272 512 313 15.
549 259 804 311 κληρούχους]
847 257 1174 312 Harpocration,
1213 263 1432 312 κληροῦχοι,
1472 260 1728 311 Δημοσθένης
1763 261 1807 301 ἐν

291 317 418 369 ὀγδόῳ
439 318 697 355 Φιλιππικῶν.
731 318 941 366 κληροῦχοι
975 316 1200 362 ἐκαλοῦντο,
1224 316 1290 357 οὓς
1309 315 1510 366 Ἀθηναῖοι
1544 317 1719 366 ἔπεμπον
1744 317 1807 356 ἐπὶ

290 374 357 414 τὰς
377 372 524 419 πόλεις,
547 371 592 413 ἃς
611 370 852 421 ἐλάμβανον,
872 370 1034 422 κλήρους
1056 371 1232 413 ἑκάστοις
1249 375 1547 421 διανεμοῦντας;
1582 372 1665 412 imo
1682 376 1805 412 διανε-

289 431 454 478 μοῦντες
473 427 691 467 referendo
718 426 772 466 ad
793 425 1007 476 Ἀθηναῖοι.
1071 427 1270 468 Praestat
1302 427 1562 478 διανέμοντες,
1585 429 1697 482 quod
1728 429 1802 469 ha-

290 484 393 524 bent
415 483 572 523 Anecd.
596 482 728 522 Bekk.
750 497 791 535 p.
812 486 905 533 267,
927 495 996 535 32.
1058 483 1391 524 SOHAEFER.

348 553 415 592 91,
443 541 505 579 18.
527 541 623 590 ὑπὲρ
644 539 882 591 ὧν-ταυτὶ]
918 540 1015 591 ὑπὲρ
1037 540 1105 587 ὧν,
1127 539 1283 580 scilicet
1311 540 1552 590 ἀδικημάτων
1571 544 1639 579 τοῦ
1660 541 1803 581 Φιλίπ·

289 612 375 636 που.
410 596 519 647 κύρια
540 610 621 635 non
653 594 741 634 sine
772 608 921 635 caussa
953 595 1136 635 additur.
1200 596 1340 636 Multa
1361 595 1471 635 enim
1491 596 1651 637 fiebant
1681 596 1805 637 irrita

289 652 473 692 decreta.
535 651 642 692 Vult
664 650 944 691 Athenienses
977 665 1052 691 suo
1074 651 1259 705 ipsorum
1286 652 1426 706 gladio
1455 652 1661 706 jugulare,
1685 653 1804 706 quasi

289 707 426 748 dicat:
462 707 552 747 Vos
574 707 651 761 ipsi
672 706 927 755 decrevistis,
949 722 1093 761 pacem
1118 723 1208 748 esse
1238 723 1263 748 a
1286 708 1481 762 Philippo
1503 707 1701 748 violatam
1720 725 1728 748 ε
1762 713 1805 748 et

288 769 431 805 tamen
453 763 658 804 dubitatis
679 764 815 804 adhuc
837 778 892 804 an
913 778 990 817 pro
1011 764 1132 804 hoste
1153 764 1210 804 sit
1230 765 1448 805 habendus
1465 766 1478 804 ἔ
1540 764 1731 804 WOLF.

346 834 412 873 91,
441 834 505 873 19.
536 820 665 860 πάντα
696 820 763 860 τὸν
796 822 941 872 χρόνον
974 825 1149 873 συνεχῶς
1185 835 1384 874 compara
1413 835 1507 860 cum
1538 821 1600 860 ἀεὶ
1629 824 1805 873 συνεχῶς

289 876 577 930 similibusque
601 876 803 923 formulis,
826 877 877 916 de
911 876 1062 930 quibus
1083 892 1118 917 v.
1141 881 1228 917 not.
1262 877 1316 917 ad
1339 877 1516 932 Gregor.
1543 876 1731 917 Corinth.
1763 892 1801 931 p.

294 935 384 986 169.
407 948 438 974 s,
500 932 833 973 sOHAEFER.

344 992 392 1029 τὰ
427 993 503 1029 τῶν
542 990 679 1029 ἄλλων
709 988 937 1043 Ἑλλήνων]
982 989 1137 1030 Terras
1177 1004 1361 1044 opesque
1401 994 1637 1029 ceterorum
1674 988 1803 1028 Grae-

287 1060 430 1086 corum
463 1051 506 1086 et
539 1046 819 1085 barbarorum
842 1046 1075 1097 (Thracum
1106 1046 1273 1099 opinor)
1297 1046 1358 1086 vel
1389 1045 1426 1085 vi
1448 1045 1511 1085 vel
1544 1044 1692 1085 fraude
1723 1045 1801 1085 sibi

282 1102 423 1156 jungit
445 1107 488 1142 et
509 1101 719 1141 conciliat.
783 1102 1005 1141 FRANK.

344 1172 410 1210 91,
429 1160 494 1198 28.
518 1160 559 1198 ἐκ
579 1159 743 1210 τούτων]
774 1157 806 1197 I.
824 1172 857 1197 e.
881 1160 922 1198 ἐκ
943 1161 1010 1198 τοῦ
1031 1158 1251 1210 ἀπέχεσθαι
1272 1161 1337 1207 τῆς
1356 1157 1532 1207 Ἀττικῆς
1552 1161 1633 1197 etc.
1652 1171 1703 1196 ex
1724 1156 1801 1197 hac

286 1230 332 1255 re
353 1229 532 1267 aequum
556 1218 830 1267 (repetentes)
856 1214 933 1254 sibi
955 1219 1129 1267 ponunt,
1152 1214 1178 1254 i.
1200 1229 1236 1254 e.
1262 1228 1311 1254 ex
1334 1213 1414 1253 hac
1435 1228 1481 1253 re
1502 1213 1602 1266 quid
1623 1227 1802 1266 aequum

287 1271 342 1311 sit
363 1270 595 1310 metiuntur
616 1276 659 1310 et
680 1274 889 1310 statuunt.
954 1270 1174 1310 FRANK.

343 1339 409 1379 92,
433 1341 471 1381 3.
505 1328 548 1366 οὐ
569 1327 645 1376 μὴν
678 1325 766 1366 ἀλλ’
802 1328 960 1366 ἐναντία
993 1328 1203 1377 συμβαίνει
1232 1343 1265 1364 κ.
1287 1342 1319 1363 τ.
1343 1324 1403 1378 λ.]
1428 1324 1616 1364 Verbum
1648 1325 1798 1365 verbo:

289 1383 396 1433 Quin
416 1384 536 1422 etiam.
557 1383 615 1422 ‘ita
629 1384 683 1434 fit
708 1389 750 1422 ut
771 1383 978 1422 contraria
1002 1380 1328 1429 accusationibus,
1345 1380 1485 1435 quibus
1501 1381 1720 1434 Diope‘tlzen
1740 1381 1800 1421 in-

285 1439 448 1487 vadunt,
471 1440 591 1478 etiam
617 1439 709 1477 haec
734 1439 824 1492 ι’]υεα
849 1439 997 1485 dicant,
1021 1439 1099 1478 1100
1133 1443 1207 1485 est,
1231 1438 1330 1477 dum
1360 1442 1574 1485 accusant,
1597 1443 1800 1478 excusant

286 1496 364 1534 hoc
386 1495 488 1548 ipso,
512 1496 622 1547 quod
648 1495 889 1548 Philippum
910 1495 1123 1535 atrociora
1155 1494 1447 1548 designantem
1479 1508 1561 1533 non
1583 1500 1798 1534 accusant.

344 1619 410 1660 92,
443 1621 501 1647 [Ι.
538 1606 721 1658 κατάγειν
750 1610 795 1647 τὰ
817 1606 970 1661 πολλὰ]
1008 1606 1334 1660 Harpocration,
1358 1624 1391 1645 κ.
1413 1608 1460 1645 τὰ
1481 1623 1520 1645 π.
1544 1605 1800 1655 Δημοσθένης

287 1666 330 1704 ἐν
351 1665 476 1717 ὀγδόῳ
497 1667 754 1703 Φιλιππικῶν.
788 1664 971 1714 κατάγειν
1001 1666 1048 1702 τὰ
1070 1668 1189 1703 πλοῖα
1218 1662 1378 1714 λέγεται
1400 1663 1485 1701 ἀντὶ
1506 1665 1572 1700 τοῦ
1592 1661 1799 1710 βιάζεσθαι

286 1721 348 1760 καὶ
370 1723 512 1759 κακοῦν
534 1720 593 1758 καὶ
625 1720 675 1769 μὴ
698 1721 767 1759 ἐᾶν
788 1719 874 1761 τοὺς
894 1719 1088 1761 πλέοντας
1113 1720 1208 1758 ὅπου
1229 1720 1447 1768 βούλονται
1478 1721 1606 1764 πλεῖν,
1631 1717 1721 1756 ἀλλ’
1745 1720 1800 1759 εἰς

285 1779 332 1816 τὰ
365 1778 487 1815 οἰκεῖα
519 1777 643 1827 χωρία
676 1780 754 1817 τοῖς
775 1777 1011 1829 λῃστεύουσι
1045 1774 1239 1826 κατάγειν,
1263 1775 1312 1816 ὡς
1345 1775 1405 1814 καὶ
1427 1777 1650 1825 Λυκοῦργος
1682 1775 1726 1813 ἐν
1748 1776 1798 1827 τῷ

286 1834 382 1872 κατὰ
404 1831 653 1882 Λεωκράτους
674 1834 795 1880 δηλοῖ.
859 1831 1052 1871 REISK.

342 1900 408 1941 92,
440 1901 497 1939 ¹9·
532 1886 801 1941 παρελθόντα]
836 1889 1010 1938 παρόντα
1032 1887 1085 1926 A.
1110 1886 1151 1926 S.
1179 1886 1233 1925 Y.
1257 1887 1368 1941 quod
1391 1886 1640 1926 Schaeferus
1669 1885 1797 1925 inter-

283 1950 478 1998 pretatur
498 1958 598 1997 quae
619 1958 722 1983 mmo
742 1945 867 1995 fimet,
888 1943 1168 1997 rempublicffln
1188 1942 1531 1995 (lisperdideruom
1553 1944 1600 1981 τὰ
1624 1943 1798 1992 παρόντα

283 2000 490 2051 πράγματα
522 2014 598 2053 pro
621 1999 890 2047 nominativo,
915 2000 1068 2039 ἅπαντα
1100 2004 1243 2039 autem
1264 2014 1340 2052 pro
1361 1998 1602 2038 accusativo
1624 1998 1795 2045 habens,

284 2057 394 2110 quod
417 2056 457 2095 111
480 2056 558 2096 hac
576 2057 796 2095 verborum
819 2055 1092 2095 collocatione
1115 2055 1234 2095 valde
1255 2055 1458 2108 displicet.
1523 2054 1796 2094 Manifestum

284 2118 347 2152 est
368 2113 445 2152 hoc
463 2112 555 2159 (1101,
575 2113 803 2152 cavendum
825 2126 915 2151 csse
936 2126 987 2151 ne
1008 2112 1160 2151 iterum
1183 2111 1349 2151 accidat
1371 2111 1481 2164 quod
1502 2110 1616 2164 prius
1638 2110 1796 2150 accide-

282 2169 351 2208 rit.
414 2168 507 2207 Hoc
539 2172 681 2208 autem
713 2168 977 2222 significatur
999 2167 1135 2208 verbis
1156 2170 1204 2207 τὰ
1224 2169 1471 2218 παρελθόντα
1492 2167 1712 2217 πράγματα,
1736 2180 1798 2205 res

273 2225 530 2278 pmeteritae,
553 2238 614 2263 res
626 2225 749 2277 prius
766 2231 906 2278 glossae,
926 2224 967 2263 in
984 2224 1133 2277 quibus
1158 2238 1239 2263 non
1256 2223 1405 2262 mirum
1423 2227 1486 2262 est
1508 2222 1724 2262 librarium
1741 2222 1796 2261 ad

282 2279 542 2334 frequentius
576 2279 676 2319 illud
707 2283 753 2319 τὰ
776 2283 948 2331 παρόντα
978 2281 1185 2332 πράγματα
1208 2285 1262 2332 (V.
1286 2295 1324 2333 p.
1351 2291 1414 2331 29,
1447 2280 1507 2318 18.
1539 2291 1604 2332 95,
1626 2290 1665 2331 5.
1702 2291 1793 2331 125,

283 2339 338 2391 3.)
364 2337 596 2376 aberrasse.

341 2406 407 2444 92,
429 2404 493 2431 20.
516 2390 789 2444 ἀπολώλεκεν]
815 2391 880 2431 Sc.
902 2393 924 2441 ἡ
945 2393 1081 2432 πόλις;
1117 2391 1194 2430 nisi
1223 2391 1313 2444 quis
1336 2391 1536 2430 librorum
1560 2395 1730 2443 praeter
1752 2390 1792 2429 S.

283 2448 465 2488 onmium
488 2447 741 2500 scripturam
762 2448 977 2500 praeferat
999 2449 1220 2487 ἀπόλωλεν.

341 2518 408 2553 92,
449 2516 513 2557 23.
551 2505 712 2552 δύναμιν
746 2502 1046 2556 συνεστηκυῖαν]
1092 2503 1347 2556 perpetuum
1387 2501 1629 2548 exercitum,
1673 2515 1793 2554 quem

282 2560 382 2600 alibi
407 2564 463 2613 (p.
487 2573 554 2609 49,
581 2561 633 2608 2.)
659 2558 848 2599 nominat
869 2562 1016 2611 συνεχῆ
1036 2559 1298 2609 παρασκευήν.
1361 2557 1553 2597 WOLF.

339 2629 406 2669 93,
424 2633 462 2664 4.
483 2614 632 2668 τᾶλλα]
659 2615 707 2654 Id
729 2620 793 2655 est
815 2615 953 2655 πάντα.
1016 2614 1115 2653 Vim
1132 2613 1321 2654 vocabuli
1343 2613 1400 2653 sic
1421 2614 1550 2653 ferme
1572 2612 1742 2659 sentias,
1758 2612 1792 2651 si

285 2672 436 2712 Latine
453 2671 511 2711 sic
529 2671 680 2711 reddas
699 2686 707 2709 ε
734 2671 898 2724 Reapse
919 2671 1028 2724 quod
1050 2675 1196 2725 agunt,
1214 2670 1292 2709 hoc
1313 2674 1388 2715 est,
1405 2674 1452 2709 ut
1471 2669 1710 2721 Philippum
1732 2681 1792 2707 se-

281 2728 464 2768 cundent
495 2732 538 2767 et
570 2726 838 2780 amplificent.
900 2727 1134 2775 Caeterum,
1167 2726 1209 2765 in
1241 2725 1484 2779 Diopithem
1517 2738 1625 2778 quae
1657 2723 1791 2763 crimi-

282 2789 449 2831 nantur,
472 2798 547 2822 eae
576 2797 717 2822 merae
738 2787 836 2822 sunt
857 2783 1056 2823 offuciae:
1089 2783 1247 2821 fumum
1268 2781 1385 2821 vobis
1406 2781 1590 2820 vendunt
1610 2796 1618 2819 :
1650 2793 1790 2818 veram

281 2854 400 2879 suam
432 2838 764 2892 designationem
796 2843 924 2891 atque
946 2838 1255 2878 contentionem
1282 2837 1346 2876 his
1374 2836 1493 2890 nugis
1519 2837 1789 2876 obscuratum

282 2899 383 2934 eunt
403 2900 533 2947 atque
555 2894 745 2933 celatum.
809 2894 1001 2933 REISK.

339 2963 404 3002 93,
436 2963 494 2988 11.
526 2950 577 2990 ὥς
598 2955 724 2999 φασιν
754 2951 789 2988 οἱ
816 2951 1007 3000 παρόντες
1029 2968 1058 2988 κ.
1083 2966 1115 2989 τ.
1141 2948 1199 3001 λ.]
1232 2948 1284 2987 Ut
1311 2948 1344 2986 ‘ii
1364 2947 1510 2991 dieunt,
1533 2945 1602 2998 qui
1625 2945 1787 2984 adsunt.
