1950 3210
519 152 592 191 1)Ιῖ
631 152 703 191 FA
717 152 817 191 LSA
862 151 1218 190 1,1‹l(‘;.-x'1‘1()N1⁴].
1545 156 1624 193 485

112 263 303 297 catorum
325 257 377 296 a‹l
400 257 680 297 conciliandos
697 257 934 297 auditorum
956 257 1117 297 animos
1136 272 1168 295 v.
1187 257 1459 296 Schoemann.
1478 258 1623 311 Antiq.

111 313 221 365 publ.
247 328 285 366 p.
312 315 401 354 282.

167 382 264 421 341,
287 382 347 421 13.
370 369 456 410 τοὺς
476 370 548 417 μὲν
565 370 634 408 οὖν
650 370 797 410 ἄλλους
821 387 851 407 κ.
867 386 898 407 τ.
916 369 974 421 λ.]
1008 369 1162 408 Locum
1185 368 1293 407 hune
1316 367 1421 407 citat
1441 367 1623 420 Apsines

111 439 150 476 p.
175 437 268 475 704,
292 438 358 476 34.
407 425 593 463 RIMSK.

168 493 265 532 341,
290 482 349 519 16.
372 481 440 529 τὴν
463 481 682 531 ἀειλογίαν]
722 480 816 518 Vox
849 480 929 519 ista
954 480 1280 520 Twmosthonica
1301 479 1410 517 fere:
1445 493 1540 518 nam
1563 494 1624 518 se-

112 537 291 575 cundum
315 535 593 583 Genetliliuin,
618 536 685 588 qui
717 536 795 575 fuit
827 535 936 575 inter
966 536 1160 588 antiquos
1189 535 1484 575 Demosthenis
1516 549 1623 573 (30111-

112 597 381 639 mentatores,
415 594 586 633 σπανίως
619 593 834 642 εὑρίσκεται
865 591 951 642 παρ’
975 594 1098 644 ἄλλῳ.
1169 591 1361 630 Occurrit
1398 590 1547 630 iterum
1584 590 1623 629 in

113 647 347 687 Eubulidea
372 663 410 701 p.
439 650 552 700 1306.
579 659 642 695 27.
698 647 807 687 Vide
832 647 1086 700 Harpocrat.
1110 647 1148 686 in
1174 662 1208 685 v.
1247 647 1319 686 TA
1337 646 1506 685 YLOR.
1570 646 1622 685 V.

114 704 303 743 Zonaras
326 718 364 756 p.
386 716 453 756 52.
477 708 519 742 et
548 703 632 741 lnd.
658 703 888 742 Graecitat.
933 704 1046 742 SCH
1057 704 1192 742 AEF.

170 760 508 811 προτεινομένους]
550 759 748 811 [l'liotius
779 773 816 811 p.
835 772 930 810 449,
958 772 1016 809 14.
1040 773 1159 812 quem
1192 758 1430 811 exscripsit]
1462 757 1624 803 Suidas7

115 814 429 865 Προβάλλεσθαι
442 839 508 853 -.
547 816 566 852 ὁ
582 815 720 865 ῥήτωρ·
752 815 821 863 τὴν
838 816 1042 865 ἀειλογίαν
1059 816 1133 864 ὁρῶ
1151 814 1514 863 προβαλλομένους,
1530 815 1625 864 ὅπερ

113 871 254 910 ταύτὸν
270 873 320 924 τῷ
338 870 670 921 προτεινομένους.
705 869 964 909 TAYLOR.
1025 870 1251 923 Vulgatam
1269 870 1519 922 scripturam
1537 874 1625 909 tue-

112 931 184 965 tur
212 925 510 979 grammaticus
535 926 589 965 ab
614 926 859 965 Hermanno
891 925 1028 965 editus
1050 941 1090 979 p.
1112 939 1209 979 39¹·
1230 926 1414 965 addens:
1449 926 1533 965 ἀντὶ
1559 929 1626 964 τοῦ

112 982 475 1033 προβαλλομένους.
520 982 780 1021 SCHAEF.

170 1051 265 1091 341,
290 1049 351 1089 17.
383 1036 539 1091 τούτου]
581 1037 684 1076 Post
720 1037 759 1076 h.
789 1052 823 1076 v.
862 1051 943 1076 non
984 1037 1062 1076 fuit
1102 1051 1175 1076 cur
1207 1037 1400 1076 Reiskius
1441 1040 1626 1076 ποιοῦντα

113 1093 384 1133 desideraret.
448 1093 500 1132 V.
531 1093 807 1132 Schneiderus
842 1093 896 1132 ad
935 1093 1209 1146 Xenophont.
1243 1093 1420 1132 Memor.
1448 1107 1487 1143 4,
1523 1105 1559 1141 2,
1588 1107 1624 1142 4.

115 1150 375 1189 SCHAEF.

170 1218 266 1258 341,
292 1208 352 1244 18.
384 1205 453 1244 τὸν
483 1205 786 1258 μὲν-ἀπειλεῖ]
830 1205 1039 1245 Aristides
1067 1204 1118 1243 de
1147 1204 1196 1243 l).
1220 1204 1265 1244 C.
1289 1219 1328 1257 p.
1355 1206 1447 1256 256.
1481 1206 1628 1254 ἀξιοπι-

114 1264 225 1302 στίας
254 1263 294 1301 δὲ
327 1262 388 1301 καὶ
414 1263 456 1299 τὸ
491 1262 785 1312 ἐπιψεύδεσθαι·
833 1262 1021 1300 οἶον--ἐν
1050 1261 1099 1313 τῷ
1132 1259 1211 1299 κατ’
1236 1261 1439 1312 Αἰσχίνου.
1480 1261 1523 1300 τὸ
1554 1262 1627 1310 μὲν

114 1317 268 1367 ἀληθές·
303 1318 364 1356 καὶ
388 1318 469 1368 (καὶ
500 1317 719 1356 delendum
751 1317 926 1356 videtur.
963 1317 1242 1365 SCHAEF.)
1270 1316 1339 1356 τὸν
1362 1318 1435 1365 μὲν
1461 1315 1626 1370 ἀνῄρηκε

114 1377 191 1413 τῶν
209 1374 270 1412 ἐπὶ
291 1375 358 1415 τὰς
380 1373 540 1414 εὐθύνας
563 1374 772 1412 ἐλθόντων.
814 1373 856 1412 τὸ
878 1374 921 1412 δὲ
944 1375 1028 1422 ἑξῆς
1045 1373 1394 1423 ἐπικατεψεύσατο·
1422 1373 1517 1412 οἷον·
1547 1376 1627 1413 τοῖς

113 1428 147 1468 5⁵
169 1430 333 1469 ἀπειλεῖ.
396 1428 650 1468 scholiastes
674 1428 953 1482 Hermogenis
974 1443 1014 1481 p.
1041 1442 1049 1466 1
1069 1441 1126 1475 14,
1149 1440 1217 1480 32.
1247 1429 1306 1467 ὅτι
1335 1429 1408 1477 μὲν
1428 1430 1628 1479 Τίμαρχος

115 1486 381 1535 κατηγόρησεν
405 1484 678 1535 (Aeschinem
710 1487 834 1537 puta)
863 1487 981 1524 παντί
1009 1501 1060 1537 τῳ
1092 1486 1212 1532 δῆλον
1239 1484 1281 1522 ἔκ
1309 1500 1349 1523 τε
1381 1487 1456 1523 τῶν
1487 1485 1627 1533 ἱστορι-

115 1544 191 1580 κῶν
213 1542 274 1579 καὶ
302 1542 342 1589 ἐξ
367 1542 420 1580 ὧν
443 1541 700 1589 Δημοσθένης
723 1543 833 1590 φησί·
867 1541 936 1579 τὸν
959 1541 1032 1589 μὲν
1054 1541 1217 1590 ἀνῄρηκε
1243 1543 1318 1578 τῶν
1344 1540 1540 1579 ἐλθόντων
1564 1540 1627 1578 ἐπὶ

114 1613 183 1637 τας
201 1597 373 1638 εὐθύνας.
405 1596 598 1636 REISK.
663 1596 788 1635 Unde
804 1596 919 1636 novit
937 1595 1149 1635 Aristides
1166 1595 1388 1635 Oratorem
1405 1595 1628 1634 mentitum

113 1666 216 1699 esse,
239 1666 331 1691 cuin
353 1652 511 1691 diceret
533 1657 612 1693 τοῖς
632 1651 663 1690 δ’
683 1653 862 1692 ἀπειλεῖῖ
905 1651 1162 1691 SCHAEF.

171 1707 351 1761 ἀνῄρηκε]
385 1707 543 1747 Anecd.
567 1707 698 1747 Bekk.
722 1723 761 1761 p.
788 1720 851 1758 27,
879 1710 937 1747 16.
957 1706 1185 1758 Ἀνῄρηκεν·
1219 1707 1291 1758 οὐχ
1314 1707 1363 1748 ὡς
1384 1708 1421 1746 οἱ
1450 1709 1518 1746 νῦν
1541 1707 1627 1746 ἀντὶ

114 1767 181 1804 τοῦ
212 1764 451 1811 ἀπέκτεινεν,
481 1763 570 1803 ἀλλ’
594 1764 679 1803 ἀντὶ
709 1767 776 1803 τοῦ
809 1764 982 1803 ἐκποδὼν
1008 1765 1232 1812 πεποίηκεν.
1273 1763 1370 1801 οὕτω
1405 1763 1466 1802 καὶ
1499 1767 1626 1812 Δημο-

115 1819 256 1869 σθένης
283 1821 325 1858 ἐν
345 1822 396 1873 τῷ
418 1820 749 1870 παραπρεσβείας.
812 1818 984 1858 Brevius
1011 1833 1049 1872 p.
1071 1830 1168 1867 402,
1194 1829 1259 1870 23.
1281 1817 1506 1871 Ἀνῄρηκεν·
1541 1818 1627 1857 ἀντὶ

113 1879 180 1915 τοῦ
202 1877 374 1914 ἐκποδὼν
396 1874 618 1924 ἐποιήσατο.
661 1874 929 1924 Δημοσθένης.
973 1874 1173 1914 Consulto
1189 1878 1331 1912 autem
1348 1873 1503 1912 Orator
1516 1873 1624 1912 vide—

114 1937 185 1971 tur
206 1945 304 1969 usus
325 1944 413 1970 esse
435 1931 559 1970 verbo
581 1935 669 1970 tam
688 1930 819 1983 gravi,
841 1944 921 1982 quo
943 1929 1035 1982 plus
1057 1928 1235 1968 invidiae
1256 1928 1493 1968 adversario
1516 1930 1623 1968 faee-

116 1991 193 2026 ret.
238 1987 499 2025 SCHAEF.

172 2055 268 2095 341,
290 2054 354 2081 20.
379 2041 727 2094 ἀσυμφορώτατον]
758 2042 1172 2092 βαρυσυμφορώτατον
1192 2054 1338 2094 margo
1360 2040 1623 2080 Lutetianae.

119 2098 327 2151 Ulpianus
358 2097 459 2137 item
488 2097 529 2135 in
561 2096 704 2143 schol„
731 2097 800 2136 ubi
833 2098 1166 2147 ἀσυμφορώτατον
1187 2110 1262 2148 pro
1283 2095 1398 2136 varia
1434 2095 1627 2135 lectione.

118 2153 379 2193 TAYLOR.
440 2152 728 2205 Spernendum
749 2152 789 2191 in
812 2166 855 2191 se
876 2166 958 2191 non
980 2152 1033 2191 sit
1053 2151 1297 2191 vocabulum
1317 2153 1628 2202 βαρυσυμφορώ-

117 2226 248 2255 τατον,
277 2209 350 2248 sed
380 2213 445 2248 est
477 2208 637 2262 tragico
666 2222 790 2261 quam
821 2213 988 2248 oratore
1019 2206 1194 2261 dignius.
1227 2207 1424 2246 REISK.
1487 2207 1630 2246 Etiam

117 2264 418 2318 grammaticus
449 2263 491 2302 in
518 2264 678 2303 Anecd.
703 2263 834 2303 Bekk.
856 2279 896 2317 p.
921 2276 1014 2317 225,
1045 2265 1109 2303 28.
1138 2264 1552 2314 βαρυσυμφορώτατον
1574 2263 1629 2301 vi-

120 2321 244 2360 detu1
265 2320 331 2359 hic
354 2319 513 2373 legisse.
557 2320 815 2359 sCHAEF.

175 2388 271 2428 342,
297 2387 333 2415 2.
358 2376 402 2414 τὸ
432 2376 505 2424 μὲν
533 2392 602 2414 ουν
629 2375 856 2427 εξελέγχειν
879 2392 911 2415 κ.
925 2392 956 2414 τ.
976 2376 1035 2428 λ.]
1071 2374 1187 2415 Citat
1215 2373 1427 2413 Alistides
1459 2359 1499 2426 p.
1535 2386 1627 2427 250.

177 2500 273 2550 342,
296 2498 335 2539 5.
365 2487 768 2539 θαρρῶ-φοβοῦμαι]
810 2486 971 2526 Eadem
1001 2486 1150 2525 horum
1178 2486 1399 2525 verborum
1431 2489 1473 2523 et
1505 2499 1630 2537 oppo-

121 2542 218 2582 sitio
240 2547 282 2582 et
304 2546 517 2582 stluctura
540 2541 582 2580 in
606 2542 797 2581 Platonis
820 2541 1013 2581 Phaedro
1034 2556 1072 2594 p.
1100 2554 1178 2594 239
1202 2540 1253 2579 D.
1299 2541 1557 2579 SCHAEF.

183 2610 280 2651 342,
313 2599 351 2637 6.
385 2597 891 2649 φράσω-ἀποκρύψομαι]
951 2596 1149 2635 Similiter
1182 2595 1363 2648 Philipp.
1400 2594 1458 2633 ΙΙ.
1491 2609 1633 2634 velsus

121 2654 271 2693 finem:
305 2655 378 2704 ἐρῶ
398 2653 494 2703 πρὸς
513 2654 608 2702 ὑμᾶς
630 2654 691 2692 καὶ
713 2653 779 2692 οὐκ
801 2653 1088 2702 ἀποκρύψομαι.
1127 2650 1252 2690 TAY
1260 2650 1386 2689 LOR.

179 2721 274 2761 342,
293 2720 329 2759 7.
353 2709 424 2760 οὐχ
446 2707 735 2760 ηττον-ειναι]
769 2707 971 2747 Scilicet
956 2724 998 2746 εν
1021 2706 1148 2757 κράτει
1171 2706 1281 2745 εἶναι.
1334 2705 1395 2744 vel
1417 2705 1498 2744 sio:
1533 2707 1632 2756 ἀγω-

124 2767 291 2812 νίζον-ται
315 2763 402 2814 παρ’
420 2765 509 2813 ὑμῖν
530 2763 574 2802 οὐ
601 2764 723 2812 μόνον
744 2765 791 2802 τὰ
812 2762 1032 2814 πράγματα,
1057 2763 1162 2801 ἀλλὰ
1195 2762 1256 2800 καὶ
1281 2762 1318 2800 οἱ
1346 2763 1480 2810 καιροί.
1543 2761 1633 2800 Vos

124 2834 207 2860 non
237 2820 314 2859 hoo
345 2819 547 2872 spectatis
577 2818 712 2865 modo.
737 2833 841 2871 quae
872 2818 924 2858 sit
957 2832 1116 2865 caussa,
1140 2831 1246 2870 quae
1277 2822 1429 2856 natura
1460 2823 1500 2856 et
1528 2831 1633 2869 quae

124 2875 309 2916 rationes
345 2875 403 2914 rei
440 2882 599 2929 gestae,
634 2875 704 2914 sed
746 2888 829 2913 non
864 2874 999 2913 minus
1031 2887 1194 2926 quoque
1229 2877 1434 2925 tempora.
1468 2873 1634 2925 quando

127 2931 308 2985 quidque
329 2936 466 2972 actum
491 2930 556 2971 sit.
602 2929 796 2970 REISK.
