1934 3179
278 155 363 194 554
708 153 789 194 DE
824 153 1019 193 FALSA
1052 151 1411 193 LEGATIONE.

278 275 352 303 ται,
385 258 572 297 citantur.
638 257 806 297 Interea
843 258 940 296 dum
977 260 1247 295 arcessuntur
1277 260 1319 295 et
1352 255 1614 302 conveniunt,
1647 260 1790 295 orator

278 328 354 368 pro
386 328 500 353 more
532 328 605 353 suo
635 314 839 366 quaedam
872 312 1098 352 interfatur
1129 326 1155 350 a
1186 325 1230 350 re
1266 325 1347 350 non
1379 311 1524 351 aliena.
1588 311 1790 351 Solebant

280 369 389 409 enim
407 369 463 408 illi
481 374 670 409 oratores
692 369 866 415 interea,
881 368 980 406 dum
1001 367 1067 406 lex
1083 367 1302 406 recitanda
1320 372 1594 420 quaereretur
1610 372 1790 407 testesve

281 425 525 472 citarentur,
558 439 609 464 ne
640 424 776 464 oratio
808 423 1020 463 insisteret
1053 436 1186 475 neque
1216 422 1304 476 ipse
1335 422 1632 463 conticesceret
1660 427 1703 462 et
1733 422 1789 462 nil

280 486 438 534 ageret,
461 495 593 533 pauca
616 480 820 533 quaedam
845 478 1047 523 interfari,
1072 493 1177 532 quae
1198 478 1439 518 viderentur
1458 493 1483 518 a
1504 493 1547 518 re
1569 483 1790 532 praesente

281 551 363 576 non
386 536 521 575 aliena
542 550 642 579 esse.
667 549 919 588 quamquam
948 534 1157 574 interdum
1180 534 1550 587 deprehenduntur
1575 549 1667 574 cum
1699 534 1790 574 reli-

283 592 375 645 quis
404 606 485 630 non
508 591 663 644 optime
685 591 920 631 cohaerere.
954 590 1146 629 REISK.
1210 590 1306 630 Alia
1332 590 1521 643 exempla
1553 591 1698 630 talium
1730 590 1789 629 in-

282 647 605 687 terlocutionum
637 646 954 686 commemoravi
986 646 1039 685 ad
1068 661 1106 699 p.
1135 646 1228 693 2825,
1254 658 1312 685 12.
1376 646 1483 696 Quid
1507 647 1614 699 quod
1648 651 1791 686 orator

282 702 435 756 passim
471 702 529 741 sic
566 703 789 742 interfatus
826 707 903 749 est,
936 702 1004 741 ubi
1042 716 1123 741 non
1160 702 1428 741 metuendum
1464 701 1542 740 fuit
1576 717 1627 742 ne
1659 702 1789 742 conti-

285 760 495 798 cesceret?
539 759 590 798 V.
614 773 652 811 p.
675 771 771 808 421,
794 761 852 798 16.
877 772 928 797 ss
963 757 1214 798 SOHAEF.
1277 758 1329 796 V.
1353 758 1406 797 ad
1428 773 1467 811 p.
1490 759 1587 807 482,
1612 770 1675 798 21.

339 827 435 864 407,
458 826 520 867 15.
546 814 595 853 In
616 819 758 854 annot.
783 814 875 853 crit.
898 829 936 866 q.
962 828 1037 867 pro
1059 813 1191 853 altero
1214 813 1261 853 ἂν
1284 813 1416 853 scribe
1440 813 1520 853 ἐάν.

338 883 435 922 407,
452 884 465 909 1
478 882 514 919 7.
537 873 634 919 μετὰ
655 869 776 923 ταῦθ’]
812 870 1096 923 Posteaquam
1110 869 1339 909 Aeschines
1355 883 1544 909 caussam
1567 883 1684 908 suam
1702 869 1790 908 dix-

284 925 377 965 erit.
411 925 608 965 REISK.
673 926 736 965 Ut
758 925 945 979 iniquum
971 926 1024 965 sit
1050 925 1194 965 audire
1216 925 1455 971 calumnias„
1479 925 1628 979 quibus
1650 930 1791 965 retun-

284 981 431 1021 dendis
453 986 617 1035 tempus
639 982 739 1021 mihi
761 997 843 1021 non
865 982 1000 1021 detur.
1045 981 1291 1021 SOHAEF.

344 1050 441 1087 407,
477 1049 541 1089 25.
578 1038 949 1091 ἐκείνῳ-ἐκείνου]
997 1038 1184 1077 Adverte
1220 1036 1477 1090 pronominis
1513 1036 1791 1076 iterationem.

286 1093 536 1133 SGHAEF.

340 1161 436 1199 407,
462 1161 526 1200 27.
549 1149 811 1202 ὑπὲρ-περὶ]
847 1148 1159 1203 Significatione
1187 1162 1267 1187 non
1291 1148 1499 1189 differunt.
1553 1149 1607 1188 V.
1630 1153 1715 1188 not.
1738 1148 1792 1188 ad

284 1219 324 1257 p.
349 1216 489 1256 10,17.
513 1211 556 1245 et
582 1205 808 1244 Aeschines
830 1220 869 1258 p.
892 1219 959 1258 55„
985 1207 1041 1243 18.
1087 1204 1343 1244 SCHAEF.

341 1273 437 1312 407,
464 1262 527 1299 28.
560 1261 654 1311 λέγε
681 1278 746 1311 μοι
774 1262 843 1311 τὴν
864 1261 1093 1313 μαρτυρίαν]
1133 1260 1359 1313 quusnam
1392 1261 1448 1300 rei
1481 1259 1792 1299 testimonium?

288 1316 404 1356 Haec
440 1321 516 1356 aut
548 1317 637 1356 loco
673 1332 747 1356 suo
784 1322 899 1356 mota
930 1317 1133 1361 videntur,
1167 1322 1241 1356 aut
1277 1316 1432 1370 aliquid
1464 1318 1573 1355 forte
1608 1320 1707 1355 ante
1744 1330 1793 1355 ea

287 1372 454 1412 excidit.
518 1372 611 1411 Nisi
634 1373 735 1412 haec
756 1374 943 1424 μαρτυρία
968 1373 1184 1411 referenda
1212 1372 1266 1412 sit
1291 1373 1342 1412 ad
1370 1373 1494 1411 modo
1517 1372 1670 1411 citatos
1695 1372 1792 1422 (hac

286 1428 439 1481 pagina
455 1443 490 1467 v.
509 1430 588 1479 13.)
606 1428 810 1479 μάρτυρας.
872 1429 991 1479 Quod
1015 1433 1155 1468 tamen
1177 1442 1259 1467 non
1280 1433 1395 1481 puto.
1434 1427 1792 1467 MARKLAND.

288 1483 396 1523 Sane
419 1484 634 1523 referenda
654 1489 719 1524 est
740 1485 794 1523 ad
821 1484 910 1523 illos
932 1489 1075 1524 testes.
1120 1483 1172 1523 V.
1194 1489 1280 1524 not.
1303 1485 1357 1524 ad
1376 1499 1410 1524 v.
1434 1498 1494 1537 13.
1537 1483 1789 1523 SCHAEF.

348 1543 443 1585 408„
475 1556 511 1589 o.
545 1541 668 1580 οὐδεὶς
698 1539 1035 1593 πώποθ’...ἑάλω]
1076 1548 1098 1561 “
1118 1540 1181 1578 No
1218 1555 1295 1579 one
1331 1555 1426 1580 ever
1457 1554 1539 1579 was
1575 1539 1792 1579 convicted

286 1595 511 1648 admitting
542 1594 605 1633 his
635 1595 778 1648 g11ilt.”
840 1596 923 1634 For
957 1610 1129 1649 persons
1155 1596 1244 1634 who
1277 1596 1491 1636 confessed
1522 1595 1634 1635 their
1666 1595 1793 1635 crime

287 1664 392 1689 were
413 1655 458 1690 at
480 1665 582 1690 once
610 1651 825 1703 punished.
889 1652 966 1691 See
989 1651 1184 1691 Aeschin.
1209 1651 1414 1691 Timarch.
1437 1667 1476 1705 p.
1503 1665 1562 1703 ¹3·
1587 1651 1701 1690 St:
1720 1666 1726 1689 ι
1748 1664 1791 1705 ¹3

289 1706 338 1744 R.
410 1706 449 1745 It
482 1706 516 1744 is
552 1706 736 1759 singular
767 1712 811 1746 to
842 1708 1013 1746 observe
1046 1708 1140 1746 that
1172 1721 1285 1747 some
1322 1708 1427 1747 have
1457 1707 1689 1747 translated
1721 1707 1793 1747 the

288 1761 443 1800 words:
481 1768 503 1783 “
523 1776 574 1801 no
606 1776 696 1807 one,
721 1763 838 1801 when
874 1763 926 1801 he
961 1763 1166 1802 admitted
1206 1762 1269 1801 his
1304 1763 1425 1811 guilt,
1453 1778 1534 1802 was
1570 1777 1664 1802 ever
1699 1776 1793 1802 con-

288 1817 500 1856 demnedf'
533 1817 844 1857 SHILLETO.
907 1819 1086 1871 Sopater
1106 1819 1160 1858 ad
1184 1818 1223 1856 H
1230 1814 1491 1872 ermogenem
1513 1833 1551 1871 p.
1574 1832 1640 1871 9¹·
1662 1818 1690 1856 f.
1715 1820 1792 1857 ἐπι-

287 1872 449 1921 πλήξειέ
470 1890 523 1914 τις
547 1874 593 1912 ἂν
615 1877 664 1926 τῷ
686 1873 928 1924 Ἑρμογένει,
952 1875 1011 1913 ὅτι
1031 1874 1099 1914 τὸν
1120 1875 1325 1923 ἠδικηκότα
1354 1876 1564 1926 ὁμολογεῖν
1584 1874 1694 1924 λέγει
1716 1875 1794 1913 ἀδι-

289 1932 381 1967 κεῖν.
436 1928 600 1980 (Rct'ert
631 1929 764 1968 locum
799 1929 1089 1983 Hermogenis,
1114 1929 1182 1982 qui
1202 1945 1241 1983 p.
1264 1943 1331 1982 57,
1360 1943 1393 1969 2.
1417 1930 1515 1970 edit.
1540 1929 1671 1982 Crisp.
1694 1929 1791 1983 legi-

289 1985 391 2031 tur.)
424 1985 549 2026 οὐδεὶς
586 1987 659 2035 γὰρ
692 1986 859 2029 πώποτε,
897 1986 945 2026 ὡς
978 1986 1075 2036 φησὶ
1109 1987 1375 2035 Δημοσθένης,
1411 1988 1616 2037 ὁμολογῶν
1649 1987 1794 2025 ἀδικεῖν

290 2039 405 2083 ἑάλω,
440 2039 528 2078 ἀλλ’
552 2042 895 2092 ἀναισχυντοῦσιν,
932 2042 1212 2091 ἀρνοῦνταικ.
1264 2044 1384 2091 δῆλον
1412 2044 1486 2092 γὰρ
1513 2043 1573 2087 ὡς,
1605 2043 1673 2080 ἐὰν
1705 2043 1793 2089 ὁμο-

289 2095 387 2148 λογῇ
411 2097 430 2133 ὁ
453 2097 612 2147 φεύγων
636 2096 865 2145 ἠδικηκέναι,
896 2096 1052 2147 λέγεται
1076 2097 1229 2151 [λύεται
1261 2111 1309 2135 ex
1342 2098 1430 2136 cod.
1455 2097 1640 2136 restituit
1659 2096 1794 2136 WalZ.

290 2149 363 2188 vol.
388 2165 427 2198 4.
453 2165 491 2203 p.
518 2151 627 2203 232]
650 2153 671 2201 ἡ
697 2152 991 2202 ἀμφισβήτησις
1023 2154 1084 2192 καὶ
1116 2153 1247 2192 ἕπεται
1278 2156 1322 2202 τῇ
1355 2154 1545 2205 ὁμολογία
1575 2154 1597 2202 ἡ
1622 2152 1794 2201 τιμωρία.

291 2205 483 2245 REJSK.

345 2263 441 2309 408,
469 2275 527 2313 ¹9·
553 2263 597 2300 οὐ
620 2264 692 2312 γὰρ
713 2263 965 2314 ῥητόρων-]
1005 2263 1209 2315 Compare
1240 2264 1311 2303 the
1333 2264 1587 2303 well-known
1618 2277 1795 2317 passage

290 2316 335 2353 of
360 2316 621 2368 Thucydides
646 2321 703 2368 (3.
726 2319 816 2369 38.)
841 2318 975 2356 where
1012 2319 1082 2357 the
1116 2318 1287 2372 feelings
1323 2321 1368 2358 of
1397 2334 1450 2359 an
1478 2319 1693 2360 Athenian
1724 2333 1795 2358 au-

290 2370 433 2410 dience
457 2371 546 2410 who
569 2377 675 2411 went
698 2377 742 2411 to
765 2373 835 2412 the
861 2374 1066 2426 asseinbly
1088 2374 1240 2426 merely
1262 2374 1303 2413 in
1326 2380 1447 2427 quest
1469 2377 1515 2414 of
1540 2374 1794 2414 intellectual

289 2426 541 2466 excitement
572 2441 644 2466 arc
678 2442 722 2466 so
755 2428 1009 2481 graphically
1039 2428 1295 2469 delineatcd:
1338 2432 1450 2469 αἴτιοι
1481 2430 1511 2469 δ’
1539 2432 1644 2478 ὑμεῖς
1675 2433 1796 2470 κακῶς

289 2482 634 2531 ἀγωνοθετοῦντες,
666 2485 804 2525 οἵτινες
841 2485 998 2523 εἰώθατε
1034 2485 1166 2523 θεαταὶ
1201 2487 1273 2532 μὲν
1306 2489 1381 2524 τῶν
1413 2487 1545 2536 λόγων
1576 2486 1792 2537 γίγνεσθαι,

290 2538 474 2586 ἀκροαταὶ
495 2539 533 2576 δὲ
559 2542 635 2577 τῶν
658 2539 783 2589 ἔργων
805 2556 835 2577 κ.
860 2556 892 2577 τ.
916 2545 953 2577 λ.
996 2538 1308 2580 SIHLLETO.

346 2594 441 2641 408,
468 2605 531 2631 21.
563 2594 676 2645 ὑπὲρ]
714 2596 809 2644 ὑπὲρ
831 2594 869 2633 h.
897 2594 921 2634 l.
949 2594 1106 2647 accipio
1137 2610 1212 2648 pro
1244 2597 1335 2635 ἀπό.
1399 2596 1506 2636 Nam
1537 2595 1794 2636 constructio

289 2647 391 2686 haec
419 2653 507 2687 est:
542 2650 776 2688 ἀπώσασθαι
803 2650 871 2698 τὴν
893 2652 1083 2701 αἰσχύνην
1104 2651 1173 2700 τὴν
1194 2652 1448 2703 ὑπάρχουσαν
1468 2654 1562 2702 ὑπὲρ
1589 2655 1794 2704 (propter,

290 2701 332 2740 id
363 2707 427 2742 est
457 2704 553 2753 ἀπὸ)
577 2708 652 2742 τῶν
674 2705 920 2755 πραγμάτων.
956 2705 1147 2745 HEISK.
1212 2707 1344 2745 Immo
1371 2708 1466 2756 ὑπὲρ
1493 2713 1553 2747 est
1584 2707 1607 2746 i.
1627 2722 1666 2759 q.
1693 2708 1791 2757 περί.

295 2758 352 2795 De
372 2757 485 2797 rebus
505 2759 878 2812 fmym'tersbecleqzoe
900 2761 1079 2812 proditis*
1099 2761 1274 2807 dedecus,
1296 2762 1400 2814 quod
1424 2775 1528 2802 nunc
1549 2769 1603 2801 est
1622 2762 1790 2808 civitati,

290 2814 510 2864 transfers-a
534 2814 573 2852 in
595 2814 733 2867 culpae
753 2821 940 2854 (uectores.
984 2816 1233 2855 SOHAEF.

347 2868 440 2915 408,
472 2880 535 2920 25.
568 2871 600 2907 εἰ
630 2872 701 2917 μὲν
729 2872 802 2920 γὰρ
830 2869 966 2909 ἅπανθ’
992 2888 1022 2908 κ.
1048 2888 1080 2909 τ.
1109 2871 1163 2924 λ.]
1199 2872 1397 2911 Absurda
1433 2871 1688 2925 hypothesis,
1720 2871 1790 2910 sed

290 2934 397 2971 quae
427 2922 510 2961 sola
542 2923 671 2974 possit
699 2924 859 2975 judices
881 2939 1026 2977 cogere
1050 2931 1093 2965 ut
1122 2927 1369 2965 Aeschinem
1400 2927 1630 2966 absolvant.
1694 2926 1790 2964 Sen-
