1914 3184
206 128 279 169 lxii
825 123 1090 166 REISKII

205 247 283 269 non
312 234 377 269 illa
406 233 558 281 quidem
590 232 819 281 inelegante,
848 234 914 268 sed
945 233 1111 272 indocta,
1141 231 1325 278 superiori
1354 230 1518 273 saeculo,
1541 238 1582 265 ut
1605 230 1711 265 vide-

66 309 192 332 Lxxlu
207 297 330 339 batur,
354 297 483 333 nescio
505 310 580 344 quo
601 310 621 333 e
640 297 751 339 libro,
774 309 851 331 non
876 296 1021 343 optimo
1043 294 1196 342 quidem
1217 293 1295 335 illo,
1317 293 1541 341 exscriptus.
1600 293 1711 331 Quod

206 374 293 398 cum
314 361 406 397 mihi
428 374 447 397 e
470 360 676 397 collatione
698 360 1014 407 Olynthiacarum
1037 357 1283 398 constitisset,
1306 356 1463 392 obrutus
1483 356 1564 392 aliis
1584 357 1713 392 multis

207 425 371 474 negotiis
403 425 478 460 cito
510 424 783 459 remittendum
817 423 904 458 duxi
936 422 1108 457 codicem
1143 420 1189 456 ad
1222 420 1433 456 dominum.
1493 419 1714 468 Specimina

205 497 335 525 tamen
357 491 438 537 ejus
457 488 495 523 in
516 486 646 523 libello
668 486 896 522 variantium
919 486 1105 521 dabimus.
1161 483 1294 520 Gratia
1314 494 1441 519 tamen
1462 483 1714 519 humanitatis

206 553 298 588 mihi
319 553 357 587 in
385 553 458 587 hoc
479 550 609 586 codice
631 549 951 585 communicando
981 549 1266 585 demonstratae
1297 548 1415 583 nihilo
1448 547 1569 582 minor
1598 558 1715 594 penes

206 629 275 652 nos
305 615 460 652 domino
490 613 631 650 codicis
661 622 802 655 manet,
825 625 868 648 ac
893 613 922 648 si
944 613 1115 649 omnium
1141 612 1262 647 codex
1283 611 1346 647 ille
1369 610 1716 659 praestantissimus

202 679 345 715 fuisset.

906 733 1017 775 §.21.

740 799 799 833 De
818 799 911 834 libro
936 799 1170 833 us'eimarano.

260 869 457 906 Interdum
489 868 605 904 affero
635 867 824 916 quaedam
844 880 864 903 e
882 868 980 903 libro
1002 867 1265 907 Weimarano,
1287 866 1334 902 de
1355 878 1430 913 quo
1460 865 1553 901 mihi
1582 865 1714 913 paucis

207 934 409 970 dicendum
441 941 627 980 superest.
687 930 1015 973 Bartholomaeus,
1038 931 1083 966 V.
1107 931 1150 966 C.
1175 929 1436 966 Bibliothecae
1457 929 1594 971 ducali,
1617 940 1714 975 quae

206 997 425 1033 Weimarae
456 1003 525 1037 est,
555 994 779 1042 praefectus,
809 995 867 1030 vir
894 1007 1079 1042 perquam
1110 994 1298 1029 officiosus
1328 1001 1366 1029 et
1395 994 1595 1035 humanus,
1626 1005 1712 1028 cum

207 1061 425 1101 audivisset,
458 1072 518 1094 me
547 1059 817 1094 Demosthenis
848 1057 1160 1105 edendi'cepisse
1193 1057 1408 1097 consilium,
1440 1056 1540 1092 ultro
1572 1056 1617 1091 ad
1652 1068 1713 1090 me

208 1123 385 1159 mittebat
414 1134 543 1157 mense
572 1122 755 1157 Januario
785 1120 873 1157 anni
904 1121 1012 1167 1766.
1037 1120 1255 1168 exemplum
1278 1119 1455 1156 editionis
1476 1119 1636 1155 Aldinae
1667 1132 1714 1155 ex

206 1189 282 1229 illa,
309 1188 369 1222 cui
399 1193 561 1234 praeest,
592 1185 824 1221 bibliotheca
853 1184 991 1224 ducali,
1014 1183 1073 1219 cui
1104 1184 1280 1231 exemplo
1310 1183 1463 1225 Aldino,
1493 1183 1593 1230 quod
1623 1183 1713 1218 olim

206 1264 322 1298 penes
342 1250 618 1297 Marquardum
640 1248 808 1284 Gudium
835 1247 918 1288 fuit,
940 1248 1005 1283 sed
1033 1260 1055 1282 a
1082 1247 1123 1282 C.
1142 1246 1181 1282 S.
1202 1246 1533 1287 Schurzfleischio,
1556 1247 1591 1282 id
1613 1247 1712 1294 quod

208 1328 341 1350 manus
358 1317 438 1363 ejus
454 1322 628 1354 testatur,
644 1314 682 1348 in
697 1313 965 1348 bibliothecam
980 1312 1119 1347 ducum
1134 1311 1456 1346 Weimarensium
1472 1311 1633 1351 illatum,
1651 1310 1714 1346 ad-

207 1377 368 1425 scriptae
383 1378 674 1414 erantaduobus
688 1376 857 1417 diversis,
869 1376 987 1411 altero
997 1375 1224 1422 antiquiore,
1235 1375 1522 1423 alterojuniore,
1532 1373 1715 1410 lectiones

208 1442 394 1483 variae,in
403 1442 540 1489 quibus
551 1441 664 1477 etiam
676 1441 883 1476 nonnullae
892 1447 982 1475 sunt
990 1439 1154 1488 vulgatis
1169 1438 1459 1474 emendatiores.
1476 1438 1554 1473 Has
1564 1438 1715 1486 appello

212 1506 474 1540 us'eimaranum
495 1504 728 1552 simpliciter,
751 1517 818 1540 seu
841 1504 1100 1539 ll‘ehmmnmn
1121 1508 1355 1538 correctorem
1378 1502 1439 1537 vel
1459 1507 1713 1537 annotatorem.

207 1569 253 1603 In
274 1569 348 1604 fine
378 1569 489 1618 hujus
519 1568 659 1604 codicis
689 1568 781 1603 haec
811 1566 934 1615 reperi
965 1574 1172 1602 annotata:
1203 1566 1241 1601 J.
1264 1566 1306 1601 de
1330 1565 1461 1600 Valcob
1487 1565 1636 1600 Venetus
1655 1565 1713 1600 Μ.

207 1633 381 1668 ,Ianuario
409 1645 517 1680 1592.
541 1633 673 1668 multas
693 1633 726 1667 in
748 1632 812 1667 hoc
831 1632 948 1666 codice
967 1631 1087 1666 varias
1107 1630 1271 1665 lectiones
1290 1630 1483 1665 annotavit.
1533 1629 1653 1670 Idem,
1676 1629 1714 1664 ni

207 1696 328 1739 fallor,
343 1697 380 1732 in
393 1697 518 1732 fronte
535 1696 616 1733 libri
635 1698 732 1732 hanc
749 1694 1044 1744 praescripserat
1061 1692 1385 1729 admonitionem:
1404 1693 1547 1727 Multas
1562 1694 1596 1728 in
1612 1693 1716 1740 hujus

208 1761 338 1796 codicis
357 1761 571 1808 maryz‘nz'bas
591 1761 754 1796 lectiones
772 1761 896 1795 varias
912 1760 964 1794 sic·
978 1787 1001 1796 ..
1020 1790 1025 1795 .
1043 1763 1183 1793 notatas
1211 1758 1339 1804 reperi.
1401 1757 1504 1791 Alias
1531 1757 1654 1792 addidi
1673 1770 1716 1792 ea*

207 1825 356 1859 alterius
376 1824 519 1860 librarii
540 1825 668 1864 codice,
690 1836 774 1872 quas
794 1826 846 1859 ita
866 1823 1006 1870 siqnavz'
1031 1834 1065 1857 2.
1086 1827 1125 1857 ut
1145 1834 1165 1856 α
1178 1821 1309 1869 primis
1329 1822 1628 1868 diqmscerentur.
1675 1820 1716 1854 Si

207 1901 309 1936 quam
329 1894 445 1923 autem
468 1890 502 1923 in
523 1888 587 1923 hoc
607 1888 724 1923 codice
743 1887 923 1922 lectionem
942 1886 1090 1921 similem
1110 1885 1259 1920 atterius
1279 1885 1409 1920 codicis
1430 1884 1571 1919 lectioni
1588 1883 1714 1927 inveni,

207 1952 430 1999 apposuimus
448 1964 609 1986 numeros
631 1963 660 1986 1.
682 1963 714 1986 2.
746 1951 890 1986 Paucae
911 1954 991 1985 item
1010 1962 1052 1985 ex
1067 1949 1174 1985 lertio
1195 1949 1312 1984 codice
1329 1949 1380 1983 ita
1400 1949 1560 1995 siynatae
1578 1953 1659 1982 sunt
1678 1959 1713 1994 3.

78 2023 195 2046 LXXIV
210 2016 316 2051 Haec
337 2016 402 2050 illa
423 2028 557 2050 manus
577 2028 700 2055 nova;
733 2026 830 2062 quae
861 2014 953 2049 mihi
981 2012 1110 2049 omnia
1138 2020 1225 2048 sunt
1253 2012 1415 2048 obscura
1445 2019 1483 2046 et
1507 2011 1715 2058 inexplica-

210 2079 310 2115 bilia.
374 2079 529 2121 Nescio,
561 2078 644 2126 quis
678 2079 741 2114 ille
772 2078 885 2114 fuerit
916 2078 1116 2118 Vulcobius,
1148 2076 1221 2112 nisi
1252 2084 1309 2112 est
1337 2074 1461 2123 potius
1492 2075 1714 2110 Vulcobius.

210 2143 364 2185 Nescio,
387 2143 451 2189 qui
472 2142 613 2178 fuerint
633 2145 713 2190 ejus
735 2141 897 2185 codices,
920 2155 1015 2188 quos
1036 2141 1206 2176 numeris
1234 2152 1264 2175 1.
1291 2152 1321 2175 2.
1348 2151 1383 2185 3.
1406 2137 1590 2175 distinxit.
1631 2137 1714 2173 Ple-

210 2218 350 2252 raeque
382 2205 651 2240 annotationes
681 2213 790 2240 erant
819 2217 838 2239 e
870 2204 1038 2240 secundo
1068 2203 1233 2251 petitae3
1266 2214 1362 2250 quae
1393 2214 1478 2238 cum
1509 2202 1715 2249 pleraeque

212 2268 460 2303 convenirent
490 2281 576 2303 cum
607 2267 774 2303 editione
800 2267 905 2302 Pauli
929 2267 1110 2306 Manutii,
1133 2267 1240 2313 coepi
1270 2266 1464 2312 suspicari,
1487 2278 1550 2300 eas
1578 2277 1597 2300 e
1623 2265 1717 2300 Pau-

212 2332 289 2366 lina
309 2330 396 2366 illuc
417 2331 617 2366 translatas
645 2344 741 2366 esse.
801 2330 875 2365 Sed
898 2329 1031 2365 falsam
1052 2330 1164 2365 fuisse
1192 2330 1289 2364 hanc
1310 2327 1578 2376 suspicionem,
1602 2340 1647 2362 ex
1669 2339 1715 2362 eo

213 2394 337 2435 didici,
362 2394 461 2440 quod
494 2394 699 2429 nonnullae
729 2394 767 2429 in
797 2394 862 2428 illo
890 2392 986 2428 libro
1011 2393 1246 2428 VVeimararo
1273 2392 1452 2440 leguntur
1479 2391 1605 2426 variae
1637 2391 1713 2427 lec-

214 2458 336 2493 tiones
357 2470 376 2492 e
397 2457 564 2493 secundo
585 2466 804 2498 annotatae,
828 2469 924 2504 quae
949 2469 1024 2492 non
1047 2464 1198 2492 exstant
1220 2456 1255 2491 in
1278 2455 1447 2491 Paulina.

911 2565 938 2606 ξ.
964 2574 1022 2597 22.

750 2638 808 2671 De
828 2637 920 2672 libro
937 2637 1181 2683 Lessinyz'ano.

270 2713 377 2747 Misit
407 2712 452 2747 ad
484 2724 545 2747 me
579 2711 798 2759 Lessingius
825 2711 871 2746 V.
895 2711 937 2747 C.
969 2719 1083 2758 poeta
1114 2710 1254 2745 nobilis
1284 2709 1549 2749 Germanicus,
1582 2707 1716 2744 fabulis

216 2776 343 2811 multis
381 2775 552 2816 scenicis,
588 2775 806 2811 Laocoonte
845 2775 1004 2822 aliisque
1038 2773 1249 2823 insignibus
1283 2773 1424 2822 ingenii
1456 2773 1716 2808 monumentis

216 2839 448 2879 nobilitatus,
474 2839 695 2887 Hamburgo
716 2839 912 2881 Aldinam,
937 2839 999 2874 cui
1019 2838 1190 2874 diversae
1220 2850 1354 2873 manus
1380 2837 1503 2872 varias
1532 2835 1716 2871 lectiones

219 2908 255 2935 et
275 2901 416 2936 scholia
436 2902 591 2944 inedita,
614 2915 773 2948 quorum
803 2903 983 2949 pleraque
1006 2902 1042 2937 in
1066 2901 1248 2936 Bavarico
1275 2901 1366 2936 item
1399 2900 1531 2947 reperi,
1553 2898 1715 2946 adscrip-
