1914 3184
307 140 362 181 62
701 141 1097 182 OLYNTHIAOA
1131 140 1421 182 SECUNDA.

307 245 429 286 Alex.
453 260 491 299 p.
516 248 616 297 96.)‚
640 246 768 286 etiam
792 246 973 299 Philippi
1005 247 1258 297 πεζεταίρους,
1281 245 1497 299 pauciores
1525 246 1691 299 quidem
1722 246 1813 286 illos

306 315 489 349 numero,
514 301 780 355 phalangitas
801 302 926 341 fuisse
948 301 1166 341 verisimile
1198 307 1274 341 est.
1338 301 1419 341 Hic
1451 306 1597 341 orator
1621 303 1671 342 de
1703 302 1813 342 duci-

306 357 383 396 bus
404 371 545 396 eorum
563 357 824 410 potissimum
848 357 1097 411 cogitavisse
1114 357 1327 410 putandus
1348 361 1425 397 est.
1489 357 1625 408 Quum
1643 358 1813 406 πεζέται-

305 430 366 463 ροι
388 413 443 451 1111
467 427 607 452 omnes
633 414 886 453 Macedones
917 418 1056 452 essent
1078 413 1270 464 (Diodor.
1300 423 1359 464 17,
1382 416 1487 465 57.),
1510 418 1688 467 apparet
1716 428 1813 466 quo-

305 469 427 507 modo
449 469 565 518 ξένοι,
588 469 836 515 mercenarii,
864 474 907 508 et
927 469 1141 520 πεζέταιροι
1163 468 1316 522 opponi
1338 469 1563 522 potuerint.
1601 469 1812 509 SAUPP.

365 537 429 577 23,
453 538 491 577 3.
524 525 890 578 συγκεκροτημένοι]
932 524 1142 565 Scholium
1175 525 1324 565 aderat
1353 524 1394 563 in
1419 525 1679 565 Meermann.
1706 525 1810 565 hoc:

305 580 632 631 γεγυμνασμένοι,
648 581 872 630 ἠσκημένοι.
905 581 1096 620 REISK.
1141 581 1207 620 Sic
1221 580 1534 634 int-elligendum
1548 595 1637 620 esse
1652 598 1814 632 συγκρο-

305 640 386 675 τεῖν
407 650 445 688 p.
465 649 559 688 520,
582 649 594 674 1
613 649 656 679 1..
672 636 777 676 satis
792 637 914 676 docet
937 637 1045 689 quod
1067 636 1238 676 additur
1259 637 1466 676 διδάσκειν.
1501 636 1683 677 Fallitur
1705 637 1814 676 enim

306 691 499 731 Reiskius
518 691 558 730 in
578 691 667 731 Ind.
684 692 755 732 Gr.
774 698 938 733 vertens
956 706 1095 746 costel-e,
1114 707 1358 746 conqregyare.
1420 692 1549 732 Recte
1566 693 1812 733 Buttmann.

304 747 345 786 in
370 747 460 786 Ind.
482 747 537 787 ad
562 747 807 796 Midianam,
831 749 900 789 ubi
933 754 1123 789 nostrum
1155 749 1290 788 locum
1317 762 1410 787 cum
1442 748 1510 788 illo
1540 748 1810 802 comparavit.

307 803 638 843 SCHAEFER.
699 804 884 858 Thucyd.
909 806 944 851 8,
968 817 1034 858 95.
1066 803 1267 854 Ἀθηναῖοι
1290 806 1385 843 κατὰ
1406 804 1523 856 τάχος
1546 805 1605 844 καὶ
1627 806 1810 856 ἀξυγκρο-

304 858 430 909 τήτοις
451 861 706 910 πληρώμασιν
726 862 1040 912 ἀναγκασθέντες
1060 860 1294 912 χρήσασθαι.
1358 860 1527 899 DOBR.

364 927 428 967 23,
451 927 490 968 5.
515 917 565 957 ὡς
586 915 615 955 δ’
640 917 715 967 ἐγὼ
739 933 770 955 κ.
795 934 824 955 τ.
848 917 905 969 λ.]
935 916 1050 957 Citat
1073 917 1112 955 h.
1134 916 1159 955 l.
1183 916 1393 956 Aristides
1415 916 1466 955 de
1499 915 1681 955 dictione
1702 915 1811 956 civili

305 985 344 1024 p.
370 973 462 1024 256,
486 973 523 1010 6.
586 971 872 1025 Hermogenes
900 988 938 1026 p.
960 985 1055 1025 432,
1088 986 1145 1024 ¹3·
1208 972 1343 1012 Schol.
1368 972 1567 1026 Hermog.
1590 987 1629 1025 p.
1651 985 1718 1025 34,
1749 985 1809 1025 15.

305 1031 348 1066 et
369 1042 408 1080 p.
430 1039 497 1080 45,
515 1028 551 1066 8.
574 1032 616 1066 et
637 1042 675 1080 p.
700 1030 795 1080 5380.
817 1028 887 1068 ubi
909 1029 950 1067 in
970 1028 1192 1082 generibus
1215 1031 1282 1067 τοῦ
1302 1031 1341 1078 ἐξ
1364 1030 1562 1078 ὑποβολῆς
1582 1028 1717 1079 λέγειν
1738 1042 1811 1067 nu-

304 1087 441 1122 merat
463 1082 526 1121 his
548 1083 707 1123 verbis:
741 1082 762 1133 ἢ
787 1084 891 1133 (scil.
916 1085 961 1134 ἐξ
985 1087 1185 1134 ὑποβολῆς
1219 1084 1353 1135 λέγειν
1387 1087 1470 1135 est)
1494 1085 1588 1123 ὅταν
1620 1083 1740 1125 ἐάσας
1773 1085 1813 1133 ἐξ

305 1139 455 1179 εὐθείας
485 1143 735 1190 προενεγκεῖν
768 1140 835 1179 τὸν
865 1143 988 1192 λόγον
1019 1141 1228 1191 προσώπου
1261 1140 1363 1181 τινὸς
1394 1140 1573 1189 ὑποβολῇ
1608 1139 1811 1191 χρήσηται,

305 1195 466 1247 κάκείνῳ
488 1198 624 1249 περιθῇ
645 1196 731 1236 τοὺς
752 1197 906 1247 λόγους.
939 1198 1033 1236 οἷον·
1067 1197 1116 1237 ὡς
1138 1197 1213 1247 ἐγὼ
1230 1199 1305 1235 τῶν
1323 1197 1365 1234 ἐν
1386 1196 1480 1249 αὐτῇ
1497 1212 1528 1234 τ.
1547 1213 1583 1247 χ.
1619 1195 1812 1235 REISK.

306 1250 421 1290 Conf.
454 1265 492 1303 p.
522 1264 582 1303 15,
610 1263 673 1292 20.
736 1251 851 1292 Citat
883 1252 1011 1292 etiam
1042 1251 1233 1291 Tiberius
1263 1266 1302 1304 p.
1328 1252 1392 1291 28.
1414 1250 1481 1290 ubi
1506 1251 1695 1291 Boisson.
1717 1256 1813 1304 post

305 1308 381 1357 ἐγὼ
404 1321 453 1345 ex
478 1306 579 1346 Vat.
603 1307 765 1347 addidit
787 1325 893 1347 ποτε.
955 1307 1285 1348 SCHAEFER.

365 1374 428 1414 23,
453 1363 490 1401 6.
515 1362 563 1401 In
585 1368 728 1402 annot.
751 1363 774 1402 l.
801 1363 966 1406 οὐδένως
986 1378 1104 1403 error
1124 1364 1372 1417 typothetae
1393 1367 1457 1402 est
1479 1377 1556 1416 pro
1577 1362 1759 1402 οὐδένων.

362 1418 532 1457 οὐδένων
554 1420 628 1457 εἰσὶ
649 1421 847 1472 βελτίους]
880 1420 910 1459 J.
935 1435 973 1473 q.
997 1419 1072 1459 οὐδ’
1098 1421 1172 1459 εἰσὶ
1193 1422 1376 1469 βελτίους
1405 1423 1482 1458 τῶν
1512 1420 1647 1458 ἄλλων
1669 1420 1813 1470 ἀνθρώ-

305 1490 400 1519 πων,
425 1474 549 1513 nihilo
568 1476 859 1527 srmztsbt·tiores
882 1476 989 1523 aliis,
1008 1482 1054 1516 ut
1078 1476 1272 1528 Xenoph.
1300 1475 1349 1514 de
1372 1475 1517 1528 vectig.
1541 1488 1573 1521 1,
1602 1489 1607 1513 1
1633 1490 1641 1513 ;
1675 1476 1813 1526 γιγνώ-

307 1546 446 1569 σκουσι
466 1531 538 1579 μὲν
560 1531 602 1569 τὸ
625 1532 772 1570 δίκαιον
805 1532 998 1573 οὐδενὸς
1029 1532 1171 1581 ἧττον
1201 1535 1277 1570 τῶν
1305 1532 1441 1570 ἄλλων
1463 1532 1689 1581 ἀνθρώπων.
1751 1530 1812 1570 Cf.

307 1585 419 1625 Plat.
442 1585 575 1625 Alcib.
602 1586 657 1625 ΙΙ.
680 1601 718 1639 p.
749 1588 837 1635 148.
861 1602 908 1627 c:
943 1589 1112 1627 οὐδένων
1140 1588 1255 1636 ἦττον
1284 1587 1455 1638 εὐτυχεῖς
1484 1588 1582 1626 εἰσὶν
1604 1587 1810 1637 ἅνθρωποι,

305 1641 474 1694 ipseque
497 1642 713 1682 Demosth.
738 1643 907 1695 Olynth.
930 1659 969 1697 p.
1000 1656 1061 1694 17.
1126 1644 1189 1682 De
1218 1643 1338 1682 sociis
1362 1642 1543 1695 Philippi
1566 1642 1812 1682 Demosthe-

305 1696 384 1736 nic.
409 1712 467 1737 or.
491 1698 541 1737 de
565 1698 746 1752 Philippi
770 1699 905 1753 Epist.
938 1715 976 1753 p.
1006 1713 1078 1752 155
1098 1715 1105 1738 ε
1140 1699 1227 1740 τοὺς
1258 1701 1298 1738 δὲ
1330 1702 1424 1750 (τῶν
1447 1700 1704 1749 Μακεδόνων)
1728 1699 1814 1749 περὶ

307 1753 424 1793 αὐτὸν
448 1754 537 1805 (τὸν
559 1756 778 1807 Φίλιππον)
802 1757 917 1797 ὄντας
941 1757 1151 1806 ἑταίρους
1173 1755 1234 1794 καὶ
1254 1755 1342 1796 τοὺς
1368 1758 1443 1793 τῶν
1474 1754 1622 1803 ξένων
1649 1755 1812 1804 ἡγεμό-

305 1825 385 1850 νας
408 1809 588 1860 εὑρήσετε
612 1809 731 1859 δόξαν
750 1814 823 1861 μὲν
850 1812 1014 1864 ἔχοντας
1042 1811 1099 1851 ἐπ’
1123 1811 1292 1863 ἀνδρείᾳ,
1314 1813 1534 1860 περιδεῶς
1556 1812 1601 1849 δὲ
1630 1813 1814 1858 μᾶλλον

305 1869 391 1904 τῶν
425 1864 602 1914 ἀδόξων
634 1871 775 1913 ζῶντας
797 1885 827 1906 κ.
852 1884 883 1906 τ.
906 1873 945 1907 λ.
1007 1867 1086 1919 Qui
1117 1872 1233 1907 totus
1265 1867 1379 1906 locus
1417 1866 1689 1906 conferendus
1720 1880 1813 1906 cum

305 1926 462 1960 nostro.
526 1921 712 1962 VOEM.

365 1989 428 2030 23,
454 1980 490 2016 8.
518 1979 665 2020 εἰ-τις
696 1979 861 2029 ἆινήρ-,
895 1981 1065 2034 τούτους]
1099 1980 1285 2019 Observa
1316 1977 1592 2018 mutationem
1625 1991 1813 2017 numero-

306 2033 635 2073 run1.WOLF.
698 2034 857 2088 Nempe
887 2037 943 2078 τὶς
968 2051 1098 2090 genus
1120 2035 1289 2075 indicat.
1353 2033 1682 2075 SCHAEFER.
1745 2033 1812 2073 Sic

306 2091 450 2128 τούτων
470 2094 566 2142 post
589 2093 625 2130 εἴ
643 2107 697 2131 τις
718 2090 879 2131 illatum
901 2107 939 2145 p.
962 2094 1057 2146 318,
1088 2094 1146 2131 18.

366 2157 429 2198 23,
461 2157 521 2184 12.
546 2146 713 2185 Doede1
716 2146 786 2186 hm
808 2148 1140 2188 emendationem
1169 2147 1295 2200 petivi
1318 2160 1367 2186 ex
1390 2146 1477 2199 ejus
1499 2145 1724 2185 lectionum
1745 2160 1812 2185 va-

305 2200 459 2240 riarum
482 2201 636 2241 decade
658 2217 696 2255 p
719 2216 759 2254 5.

365 2268 428 2307 23,
454 2269 546 2294 12—
564 2269 626 2309 23.
644 2274 713 2306 την
735 2258 815 2298 καθ
832 2260 976 2309 ἡμέραν
998 2259 1363 2310 ἀκρασίαν-αὑτὸν
1381 2258 1481 2310 ἔχει]
1512 2256 1635 2296 Hanc
1651 2270 1813 2295 morum

307 2311 489 2364 Philippi
504 2312 823 2365 descriptionem
846 2314 1095 2354 confirmant
1118 2329 1224 2368 quae
1244 2315 1297 2354 ab
1321 2314 1602 2366 Theopompo,
1621 2311 1813 2365 Carystio

305 2372 347 2406 et
371 2366 645 2420 Hegesandro
666 2369 826 2410 tradita
848 2375 946 2409 sunt
968 2371 1007 2409 in
1030 2370 1128 2410 locis
1149 2371 1202 2410 ab
1226 2369 1447 2409 Athenaeo
1469 2367 1689 2421 excerptis,
1709 2382 1812 2420 quos

305 2422 414 2462 infra
436 2437 705 2476 apponemus.

365 2490 430 2532 23,
461 2492 519 2532 13.
553 2478 845 2530 κορδακισμοὺς]
887 2478 1002 2518 Citat
1035 2478 1073 2517 h.
1111 2479 1136 2518 l.
1170 2478 1484 2532 Harpocration
1517 2493 1548 2518 s.
1571 2494 1606 2519 v.
1642 2482 1812 2529 κορδακι-

306 2536 412 2584 σμός.
478 2534 776 2588 Intelliguntur
791 2538 933 2574 autem
950 2534 1196 2574 saltationes
1218 2534 1408 2583 lascivae,
1425 2534 1616 2588 qualibus
1634 2534 1811 2574 delecta-

304 2590 460 2630 bantur
490 2590 685 2630 convivae
715 2589 1033 2644 petulantiores,
1097 2590 1408 2631 Mnesimachus
1432 2606 1499 2644 ap.
1523 2591 1678 2630 Athen.
1701 2603 1739 2642 9.
1770 2605 1811 2643 p.

304 2658 385 2694 402
404 2646 451 2684 F.
467 2646 607 2696 κρατὴρ
623 2645 879 2697 ἐξερροίβδητ’
896 2647 1013 2691 οἴνου,
1035 2648 1222 2696 πρόποσις
1234 2652 1364 2699 χωρεῖ,
1382 2647 1544 2686 λέπεται
1558 2648 1708 2698 κόρδαξ,
1724 2647 1812 2685 ἀκο-

304 2702 508 2740 λασταίνει
531 2705 617 2743 νοῦς
636 2704 852 2752 μειρακίων.

364 2768 427 2809 23,
456 2769 518 2808 15.
532 2757 706 2819 ·A⁷JUT&9]
738 2756 1015 2810 Philippusa
1048 2771 1090 2796 se
1122 2756 1277 2797 amovit
1310 2759 1511 2808 ἐμπείρους
1542 2754 1717 2805 πολέμου
1751 2758 1812 2795 καὶ

305 2812 480 2861 ἀγώνων,
504 2812 613 2851 viros
634 2812 693 2851 rei
715 2812 907 2851 militaris
929 2812 1098 2865 peritos,
1118 2812 1186 2866 (1111
1209 2813 1335 2852 solius
1355 2812 1512 2866 glmiae
1533 2811 1669 2864 cupidi
1692 2825 1809 2851 arma

305 2871 540 2906 sumer:ent
574 2867 797 2907 contemsit
830 2869 990 2918 σωφροι
994 2885 1038 2909 ας
1071 2868 1131 2908 καὶ
1164 2869 1343 2914 δικαίους,
1376 2868 1562 2907 homines
1594 2866 1715 2920 frugi,
1739 2866 1809 2919 qui

304 2920 405 2960 vitia
445 2922 566 2962 aulae
608 2922 907 2963 Macedonicae
952 2923 1306 2963 abominarentur.
1369 2924 1398 2962 J
1401 2937 1468 2963 am
1510 2922 1550 2961 in
1591 2922 1809 2961 amborum
