1934 3179
285 126 368 164 442
856 122 974 162 PRO
1014 119 1274 161 CORONA.

291 239 356 277 27,
374 236 410 278 7.
433 230 481 266 ut
502 226 689 271 videtum
724 239 806 264 non
829 223 932 271 Elei,
954 224 1004 262 cf.
1028 223 1211 262 Pausan.
1233 234 1272 274 5,
1295 233 1333 269 4,
1355 234 1395 273 5.
1457 220 1679 260 Caeterum
1699 220 1797 259 Jus-

289 282 364 322 tin.
403 296 440 335 9,
476 295 515 334 3.
547 281 680 320 tradit
712 279 1032 319 Atheniensium
1065 282 1107 317 et
1143 277 1349 317 sociorum
1381 275 1610 315 exercitum
1646 275 1688 314 in
1720 275 1798 314 hoc

290 337 446 391 proelio
467 337 667 389 majorem
688 336 829 383 fuisse,
851 334 1062 373 Diodorus
1088 335 1149 378 16,
1177 333 1242 385 85.
1263 336 1404 371 autem
1427 330 1622 384 Philippi.
1683 330 1798 369 DIS·

349 450 445 501 306,
474 461 535 500 13.
570 446 794 497 συμμάχους
813 445 885 494 μὲν
916 446 1004 493 ὑμῖν
1026 444 1191 493 ἐποίησα
1212 460 1244 481 κ.
1267 459 1299 481 τ.
1321 443 1379 495 λ.]
1416 440 1668 481 Scholiastes
1691 440 1798 479 Her-

293 503 477 556 mogenis
511 517 550 554 p.
581 515 670 553 [30.
705 502 801 539 οὕτω
837 501 897 538 καὶ
921 499 1186 548 Δημοσθένης,
1214 497 1456 547 ζητουμένου,
1487 498 1520 536 εἰ
1553 497 1683 537 εὔνους
1716 496 1801 534 ἐστὶ

293 562 338 608 τῇ
358 560 487 604 πόλει,
504 557 578 596 ἀπὸ
600 560 676 595 τῶν
696 556 873 605 πράξεων
889 554 1107 603 συνέστησε
1124 554 1192 602 τὴν
1212 555 1348 592 ἑαυτοῦ
1366 554 1518 592 εὔνοιαν
1535 553 1653 592 οὕτως
1671 552 1799 590 εἰπών·

294 616 391 652 ὅπου
417 613 508 666 (leg.
531 614 648 652 οὕτως
682 611 799 649 εἰπών
828 627 913 655 που,
937 609 1064 648 nescio
1094 607 1162 647 ubi
1194 609 1396 660 locorum.)
1458 607 1697 654 Βυζαντίους,
1722 609 1801 644 Πε-

293 669 475 719 ρινθίους,
504 667 693 715 Εὐβοέας,
716 665 900 717 Ἀχαιοὺς
933 663 1159 715 συμμάχους
1191 664 1357 712 ἐποίησα
1385 666 1430 717 τῇ
1463 663 1590 701 πόλει.
1622 661 1801 701 fortasse

295 724 403 762 hunc
425 723 561 762 locum
583 722 814 774 designans.
878 719 1070 758 REISK.

353 781 448 832 306,
473 792 531 829 17.
552 782 628 816 τῶν
649 774 878 828 πολιτικῶν]
903 776 935 814 Ῑ.
959 790 995 827 q.
1019 779 1095 813 τῶν
1117 775 1267 813 οἰκείων
1287 788 1325 826 p.
1344 783 1440 826 305,
1463 774 1524 812 18.
1550 771 1799 812 SCHAEF.

353 836 448 886 306,
478 846 536 883 19.
562 831 706 885 δίκαια]
733 830 929 884 Explicat
951 829 1193 869 scholiastes
1221 829 1323 868 sat-is
1350 828 1523 867 erudite.
1586 827 1803 879 Discepta-

297 889 357 929 tio
385 893 477 928 erat
512 889 563 926 de
590 888 683 940 jure
716 892 759 926 et
790 886 1070 939 proportione.
1105 884 1363 923 TAYLOR.
1425 884 1601 922 Sensus:
1637 882 1679 922 Si
1707 896 1804 921 vero

298 943 574 989 calumniaris.
597 943 707 995 quod
738 941 1002 981 officiosiores
1034 955 1132 994 erga
1164 940 1385 979 Thebanos
1416 943 1458 978 ct
1481 938 1732 992 Byzantinos
1762 941 1806 977 et

300 1000 565 1039 Euboeenses
587 999 638 1037 de
666 999 759 1051 jure
791 1001 937 1036 nostro
967 996 1227 1048 aliquantum
1260 994 1504 1034 remisimus.
1567 995 1605 1032 A
1628 993 1805 1033 liberali-

298 1060 389 1095 tate
411 1055 715 1094 Demosthenes
737 1052 891 1105 repetit
913 1052 1023 1104 quod
1048 1051 1275 1090 Aeschines
1299 1050 1512 1103 largitioni
1535 1049 1742 1089 tribuerat
1761 1063 1804 1101 p.

300 1121 367 1162 74.
392 1113 506 1163 (535.
531 1110 602 1158 R.)
650 1109 995 1148 SCHAEFER.
1057 1106 1283 1145 Aeschines
1305 1120 1337 1145 c.
1361 1105 1543 1158 Ctesiph.
1566 1120 1605 1157 p.
1630 1115 1696 1155 74.
1719 1103 1806 1142 dix-

300 1171 393 1206 erat
412 1182 420 1205 :
454 1170 529 1205 τῶν
551 1167 604 1207 εἰς
625 1165 692 1204 τὸν
712 1166 887 1213 πόλεμον
909 1162 1176 1211 ἀναλωμάτων
1196 1164 1242 1201 τὰ
1266 1163 1338 1211 μὲν
1360 1162 1424 1200 δύο
1445 1161 1541 1211 μέρη
1561 1163 1650 1210 ὑμῖν
1672 1160 1806 1208 ἀνέθη-

302 1239 380 1267 κεν,
403 1222 446 1260 τὸ
470 1223 510 1260 δὲ
531 1222 660 1271 τρίτον
680 1220 794 1270 μέρος
816 1219 1021 1268 Θηβαίοις.
1083 1217 1234 1257 Confer
1255 1230 1380 1269 porro
1402 1216 1576 1255 eundem
1597 1230 1636 1268 p.
1661 1216 1727 1253 66.
1757 1215 1807 1253 de

302 1277 500 1316 Euboicis
521 1277 644 1315 rebus
662 1279 916 1328 querentem.
970 1273 1033 1312 De
1051 1272 1262 1326 Byzantiis
1280 1271 1470 1311 similiter
1485 1271 1650 1310 dixerat
1667 1283 1808 1309 coram

297 1333 518 1385 judicibus.
542 1332 581 1370 in
615 1331 728 1371 edita
749 1344 845 1369 vero
867 1329 1067 1374 oratione.
1092 1334 1138 1368 ut
1160 1342 1286 1381 supra
1312 1328 1401 1379 jam
1422 1326 1611 1374 vidimus⁷
1634 1325 1808 1365 mentio-

303 1402 396 1427 nem
419 1402 560 1427 eormn
582 1386 732 1426 omisit.
795 1384 1019 1424 DISSEN.

357 1444 453 1496 306.
475 1456 538 1482 22.
572 1447 648 1482 τῶν
669 1443 764 1491 ὑπὲρ
785 1445 861 1480 τῶν
880 1439 1087 1488 (Ελλήνων
1114 1439 1272 1477 ἐκείνων
1303 1437 1608 1488 ἀγωνισαμένων
1633 1436 1807 1487 τριήρων,

302 1499 533 1549 τριακοσίων
547 1499 674 1536 οὐσῶν
687 1501 763 1536 τῶν
778 1499 914 1535 πασῶν
929 1497 994 1536 τὰς
1011 1494 1242 1542 διακοσίαςὴ
1259 1495 1372 1534 πόλις
1388 1492 1629 1546 παρέσχετο]
1648 1492 1809 1531 Ducen-

301 1560 368 1594 tas
390 1553 580 1593 triremes
598 1551 918 1592 Atheniensium
940 1550 979 1588 in
1003 1563 1141 1602 pugna
1159 1548 1385 1587 Salaminia
1407 1552 1589 1587 certasse
1610 1547 1738 1586 etiam
1759 1561 1810 1586 ex

302 1609 526 1649 Herodoto
553 1612 731 1653 constat,
755 1606 823 1659 qui
851 1604 1091 1657 ceteroquin
1113 1608 1247 1643 totam
1271 1604 1530 1643 Graecorum
1559 1602 1731 1641 classem
1758 1616 1810 1641 ex

302 1664 503 1705 trecentis
525 1663 791 1716 septuaginta
808 1666 905 1700 octo
922 1660 1161 1699 triremibus
1183 1658 1419 1698 constitisse
1441 1662 1599 1701 narrat.
1619 1672 1711 1696 cum
1730 1657 1810 1696 De-

303 1720 541 1759 mosthenes
572 1724 618 1758 ut
641 1717 834 1770 Aeschyl.
862 1716 973 1755 Pers.
997 1727 1091 1768 337.
1125 1719 1335 1753 trecentas
1357 1717 1556 1753 numeret.
1620 1712 1729 1752 Vide
1760 1713 1812 1752 de

303 1780 397 1815 tota
432 1789 476 1814 re
508 1773 763 1813 Boeckhium
796 1773 837 1811 in
869 1771 974 1810 libro
1006 1770 1057 1809 de
1084 1771 1236 1809 Oecon.
1264 1769 1421 1808 Athen.
1450 1782 1486 1807 Ι.
1519 1783 1559 1820 p.
1583 1779 1661 1819 275
1695 1782 1810 1820 seqq.

305 1830 530 1870 DISSEN.
593 1829 709 1869 conf.
733 1828 786 1867 ad
813 1842 851 1880 p.
881 1828 971 1874 186,
995 1828 1031 1865 6.
1055 1825 1125 1864 ubi
1154 1829 1321 1864 centum
1342 1828 1509 1864 tantum
1531 1822 1704 1862 Atticae
1727 1837 1812 1862 cer-

304 1891 418 1925 tasse
439 1885 646 1924 (licuntur.

360 1942 456 1994 306.
483 1953 545 1993 23
571 1942 640 1982 τὰς
661 1940 858 1980 διακοσίας
878 1939 900 1988 ἡ
922 1939 1035 1978 πόλις
1056 1935 1298 1989 παρέσχετο]
1323 1934 1681 1985 Quemadmodum
1704 1946 1813 1972 nunc

307 1999 354 2035 τὰ
390 1998 456 2035 δύο
487 1996 582 2045 μέρη
620 1996 694 2034 τῶν
727 1996 781 2035 εἰς
812 1995 881 2033 τὸν
916 1994 1091 2041 πόλεμον
1127 1991 1405 2040 ἀναλωμάτων,
1440 1990 1569 2029 tertia
1602 1994 1814 2028 sumtuum

305 2056 426 2104 parte
464 2050 675 2089 Thebanis
708 2050 907 2103 irrogata.
946 2048 1055 2099 quod
1089 2045 1364 2085 Demostheni
1401 2044 1633 2084 Aeschines
1664 2044 1814 2083 acerbe

308 2107 537 2159 exprobrat
559 2121 598 2159 p.
623 2116 690 2155 74.
753 2103 1003 2144 SGHAEF.

364 2174 459 2213 307,
487 2174 522 2199 1.
547 2160 678 2213 κενὰς]
704 2161 810 2198 κεναὶ
835 2159 989 2210 χάριτες
1015 2162 1112 2196 sunt
1138 2155 1283 2201 officia.
1307 2155 1446 2195 studia
1467 2169 1584 2201 vana,
1608 2153 1815 2193 incassum

308 2220 475 2263 navata,
499 2216 581 2254 sive
617 2215 696 2260 illo,
719 2214 783 2253 cui
816 2218 1035 2259 navantur,
1060 2211 1170 2250 haud
1207 2210 1470 2249 desiderante
1504 2214 1546 2248 et
1578 2209 1640 2248 vel
1673 2222 1813 2261 asper-

308 2276 436 2310 nante
467 2270 606 2314 etiam,
631 2270 713 2308 sive
745 2270 855 2320 quod
887 2282 978 2307 sero
1010 2267 1192 2313 veniunt,
1216 2266 1299 2305 sive
1331 2266 1441 2318 quod
1472 2278 1559 2304 rem
1590 2263 1742 2303 malam
1772 2268 1816 2302 et

310 2330 552 2377 corruptam
575 2325 685 2363 haud
708 2324 934 2376 corrigunt.
996 2321 1188 2360 REISK.

367 2380 519 2432 χαρίζῃ]
544 2379 817 2418 Scribendum
839 2379 997 2429 χαρίζει.

370 2446 462 2487 307,
488 2447 523 2474 2.
546 2433 810 2486 ἰὸν-παρὼν]
837 2434 888 2471 ὣν
911 2434 952 2471 ἐν
973 2435 1016 2485 τῇ
1037 2433 1163 2475 πόλει,
1187 2445 1325 2483 agens„
1348 2431 1507 2468 habens
1533 2429 1574 2467 in
1596 2429 1710 2476 urbe,
1733 2442 1815 2467 non

310 2490 594 2543 peregrinans,
627 2490 774 2538 παρὼν,
798 2488 953 2527 scilicet
976 2491 1052 2527 τοῖς
1073 2485 1330 2536 γιγνομένοις,
1352 2498 1548 2536 praesens
1579 2485 1703 2522 rebus
1725 2483 1815 2529 illis,

312 2560 405 2584 cum
440 2549 695 2598 gererentur.
728 2543 768 2581 in
806 2543 855 2582 iis
890 2541 1035 2581 mediis
1058 2555 1239 2579 versans.
1272 2539 1464 2578 REISK.
1526 2540 1672 2588 παρὼν,
1694 2552 1815 2590 prac-

314 2614 408 2639 sens
430 2600 470 2638 in
493 2599 770 2638 concionibus.
794 2598 863 2637 ubi
886 2599 936 2636 de
960 2597 1037 2635 illis
1058 2596 1182 2634 rebus
1203 2596 1418 2648 agebatur.
1481 2593 1728 2632 SOHAEF.

370 2666 464 2707 307,
489 2657 525 2693 6.
548 2655 633 2694 τοὺς
657 2652 1013 2704 ἀπελαυνομένους]
1038 2651 1259 2689 Thebanos
1281 2649 1489 2702 significat
1509 2649 1562 2687 ab
1586 2647 1815 2686 Athenien-

315 2710 420 2748 sium
442 2709 642 2747 socictate
665 2708 971 2748 conditionibus
993 2705 1144 2758 iniquis
1166 2706 1350 2744 abactos,
1387 2703 1635 2742 SEAGER.
1699 2702 1815 2741 Diar.

316 2764 486 2803 Classic.
509 2777 575 2815 54.
598 2778 638 2815 p.
663 2775 753 2802 222.

371 2831 465 2871 307.
491 2820 526 2857 8.
560 2820 597 2856 τί
616 2818 663 2857 ἂν
685 2817 835 2870 οἴεσθε]
871 2817 1036 2856 Laudat
1064 2817 1172 2854 hunc
1201 2815 1334 2853 locum
1358 2813 1611 2853 Plutarchus
1636 2813 1745 2850 Mor.
1777 2825 1816 2863 p.

315 2885 395 2923 542
421 2873 487 2914 A..
511 2873 579 2911 ubi
602 2874 795 2912 observat
818 2872 919 2912 scite
941 2887 965 2911 a
989 2871 1269 2910 Demosthene
1291 2869 1418 2907 minui
1440 2873 1483 2907 et
1505 2866 1650 2907 evitari
1673 2865 1817 2904 moles-
