1950 3210
653 150 764 190 PRO
797 148 1048 190 CORONA.
1526 151 1605 189 53:51

95 254 204 306 λέξιν
225 260 329 295 ποιεῖ
358 256 564 306 ἐνάργειαν
591 259 638 295 τὰ
669 259 858 306 πληκτικὶι
885 259 960 294 τῶν
987 253 1189 303 ὀνομάτων
1218 254 1278 292 καὶ
1305 255 1352 292 τὰ
1380 257 1609 302 σημαντικὰ,

98 313 194 351 οἷον·
225 311 382 362 “()ρᾶτε,
407 312 456 352 ὡς
478 316 613 361 σαφῶς
635 315 835 362 διορίζεται
859 312 919 350 καὶ
940 314 1062 359 δηλοῖ.
1126 308 1320 348 REISK.

159 379 249 420 239.
281 381 338 405 ιι.
371 367 466 416 πρὸς
504 369 589 409 τοὺς
623 370 758 406 ἑαυτοῦ
792 366 1034 419 συμμάχους]
1078 365 1183 404 Nam
1216 379 1306 403 cnm
1347 379 1447 417 pace
1483 365 1609 404 ctiam

99 423 299 474 συμμαχία
335 423 557 475 conjuncta
592 424 741 463 fuerat.
785 422 1005 462 DISSEN.
1069 420 1295 472 συμμάχους
1331 426 1473 460 autem
1511 421 1612 460 (licit

99 478 320 518 Thebanos
343 485 384 517 et
408 478 640 518 'l'hessalos.

156 547 248 586 239,
281 536 337 573 16.
371 533 494 587 ᾤχετο
518 536 686 576 ἐκείνους
707 534 861 586 λαβὼν]
896 532 1114 572 Sententia
1136 532 1223 584 ojus
1247 532 1347 571 hacc
1370 538 1447 571 est.
1512 532 1611 571 Pro-

97 605 263 643 gressus
299 596 363 629 cst
403 590 614 643 Philippus
647 590 832 629 ulterius.
897 589 1119 628 Thebanos
1153 588 1470 640 'l'lqusalosan
1500 588 1613 628 velut

98 646 223 686 turbo
255 645 394 685 onmia
425 660 563 685 coram
597 661 639 683 sc
670 660 809 697 agens,
835 645 1078 698 propellens.
1104 658 1226 682 ruens
1258 649 1299 682 ct
1332 649 1488 691 rotans,
1512 643 1610 697 egit,

99 716 180 754 quo
203 701 345 747 voluit,
369 702 539 740 obtorto
561 702 676 747 collo„
700 698 964 754 praccipites,
987 706 1242 743 occoecatos,
1267 699 1541 747 ‹l‹·111e11tat‹›s‚
1565 705 1613 740 ut

99 758 298 797 malornm
320 757 397 795 sibi
420 756 722 797 imminentium
745 757 799 796 nil
822 756 1124 809 praeviderent.
1162 755 1211 793 V.
1236 770 1260 807 p
1294 766 1388 807 347.
1417 768 1474 794 10.
1523 756 1613 795 Aut

98 818 162 853 est
191 813 321 852 simile
354 813 524 852 (luctum
559 814 608 852 dc
640 828 699 858 co,
724 813 791 866 qui
825 813 974 859 subitm
999 826 1071 864 por
1097 811 1176 849 vim
1208 816 1444 863 correptum
1478 811 1613 851 subla-

100 875 270 921 tumque
302 869 342 908 in
374 869 567 908 humeros
597 871 746 917 aufert,
780 883 860 921 quo
893 868 990 911 vult.
1026 866 1196 906 invitum
1229 873 1271 906 et
1305 867 1611 907 vociferantem.

102 925 297 964 RElSK.

160 993 252 1034 239,
283 993 342 1032 17.
376 983 428 1022 εἷς
450 981 511 1033 τὸ]
552 980 602 1020 Id
625 987 688 1020 est
711 983 823 1020 ὥστε.

160 1049 252 1089 239,
283 1038 343 1076 18.
386 1036 451 1087 ὑφ’
488 1039 608 1090 ἑαυτῷ
645 1036 902 1087 ποιήσασθαι]
959 1036 1088 1075 ΜΟ(1()
1125 1050 1162 1088 p.
1202 1048 1293 1084 240,
1320 1047 1384 1073 21.
1436 1034 1615 1083 δυνάμεις

100 1095 253 1134 πολλὰς
284 1094 345 1132 καὶ
375 1092 551 1143 μεγάλας
583 1095 750 1132 ἐποιεῖτο
781 1091 845 1143 ὑφ’
880 1093 1015 1144 ἑαυτῷ.
1048 1096 1093 1130 ut
1125 1106 1164 1144 p.
1190 1103 1282 1140 241.
1307 1091 1380 1130 ult.
1414 1091 1483 1131 ἕως
1516 1094 1614 1130 Θετ-

100 1150 240 1188 ταλίαν
270 1149 344 1188 ὑπὸ
377 1149 560 1201 Φιλίππῳ
593 1150 792 1198 ἐποίησαν.
826 1153 869 1186 et
900 1162 937 1200 p.
964 1148 1055 1196 248,
1086 1158 1146 1197 17.
1172 1146 1373 1186 similiter.
1438 1146 1499 1184 Dc
1533 1160 1616 1198 qua.

102 1203 412 1243 constructione
433 1204 521 1257 agit
545 1204 600 1244 H.
627 1204 865 1257 Stephanus
888 1203 1088 1243 Thesaur.
1114 1202 1162 1242 L.
1186 1203 1260 1241 (ir.
1277 1202 1351 1241 vol.
1370 1216 1407 1255 3.
1425 1201 1499 1240 col.
1516 1204 1613 1251 428.

103 1260 136 1298 T
142 1260 229 1298 AY
238 1260 288 1298 L(
296 1260 363 1299 )1ι

163 1328 254 1368 239,
280 1328 343 1355 20.
378 1316 570 1368 Θηβαῖοι]
611 1315 761 1354 Omisit
784 1314 961 1354 Bekkcr.
985 1329 1077 1353 cum
1101 1315 1139 1354 S.
1189 1314 1255 1353 Sic
1278 1314 1405 1354 etiam
1428 1313 1615 1353 'lhessali

104 1371 372 1425 intelligendi.
435 1372 516 1410 Sed
549 1386 654 1424 quae
685 1370 882 1410 continuo
912 1375 1144 1423 sequuntul
1171 1370 1222 1408 de
1247 1369 1486 1409 calamitate
1510 1368 1616 1409 'lhe-

103 1427 319 1473 banor,uln
361 1433 554 1479 arguunt
599 1426 760 1479 opinor,
802 1432 1011 1465 oratorem
1049 1426 1086 1464 h.
1118 1426 1142 1465 l.
1178 1429 1351 1474 Θηβαῖοι
1391 1424 1613 1464 addidisse.

105 1482 353 1522 SCHAEF.
422 1483 551 1522 Recte
588 1486 762 1531 Θηβαῖοι
797 1482 1017 1521 defendere
1056 1488 1158 1534 puto
1202 1481 1495 1520 Schacferum:
1545 1480 1618 1519 sed

104 1539 167 1577 101
170 1543 280 1578 tasse
303 1543 493 1591 praestat
514 1544 610 1592 post
632 1538 838 1589 κέχρηιται
860 1537 1050 1577 collocari
1073 1551 1165 1576 cum
1191 1537 1242 1575 A.
1261 1537 1300 1575 k.
1324 1552 1355 1575 s.

165 1607 257 1645 239,
281 1595 342 1633 26.
367 1597 487 1643 δῆλον
507 1597 581 1645 γὰρ
603 1595 662 1632 ὅτι
685 1612 716 1632 κ.
734 1610 767 1633 τ.
785 1593 844 1647 λ.]
881 1593 1036 1632 Locum
1062 1593 1172 1632 hune
1196 1592 1434 1632 Alexander
1458 1592 1619 1631 Rhetor

106 1649 155 1688 de
180 1649 325 1703 Figm.
347 1664 436 1702 cap
459 1649 543 1689 de
534 1649 665 1689 lronia
687 1664 723 1702 p.
743 1663 810 1699 44
827 1649 892 1689 ed.
916 1649 1081 1689 Norrm.
1105 1649 1161 1688 sic
1184 1648 1333 1688 recitat
1356 1663 1377 1687 e
1398 1647 1615 1687 memoria:

106 1708 225 1754 δῆλον
259 1707 333 1756 γὰρ
367 1706 425 1744 ὅτι
457 1706 505 1745 σὺ
540 1707 612 1755 μὲν
648 1707 782 1756 ἀλγεῖς
819 1706 882 1745 ἐπὶ
917 1709 996 1747 τοῖς
1031 1709 1106 1744 τῶν
1138 1705 1330 1753 Θηβαίων
1361 1703 1617 1755 ἀτυχήμασιν,

107 1777 277 1810 κτηματα
299 1762 401 1812 ἔχων
427 1762 469 1801 ἐν
495 1763 538 1811 τῇ
562 1762 738 1813 Βοιωτίᾳ,
763 1762 839 1812 ἐγὼ
865 1763 906 1801 δὲ
934 1760 1110 1813 χαίρω,
1094 1777 1136 1802 ος
1165 1760 1274 1801 εὐθὺς
1305 1761 1516 1809 ἐξῃτούμην
1546 1759 1619 1799 ὑπὸ

107 1820 172 1855 τοῦ
194 1821 314 1856 ταῦτα
334 1818 600 1866 πεποιηκότος.
663 1816 855 1855 REISK.

167 1884 259 1925 239,
288 1873 348 1911 28.
383 1871 554 1924 κτήματ’]
594 1871 761 1911 Dicitur
790 1872 1020 1912 Aeschines
1050 1886 1116 1925 ap.
1140 1871 1412 1911 Demosthen.
1438 1871 1489 1910 de
1516 1870 1621 1910 falsa

107 1928 183 1981 leg.
207 1942 246 1980 p.
271 1928 367 1979 386.
399 1927 440 1966 in
475 1927 751 1968 Phocensium
786 1928 938 1967 finibus
974 1942 1098 1981 agros
1138 1927 1362 1980 possidere,
1398 1931 1441 1965 et
1480 1926 1620 1979 potuit

107 1983 235 2022 etiam
261 1983 301 2021 in
326 1983 499 2023 Boeotia
526 1989 623 2036 post
645 1998 807 2023 eversas
829 1983 997 2022 Thebas
1022 1983 1177 2023 habere
1204 1982 1366 2029 fundos,
1389 1981 1515 2021 veluti
1540 1981 1621 2021 De-

108 2039 250 2078 mades
281 2038 441 2086 habuit,
475 2040 580 2078 conf.
614 2039 844 2079 Aeschines
875 2039 993 2092 epist.
1024 2051 1084 2078 12.
1107 2053 1146 2092 p.
1170 2039 1267 2088 484.
1290 2038 1421 2077 Bekk.
1484 2037 1622 2078 Erant

108 2094 218 2133 enim
240 2094 520 2134 Athenienses
541 2095 611 2148 qui
640 2109 715 2148 pro
735 2095 925 2134 mercede
947 2109 1097 2147 operae
1125 2093 1354 2147 praestitae
1376 2094 1485 2132 dono
1506 2107 1621 2133 acce-

109 2155 258 2203 perant
279 2164 401 2204 agros
422 2150 463 2189 in
488 2150 675 2197 Boeotia.
698 2150 767 2190 alii
790 2150 857 2189 vili
879 2150 1014 2203 pretio
1037 2150 1142 2190 tales
1163 2149 1442 2202 possessiones
1464 2163 1621 2189 coeme-

110 2210 218 2245 rant.
281 2206 504 2246 DISSEN.

170 2273 263 2315 239.
290 2275 353 2313 29.
386 2262 613 2314 ἐξῃτούμην]
643 2262 822 2303 Constat
844 2262 1132 2302 Alexandrum
1154 2267 1249 2314 post
1272 2261 1438 2300 Thebas
1460 2275 1623 2300 eversas

111 2317 343 2370 postulasse
378 2323 426 2357 ut
461 2323 650 2357 oratores
684 2318 1003 2358 Atheniensium
1036 2317 1113 2357 sibi
1149 2317 1427 2363 traderentur,
1467 2316 1621 2363 decem,

111 2377 186 2412 aut
219 2377 328 2420 octo,
360 2374 465 2412 conf.
489 2373 657 2413 Arrian.
687 2387 719 2418 1,
747 2387 809 2413 10.
843 2373 1013 2413 Diodor.
1043 2386 1103 2425 17,
1133 2386 1193 2426 15.
1229 2373 1443 2412 Plutarch.
1463 2372 1518 2411 V.
1543 2372 1623 2412 De-

112 2428 263 2467 mosth.
287 2443 320 2467 o.
343 2441 363 2466 2
369 2442 433 2481 3.;
469 2443 644 2482 quorum
665 2434 866 2482 quattuor
886 2429 1069 2482 potiores
1091 2429 1199 2468 idem
1223 2428 1474 2468 Plutarchus
1496 2427 1623 2468 etiam

113 2483 154 2522 in
179 2483 233 2523 V.
257 2483 456 2523 Phocion.
478 2499 511 2524 c.
534 2496 596 2535 17.
618 2485 819 2525 nominat.
882 2484 1106 2524 DISSEN.

173 2551 266 2588 240,
298 2552 327 2577 1.
360 2539 424 2580 οὓς
460 2540 594 2579 αὐτίκα
624 2544 780 2590 μᾶλλον
813 2543 905 2582 ἴσως
938 2542 1101 2590 ἁρμόσει
1133 2540 1285 2591 λέγειν]
1338 2539 1625 2591 Hermogenes

114 2609 154 2647 p.
176 2607 273 2647 350.
310 2595 375 2635 οὓς
397 2595 531 2634 αὐτίκα
551 2595 659 2644 μάλα
678 2598 842 2646 ὕστερον
864 2597 1026 2646 ἁρμόσει
1046 2595 1192 2645 λέγειν.
1228 2595 1334 2643 μάλα
1355 2594 1482 2633 etiam
1504 2594 1624 2633 codd.

114 2649 311 2689 nonnulli.
335 2650 444 2702 quod
476 2650 640 2689 videtur
670 2651 922 2703 expressisse
954 2650 1135 2690 Rutilius
1166 2649 1308 2702 Lupus
1335 2649 1385 2688 de
1410 2649 1501 2702 Fig.
1527 2649 1624 2688 Sen-

115 2710 220 2745 tent.
242 2705 310 2744 lib.
337 2717 371 2744 2.
394 2705 509 2744 inin:
546 2706 625 2745 Sed
652 2707 844 2745 nimirum
872 2706 1088 2759 inopinans
1115 2705 1243 2743 incidi
1277 2705 1315 2743 in
1337 2718 1516 2744 caussam
1536 2710 1624 2744 tem-

108 2761 225 2813 poris
258 2761 373 2812 Ιιιιμιε
408 2760 597 2806 alienam,
633 2761 683 2800 de
719 2776 799 2814 qua
837 2760 1045 2814 posterius
1081 2760 1312 2799 dicendum.
1379 2760 1627 2813 Quapropter

115 2816 173 2855 acl
191 2815 309 2863 illud,
335 2816 438 2868 quod
448 2816 575 2869 paulo
591 2831 710 2870 prms
730 2817 936 2870 aqendmn
959 2822 1142 2855 ιειθνῖοι.
1206 2815 1238 2854 Τ
1245 2815 1330 2853 AY
1338 2815 1463 2855 LOR.

177 2884 269 2921 240,
294 2883 330 2909 2.
374 2870 556 2924 ἁρμόσει]
603 2871 655 2910 X.
683 2877 770 2911 not.
799 2873 852 2912 ad
893 2872 1061 2925 Dionys.
1092 2869 1231 2910 Halic
1260 2871 1310 2909 de
1338 2871 1381 2910 C.
1408 2870 1461 2910 V.
1491 2885 1528 2924 p.
1558 2873 1624 2921 46.

118 2925 367 2967 SCHAEF.
