<?xml version="1.0" encoding="UTF-8"?>
<!DOCTYPE html PUBLIC "-//W3C//DTD XHTML 1.0 Transitional//EN"
    "http://www.w3.org/TR/xhtml1/DTD/xhtml1-transitional.dtd">
<html xmlns="http://www.w3.org/1999/xhtml" xml:lang="en" lang="en">
 <head>
  <title>
</title>
<meta http-equiv="Content-Type" content="text/html;charset=utf-8" />
  <meta name='ocr-system' content='tesseract 3.04.00' />
  <meta name='ocr-capabilities' content='ocr_page ocr_carea ocr_par ocr_line ocrx_word'/>
</head>
<body>
  <div class='ocr_page' id='page_1' title='image "./operaexrecension05demouoft_0616.png"; bbox 0 0 1934 3179; ppageno 0'>
   <div class='ocr_carea' id='block_1_1' title="bbox 318 123 1438 168">
    <p class='ocr_par' dir='ltr' id='par_1_1' title="bbox 318 123 1438 168">
     <span class='ocr_line' id='line_1_1' title="bbox 318 123 1438 168; baseline 0.004 -5"><span class='ocrx_word' id='word_1_1' title='bbox 318 123 403 164; x_wconf 71' lang='lat'>5536</span> <span class='ocrx_word' id='word_1_2' title='bbox 704 126 787 165; x_wconf 89' lang='lat' dir='ltr'>DE</span> <span class='ocrx_word' id='word_1_3' title='bbox 821 126 1019 166; x_wconf 85' lang='lat' dir='ltr'><strong>FALSA</strong></span> <span class='ocrx_word' id='word_1_4' title='bbox 1052 126 1438 168; x_wconf 87' lang='lat' dir='ltr'><strong>LEGATIONE.</strong></span> 
     </span>
    </p>
   </div>
   <div class='ocr_carea' id='block_1_2' title="bbox 317 230 1824 2961">
    <p class='ocr_par' dir='ltr' id='par_1_2' title="bbox 320 230 1824 674">
     <span class='ocr_line' id='line_1_2' title="bbox 320 230 1820 286; baseline 0.004 -17"><span class='ocrx_word' id='word_1_5' title='bbox 320 230 418 269; x_wconf 91' lang='lat' dir='ltr'>dum</span> <span class='ocrx_word' id='word_1_6' title='bbox 462 230 694 271; x_wconf 71' lang='lat' dir='ltr'>arbitratur</span> <span class='ocrx_word' id='word_1_7' title='bbox 734 233 966 273; x_wconf 86' lang='lat' dir='ltr'>Palmerius</span> <span class='ocrx_word' id='word_1_8' title='bbox 1005 233 1059 273; x_wconf 89' lang='lat' dir='ltr'>ad</span> <span class='ocrx_word' id='word_1_9' title='bbox 1103 233 1313 286; x_wconf 77' lang='lat' dir='ltr'>Scylacem</span> <span class='ocrx_word' id='word_1_10' title='bbox 1354 248 1393 286; x_wconf 89' lang='lat' dir='ltr'>p.</span> <span class='ocrx_word' id='word_1_11' title='bbox 1433 234 1526 274; x_wconf 86' lang='lat'>280.</span> <span class='ocrx_word' id='word_1_12' title='bbox 1588 233 1820 275; x_wconf 87' lang='lat' dir='ltr'>Exercitat.</span> 
     </span>
     <span class='ocr_line' id='line_1_3' title="bbox 320 285 1823 344; baseline 0.003 -19"><span class='ocrx_word' id='word_1_13' title='bbox 320 285 580 326; x_wconf 80' lang='lat' dir='ltr'>TAYLOR.</span> <span class='ocrx_word' id='word_1_14' title='bbox 642 287 851 341; x_wconf 82' lang='lat' dir='ltr'>Suspicari</span> <span class='ocrx_word' id='word_1_15' title='bbox 882 289 916 328; x_wconf 89' lang='lat' dir='ltr'>si</span> <span class='ocrx_word' id='word_1_16' title='bbox 944 288 1039 328; x_wconf 88' lang='lat' dir='ltr'>licet</span> <span class='ocrx_word' id='word_1_17' title='bbox 1069 288 1111 327; x_wconf 90' lang='lat' dir='ltr'>in</span> <span class='ocrx_word' id='word_1_18' title='bbox 1142 303 1188 328; x_wconf 89' lang='lat' dir='ltr'>re</span> <span class='ocrx_word' id='word_1_19' title='bbox 1218 289 1470 342; x_wconf 76' lang='lat' dir='ltr'>perobscura</span> <span class='ocrx_word' id='word_1_20' title='bbox 1495 294 1538 329; x_wconf 88' lang='lat' dir='ltr'>et</span> <span class='ocrx_word' id='word_1_21' title='bbox 1565 290 1685 330; x_wconf 93' lang='lat' dir='ltr'>nobis</span> <span class='ocrx_word' id='word_1_22' title='bbox 1709 290 1823 344; x_wconf 84' lang='lat' dir='ltr'>igno-</span> 
     </span>
     <span class='ocr_line' id='line_1_4' title="bbox 320 343 1824 398; baseline 0.003 -17"><span class='ocrx_word' id='word_1_23' title='bbox 320 346 426 390; x_wconf 78' lang='lat' dir='ltr'>rata,</span> <span class='ocrx_word' id='word_1_24' title='bbox 443 343 583 382; x_wconf 88' lang='lat' dir='ltr'>malim</span> <span class='ocrx_word' id='word_1_25' title='bbox 603 343 684 397; x_wconf 80' lang='lat' dir='ltr'>legi</span> <span class='ocrx_word' id='word_1_26' title='bbox 702 343 859 396; x_wconf 75' lang='grc' dir='ltr'>Θρᾴκης</span> <span class='ocrx_word' id='word_1_27' title='bbox 879 346 926 383; x_wconf 77' lang='grc' dir='ltr'>τὰ</span> <span class='ocrx_word' id='word_1_28' title='bbox 942 344 1003 383; x_wconf 85' lang='grc' dir='ltr'>ἐπὶ</span> <span class='ocrx_word' id='word_1_29' title='bbox 1023 348 1099 384; x_wconf 85' lang='grc' dir='ltr'>τῶν</span> <span class='ocrx_word' id='word_1_30' title='bbox 1115 349 1253 396; x_wconf 82' lang='grc' dir='ltr'>τειχῶν</span> <span class='ocrx_word' id='word_1_31' title='bbox 1273 344 1334 396; x_wconf 92' lang='lat' dir='ltr'>(in</span> <span class='ocrx_word' id='word_1_32' title='bbox 1354 345 1537 398; x_wconf 84' lang='lat' dir='ltr'>genitivo</span> <span class='ocrx_word' id='word_1_33' title='bbox 1558 350 1601 386; x_wconf 88' lang='lat' dir='ltr'>et</span> <span class='ocrx_word' id='word_1_34' title='bbox 1618 351 1824 386; x_wconf 89' lang='lat' dir='ltr'>commate</span> 
     </span>
     <span class='ocr_line' id='line_1_5' title="bbox 320 398 1823 455; baseline 0.003 -18"><span class='ocrx_word' id='word_1_35' title='bbox 320 398 519 449; x_wconf 81' lang='lat' dir='ltr'>sublato),</span> <span class='ocrx_word' id='word_1_36' title='bbox 543 398 746 439; x_wconf 79' lang='lat' dir='ltr'>Thraciae</span> <span class='ocrx_word' id='word_1_37' title='bbox 780 403 944 452; x_wconf 90' lang='lat' dir='ltr'>partem</span> <span class='ocrx_word' id='word_1_38' title='bbox 975 413 1078 447; x_wconf 73' lang='lat' dir='ltr'>eam,</span> <span class='ocrx_word' id='word_1_39' title='bbox 1109 414 1214 453; x_wconf 89' lang='lat' dir='ltr'>quae</span> <span class='ocrx_word' id='word_1_40' title='bbox 1246 402 1294 439; x_wconf 81' lang='grc' dir='ltr'>τὰ</span> <span class='ocrx_word' id='word_1_41' title='bbox 1327 401 1389 440; x_wconf 85' lang='grc' dir='ltr'>ἐπὶ</span> <span class='ocrx_word' id='word_1_42' title='bbox 1421 405 1496 441; x_wconf 85' lang='grc' dir='ltr'>τῶν</span> <span class='ocrx_word' id='word_1_43' title='bbox 1526 405 1677 454; x_wconf 79' lang='grc' dir='ltr'>τειχῶν,</span> <span class='ocrx_word' id='word_1_44' title='bbox 1709 402 1823 455; x_wconf 88' lang='lat' dir='ltr'>regio</span> 
     </span>
     <span class='ocr_line' id='line_1_6' title="bbox 320 454 1822 509; baseline 0.003 -17"><span class='ocrx_word' id='word_1_45' title='bbox 320 468 461 493; x_wconf 77' lang='lat' dir='ltr'>versus</span> <span class='ocrx_word' id='word_1_46' title='bbox 497 454 678 501; x_wconf 75' lang='lat' dir='ltr'>castella,</span> <span class='ocrx_word' id='word_1_47' title='bbox 710 454 956 508; x_wconf 80' lang='lat' dir='ltr'>appellatur.</span> <span class='ocrx_word' id='word_1_48' title='bbox 1020 455 1167 495; x_wconf 87' lang='lat' dir='ltr'>Fuisse</span> <span class='ocrx_word' id='word_1_49' title='bbox 1199 459 1382 495; x_wconf 85' lang='lat' dir='ltr'>tractum</span> <span class='ocrx_word' id='word_1_50' title='bbox 1409 456 1612 497; x_wconf 81' lang='lat' dir='ltr'>Thraciae</span> <span class='ocrx_word' id='word_1_51' title='bbox 1640 459 1686 496; x_wconf 77' lang='grc' dir='ltr'>τὰ</span> <span class='ocrx_word' id='word_1_52' title='bbox 1713 459 1822 509; x_wconf 83' lang='grc' dir='ltr'>τείχη</span> 
     </span>
     <span class='ocr_line' id='line_1_7' title="bbox 321 509 1822 566; baseline 0.003 -19"><span class='ocrx_word' id='word_1_53' title='bbox 321 509 490 554; x_wconf 75' lang='lat' dir='ltr'>dictum.</span> <span class='ocrx_word' id='word_1_54' title='bbox 523 513 569 548; x_wconf 91' lang='lat' dir='ltr'>ut</span> <span class='ocrx_word' id='word_1_55' title='bbox 601 509 642 548; x_wconf 93' lang='lat' dir='ltr'>in</span> <span class='ocrx_word' id='word_1_56' title='bbox 674 509 817 563; x_wconf 83' lang='lat' dir='ltr'>Belgio</span> <span class='ocrx_word' id='word_1_57' title='bbox 849 515 945 550; x_wconf 81' lang='lat' dir='ltr'>sunt</span> <span class='ocrx_word' id='word_1_58' title='bbox 978 510 1032 550; x_wconf 75' lang='lat' dir='ltr'>les</span> <span class='ocrx_word' id='word_1_59' title='bbox 1064 510 1272 559; x_wconf 56' lang='lat' dir='ltr'>barneres,</span> <span class='ocrx_word' id='word_1_60' title='bbox 1296 526 1317 551; x_wconf 91' lang='lat' dir='ltr'>e</span> <span class='ocrx_word' id='word_1_61' title='bbox 1344 527 1385 564; x_wconf 85' lang='lat' dir='ltr'>p.</span> <span class='ocrx_word' id='word_1_62' title='bbox 1408 523 1504 565; x_wconf 75' lang='lat'>397.</span> <span class='ocrx_word' id='word_1_63' title='bbox 1526 527 1618 566; x_wconf 87' lang='lat' dir='ltr'>pen.</span> <span class='ocrx_word' id='word_1_64' title='bbox 1641 517 1822 553; x_wconf 90' lang='lat' dir='ltr'>constat.</span> 
     </span>
     <span class='ocr_line' id='line_1_8' title="bbox 320 564 1824 622; baseline 0.002 -19"><span class='ocrx_word' id='word_1_65' title='bbox 320 564 515 604; x_wconf 83' lang='lat' dir='ltr'>REISK.</span> <span class='ocrx_word' id='word_1_66' title='bbox 583 565 665 604; x_wconf 83' lang='lat' dir='ltr'>Sed</span> <span class='ocrx_word' id='word_1_67' title='bbox 700 565 767 605; x_wconf 90' lang='lat' dir='ltr'>ille</span> <span class='ocrx_word' id='word_1_68' title='bbox 803 565 891 618; x_wconf 89' lang='lat' dir='ltr'>ipse</span> <span class='ocrx_word' id='word_1_69' title='bbox 925 566 1039 606; x_wconf 89' lang='lat' dir='ltr'>locus</span> <span class='ocrx_word' id='word_1_70' title='bbox 1074 567 1286 620; x_wconf 82' lang='lat' dir='ltr'>vulgatam</span> <span class='ocrx_word' id='word_1_71' title='bbox 1322 568 1424 607; x_wconf 85' lang='lat' dir='ltr'>satis</span> <span class='ocrx_word' id='word_1_72' title='bbox 1459 573 1627 608; x_wconf 86' lang='lat' dir='ltr'>tuetur:</span> <span class='ocrx_word' id='word_1_73' title='bbox 1671 567 1824 622; x_wconf 80' lang='lat' dir='ltr'>legitur</span> 
     </span>
     <span class='ocr_line' id='line_1_9' title="bbox 321 619 1581 674; baseline 0.003 -15"><span class='ocrx_word' id='word_1_74' title='bbox 321 619 429 660; x_wconf 77' lang='lat' dir='ltr'>enim</span> <span class='ocrx_word' id='word_1_75' title='bbox 451 619 530 659; x_wconf 83' lang='lat' dir='ltr'>illio</span> <span class='ocrx_word' id='word_1_76' title='bbox 552 620 594 659; x_wconf 81' lang='grc' dir='ltr'>τὸ</span> <span class='ocrx_word' id='word_1_77' title='bbox 619 620 778 673; x_wconf 79' lang='grc' dir='ltr'>Θρᾴκην</span> <span class='ocrx_word' id='word_1_78' title='bbox 801 622 862 660; x_wconf 82' lang='grc' dir='ltr'>καὶ</span> <span class='ocrx_word' id='word_1_79' title='bbox 883 624 931 661; x_wconf 74' lang='grc' dir='ltr'>τὰ</span> <span class='ocrx_word' id='word_1_80' title='bbox 951 623 1060 674; x_wconf 86' lang='grc' dir='ltr'>τείχη</span> <span class='ocrx_word' id='word_1_81' title='bbox 1081 624 1285 672; x_wconf 84' lang='grc' dir='ltr'>προέσθαι.</span> <span class='ocrx_word' id='word_1_82' title='bbox 1329 623 1581 663; x_wconf 79' lang='lat' dir='ltr'>SCHAEF.</span> 
     </span>
    </p>

    <p class='ocr_par' dir='ltr' id='par_1_3' title="bbox 318 674 1823 842">
     <span class='ocr_line' id='line_1_10' title="bbox 377 674 1823 731; baseline 0.003 -17"><span class='ocrx_word' id='word_1_83' title='bbox 377 687 471 728; x_wconf 73' lang='grc'>300,</span> <span class='ocrx_word' id='word_1_84' title='bbox 490 674 672 728; x_wconf 73' lang='grc' dir='ltr'>3.Ἳερὸν</span> <span class='ocrx_word' id='word_1_85' title='bbox 693 677 795 730; x_wconf 84' lang='grc' dir='ltr'>ὅρος]</span> <span class='ocrx_word' id='word_1_86' title='bbox 830 676 953 728; x_wconf 79' lang='grc' dir='ltr'>Ἱερὸν</span> <span class='ocrx_word' id='word_1_87' title='bbox 982 679 1070 728; x_wconf 83' lang='grc' dir='ltr'>ὅρος</span> <span class='ocrx_word' id='word_1_88' title='bbox 1097 682 1267 731; x_wconf 85' lang='lat' dir='ltr'>captum</span> <span class='ocrx_word' id='word_1_89' title='bbox 1298 680 1335 718; x_wconf 89' lang='lat'>6.</span> <span class='ocrx_word' id='word_1_90' title='bbox 1368 680 1574 730; x_wconf 86' lang='grc' dir='ltr'>φθίνοντος</span> <span class='ocrx_word' id='word_1_91' title='bbox 1593 678 1823 730; x_wconf 82' lang='grc' dir='ltr'>Ἐλαφηβο-</span> 
     </span>
     <span class='ocr_line' id='line_1_11' title="bbox 319 731 1822 788; baseline 0.003 -18"><span class='ocrx_word' id='word_1_92' title='bbox 319 735 469 778; x_wconf 85' lang='grc' dir='ltr'>λιῶνος,</span> <span class='ocrx_word' id='word_1_93' title='bbox 514 731 662 785; x_wconf 80' lang='lat' dir='ltr'>Legati</span> <span class='ocrx_word' id='word_1_94' title='bbox 693 733 867 785; x_wconf 81' lang='lat' dir='ltr'>profecti</span> <span class='ocrx_word' id='word_1_95' title='bbox 899 737 994 786; x_wconf 90' lang='lat' dir='ltr'>post</span> <span class='ocrx_word' id='word_1_96' title='bbox 1021 746 1059 786; x_wconf 79' lang='lat'>3.</span> <span class='ocrx_word' id='word_1_97' title='bbox 1095 734 1300 783; x_wconf 81' lang='grc' dir='ltr'>ἱσταμένου</span> <span class='ocrx_word' id='word_1_98' title='bbox 1334 738 1610 787; x_wconf 75' lang='grc' dir='ltr'>Μουνυχιῶνος</span> <span class='ocrx_word' id='word_1_99' title='bbox 1644 735 1822 788; x_wconf 85' lang='lat' dir='ltr'>proximi</span> 
     </span>
     <span class='ocr_line' id='line_1_12' title="bbox 318 787 1320 842; baseline 0.004 -17"><span class='ocrx_word' id='word_1_100' title='bbox 318 787 484 826; x_wconf 87' lang='lat' dir='ltr'>mensis.</span> <span class='ocrx_word' id='word_1_101' title='bbox 546 787 744 827; x_wconf 84' lang='lat' dir='ltr'>Aeschin.</span> <span class='ocrx_word' id='word_1_102' title='bbox 766 803 805 842; x_wconf 87' lang='lat' dir='ltr'>p.</span> <span class='ocrx_word' id='word_1_103' title='bbox 829 801 895 836; x_wconf 80' lang='grc'>40,</span> <span class='ocrx_word' id='word_1_104' title='bbox 919 802 1105 840; x_wconf 79' lang='grc'>10.-14.</span> <span class='ocrx_word' id='word_1_105' title='bbox 1146 789 1320 829; x_wconf 82' lang='lat' dir='ltr'>DOBR.</span> 
     </span>
    </p>

    <p class='ocr_par' dir='ltr' id='par_1_4' title="bbox 319 844 1823 942">
     <span class='ocr_line' id='line_1_13' title="bbox 375 844 1823 897; baseline 0.003 -15"><span class='ocrx_word' id='word_1_106' title='bbox 375 856 470 895; x_wconf 72' lang='lat'>390,</span> <span class='ocrx_word' id='word_1_107' title='bbox 493 854 533 895; x_wconf 86' lang='lat'>5.</span> <span class='ocrx_word' id='word_1_108' title='bbox 560 844 807 897; x_wconf 77' lang='grc' dir='ltr'>θρυλοῦντος]</span> <span class='ocrx_word' id='word_1_109' title='bbox 842 844 1006 885; x_wconf 75' lang='lat' dir='ltr'>Iudicat</span> <span class='ocrx_word' id='word_1_110' title='bbox 1038 845 1116 884; x_wconf 85' lang='lat' dir='ltr'>hoc</span> <span class='ocrx_word' id='word_1_111' title='bbox 1144 846 1389 885; x_wconf 83' lang='lat' dir='ltr'>vocabulum</span> <span class='ocrx_word' id='word_1_112' title='bbox 1420 846 1744 886; x_wconf 72' lang='lat' dir='ltr'>Demosthenem</span> <span class='ocrx_word' id='word_1_113' title='bbox 1772 847 1823 887; x_wconf 88' lang='lat' dir='ltr'>de</span> 
     </span>
     <span class='ocr_line' id='line_1_14' title="bbox 319 898 1284 942; baseline 0.003 -4"><span class='ocrx_word' id='word_1_114' title='bbox 319 913 365 938; x_wconf 86' lang='lat' dir='ltr'>re</span> <span class='ocrx_word' id='word_1_115' title='bbox 387 898 614 938; x_wconf 78' lang='lat' dir='ltr'>identidem</span> <span class='ocrx_word' id='word_1_116' title='bbox 635 900 866 939; x_wconf 83' lang='lat' dir='ltr'>fabulatum</span> <span class='ocrx_word' id='word_1_117' title='bbox 889 915 989 940; x_wconf 83' lang='lat' dir='ltr'>esse.</span> <span class='ocrx_word' id='word_1_118' title='bbox 1032 901 1284 942; x_wconf 82' lang='lat' dir='ltr'>SCHAEF.</span> 
     </span>
    </p>

    <p class='ocr_par' dir='ltr' id='par_1_5' title="bbox 319 954 1823 1175">
     <span class='ocr_line' id='line_1_15' title="bbox 377 954 1823 1011; baseline 0.003 -19"><span class='ocrx_word' id='word_1_119' title='bbox 377 967 474 1007; x_wconf 78' lang='lat'>390,</span> <span class='ocrx_word' id='word_1_120' title='bbox 489 956 526 993; x_wconf 92' lang='lat'>6.</span> <span class='ocrx_word' id='word_1_121' title='bbox 548 954 591 993; x_wconf 83' lang='grc' dir='ltr'>τὸ</span> <span class='ocrx_word' id='word_1_122' title='bbox 611 956 684 1005; x_wconf 76' lang='grc' dir='ltr'>μὲν</span> <span class='ocrx_word' id='word_1_123' title='bbox 701 957 1242 1010; x_wconf 70' lang='grc' dir='ltr'>πρῶτον-ἀποφαινομένου]</span> <span class='ocrx_word' id='word_1_124' title='bbox 1273 957 1399 997; x_wconf 87' lang='lat' dir='ltr'>Initio</span> <span class='ocrx_word' id='word_1_125' title='bbox 1418 957 1595 1010; x_wconf 71' lang='lat' dir='ltr'>quidem,</span> <span class='ocrx_word' id='word_1_126' title='bbox 1613 962 1661 998; x_wconf 88' lang='lat' dir='ltr'>ut</span> <span class='ocrx_word' id='word_1_127' title='bbox 1682 957 1714 998; x_wconf 84' lang='lat' dir='ltr'>si</span> <span class='ocrx_word' id='word_1_128' title='bbox 1732 958 1823 1011; x_wconf 83' lang='lat' dir='ltr'>quis</span> 
     </span>
     <span class='ocr_line' id='line_1_16' title="bbox 319 1010 1823 1067; baseline 0.003 -18"><span class='ocrx_word' id='word_1_129' title='bbox 319 1010 455 1049; x_wconf 87' lang='lat' dir='ltr'>locum</span> <span class='ocrx_word' id='word_1_130' title='bbox 479 1024 737 1050; x_wconf 87' lang='lat' dir='ltr'>communem</span> <span class='ocrx_word' id='word_1_131' title='bbox 766 1011 821 1050; x_wconf 90' lang='lat' dir='ltr'>sic</span> <span class='ocrx_word' id='word_1_132' title='bbox 852 1012 1059 1065; x_wconf 78' lang='lat' dir='ltr'>projiciat,</span> <span class='ocrx_word' id='word_1_133' title='bbox 1081 1012 1121 1051; x_wconf 92' lang='lat' dir='ltr'>in</span> <span class='ocrx_word' id='word_1_134' title='bbox 1143 1013 1323 1052; x_wconf 90' lang='lat' dir='ltr'>medium</span> <span class='ocrx_word' id='word_1_135' title='bbox 1345 1015 1543 1067; x_wconf 79' lang='lat' dir='ltr'>proferat,</span> <span class='ocrx_word' id='word_1_136' title='bbox 1566 1018 1613 1053; x_wconf 89' lang='lat' dir='ltr'>ut</span> <span class='ocrx_word' id='word_1_137' title='bbox 1635 1014 1703 1067; x_wconf 86' lang='lat' dir='ltr'>qui</span> <span class='ocrx_word' id='word_1_138' title='bbox 1724 1014 1823 1054; x_wconf 86' lang='lat' dir='ltr'>velit</span> 
     </span>
     <span class='ocr_line' id='line_1_17' title="bbox 321 1066 1823 1123; baseline 0.003 -18"><span class='ocrx_word' id='word_1_139' title='bbox 321 1080 415 1105; x_wconf 90' lang='lat' dir='ltr'>eum</span> <span class='ocrx_word' id='word_1_140' title='bbox 444 1066 632 1120; x_wconf 65' lang='lat' dir='ltr'>arripiat.</span> <span class='ocrx_word' id='word_1_141' title='bbox 656 1067 732 1106; x_wconf 88' lang='lat' dir='ltr'>sibi</span> <span class='ocrx_word' id='word_1_142' title='bbox 759 1068 1061 1116; x_wconf 74' lang='lat' dir='ltr'>accommodet,</span> <span class='ocrx_word' id='word_1_143' title='bbox 1084 1068 1161 1107; x_wconf 87' lang='lat' dir='ltr'>sibi</span> <span class='ocrx_word' id='word_1_144' title='bbox 1188 1068 1344 1109; x_wconf 87' lang='lat' dir='ltr'>dictum</span> <span class='ocrx_word' id='word_1_145' title='bbox 1376 1074 1508 1123; x_wconf 70' lang='lat' dir='ltr'>putet,</span> <span class='ocrx_word' id='word_1_146' title='bbox 1535 1070 1568 1109; x_wconf 89' lang='lat' dir='ltr'>si</span> <span class='ocrx_word' id='word_1_147' title='bbox 1600 1070 1664 1109; x_wconf 91' lang='lat' dir='ltr'>cui</span> <span class='ocrx_word' id='word_1_148' title='bbox 1693 1070 1747 1110; x_wconf 92' lang='lat' dir='ltr'>ad</span> <span class='ocrx_word' id='word_1_149' title='bbox 1779 1085 1823 1110; x_wconf 83' lang='lat' dir='ltr'>se</span> 
     </span>
     <span class='ocr_line' id='line_1_18' title="bbox 320 1121 992 1175; baseline 0.003 -15"><span class='ocrx_word' id='word_1_150' title='bbox 320 1121 531 1175; x_wconf 87' lang='lat' dir='ltr'>pertinere</span> <span class='ocrx_word' id='word_1_151' title='bbox 551 1122 754 1162; x_wconf 86' lang='lat' dir='ltr'>videatur.</span> <span class='ocrx_word' id='word_1_152' title='bbox 797 1123 992 1163; x_wconf 79' lang='lat' dir='ltr'>REISK.</span> 
     </span>
    </p>

    <p class='ocr_par' dir='ltr' id='par_1_6' title="bbox 317 1179 1824 1945">
     <span class='ocr_line' id='line_1_19' title="bbox 378 1179 1822 1232; baseline 0.003 -14"><span class='ocrx_word' id='word_1_153' title='bbox 378 1191 473 1231; x_wconf 76' lang='lat'>390,</span> <span class='ocrx_word' id='word_1_154' title='bbox 499 1188 534 1229; x_wconf 91' lang='lat'>7.</span> <span class='ocrx_word' id='word_1_155' title='bbox 569 1179 617 1219; x_wconf 82' lang='grc' dir='ltr'>ὡς</span> <span class='ocrx_word' id='word_1_156' title='bbox 645 1179 897 1232; x_wconf 79' lang='grc' dir='ltr'>ἀγνοοῦντας]</span> <span class='ocrx_word' id='word_1_157' title='bbox 932 1180 980 1219; x_wconf 85' lang='lat' dir='ltr'>F.</span> <span class='ocrx_word' id='word_1_158' title='bbox 1006 1181 1056 1221; x_wconf 77' lang='grc' dir='ltr'>ὡς</span> <span class='ocrx_word' id='word_1_159' title='bbox 1085 1180 1133 1220; x_wconf 72' lang='grc' dir='ltr'>ἂν</span> <span class='ocrx_word' id='word_1_160' title='bbox 1159 1182 1406 1231; x_wconf 75' lang='grc' dir='ltr'>ἀγνοοῦντας,</span> <span class='ocrx_word' id='word_1_161' title='bbox 1429 1187 1476 1222; x_wconf 87' lang='lat' dir='ltr'>ut</span> <span class='ocrx_word' id='word_1_162' title='bbox 1506 1186 1605 1221; x_wconf 84' lang='lat' dir='ltr'>ante</span> <span class='ocrx_word' id='word_1_163' title='bbox 1637 1187 1679 1222; x_wconf 83' lang='lat' dir='ltr'>et</span> <span class='ocrx_word' id='word_1_164' title='bbox 1711 1196 1822 1222; x_wconf 79' lang='lat' dir='ltr'>mox,</span> 
     </span>
     <span class='ocr_line' id='line_1_20' title="bbox 323 1234 1823 1289; baseline 0.003 -17"><span class='ocrx_word' id='word_1_165' title='bbox 323 1234 679 1274; x_wconf 75' lang='lat' dir='ltr'>MARKLAND.</span> <span class='ocrx_word' id='word_1_166' title='bbox 742 1235 835 1274; x_wconf 90' lang='lat' dir='ltr'>Non</span> <span class='ocrx_word' id='word_1_167' title='bbox 856 1235 1073 1275; x_wconf 86' lang='lat' dir='ltr'>assentior.</span> <span class='ocrx_word' id='word_1_168' title='bbox 1128 1236 1273 1289; x_wconf 83' lang='lat' dir='ltr'>Neque</span> <span class='ocrx_word' id='word_1_169' title='bbox 1295 1238 1438 1277; x_wconf 86' lang='lat' dir='ltr'>eadem</span> <span class='ocrx_word' id='word_1_170' title='bbox 1460 1237 1568 1278; x_wconf 90' lang='lat' dir='ltr'>ratio</span> <span class='ocrx_word' id='word_1_171' title='bbox 1589 1242 1653 1277; x_wconf 88' lang='lat' dir='ltr'>est</span> <span class='ocrx_word' id='word_1_172' title='bbox 1674 1238 1823 1278; x_wconf 90' lang='lat' dir='ltr'>horum</span> 
     </span>
     <span class='ocr_line' id='line_1_21' title="bbox 320 1289 1824 1334; baseline 0.001 -3"><span class='ocrx_word' id='word_1_173' title='bbox 320 1289 447 1331; x_wconf 73' lang='lat' dir='ltr'>trium</span> <span class='ocrx_word' id='word_1_174' title='bbox 479 1291 770 1330; x_wconf 91' lang='lat' dir='ltr'>membrorum.</span> <span class='ocrx_word' id='word_1_175' title='bbox 833 1291 1021 1330; x_wconf 87' lang='lat' dir='ltr'>Primum</span> <span class='ocrx_word' id='word_1_176' title='bbox 1051 1292 1159 1332; x_wconf 90' lang='lat' dir='ltr'>enim</span> <span class='ocrx_word' id='word_1_177' title='bbox 1187 1292 1491 1333; x_wconf 85' lang='lat' dir='ltr'>Demosthenes</span> <span class='ocrx_word' id='word_1_178' title='bbox 1524 1293 1748 1334; x_wconf 85' lang='lat' dir='ltr'>simulabat</span> <span class='ocrx_word' id='word_1_179' title='bbox 1779 1308 1824 1333; x_wconf 90' lang='lat' dir='ltr'>se</span> 
     </span>
     <span class='ocr_line' id='line_1_22' title="bbox 321 1346 1823 1404; baseline 0.003 -20"><span class='ocrx_word' id='word_1_180' title='bbox 321 1347 374 1387; x_wconf 86' lang='grc' dir='ltr'>εἰς</span> <span class='ocrx_word' id='word_1_181' title='bbox 408 1346 537 1385; x_wconf 83' lang='grc' dir='ltr'>κοινὸν</span> <span class='ocrx_word' id='word_1_182' title='bbox 567 1348 724 1397; x_wconf 83' lang='grc' dir='ltr'>γνώμην</span> <span class='ocrx_word' id='word_1_183' title='bbox 756 1348 1059 1398; x_wconf 85' lang='grc' dir='ltr'>ἀποφαίνεσθαι,</span> <span class='ocrx_word' id='word_1_184' title='bbox 1093 1349 1279 1401; x_wconf 87' lang='lat' dir='ltr'>quamvis</span> <span class='ocrx_word' id='word_1_185' title='bbox 1314 1350 1443 1402; x_wconf 82' lang='lat' dir='ltr'>probe</span> <span class='ocrx_word' id='word_1_186' title='bbox 1475 1354 1618 1389; x_wconf 87' lang='lat' dir='ltr'>nosset</span> <span class='ocrx_word' id='word_1_187' title='bbox 1651 1350 1823 1404; x_wconf 80' lang='lat' dir='ltr'>collega-</span> 
     </span>
     <span class='ocr_line' id='line_1_23' title="bbox 318 1402 1822 1457; baseline 0.003 -17"><span class='ocrx_word' id='word_1_188' title='bbox 318 1416 411 1440; x_wconf 87' lang='lat' dir='ltr'>rum</span> <span class='ocrx_word' id='word_1_189' title='bbox 441 1402 651 1442; x_wconf 86' lang='lat' dir='ltr'>fraudem:</span> <span class='ocrx_word' id='word_1_190' title='bbox 688 1407 944 1456; x_wconf 86' lang='lat' dir='ltr'>quapropter</span> <span class='ocrx_word' id='word_1_191' title='bbox 970 1408 1083 1443; x_wconf 87' lang='lat' dir='ltr'>recte</span> <span class='ocrx_word' id='word_1_192' title='bbox 1110 1404 1281 1457; x_wconf 89' lang='lat' dir='ltr'>ponitur</span> <span class='ocrx_word' id='word_1_193' title='bbox 1309 1406 1357 1446; x_wconf 85' lang='grc' dir='ltr'>ὡς</span> <span class='ocrx_word' id='word_1_194' title='bbox 1386 1406 1822 1456; x_wconf 64' lang='grc' dir='ltr'>διν-ἀποφαινομένου.</span> 
     </span>
     <span class='ocr_line' id='line_1_24' title="bbox 321 1457 1823 1512; baseline 0.003 -16"><span class='ocrx_word' id='word_1_195' title='bbox 321 1457 489 1505; x_wconf 80' lang='lat' dir='ltr'>Postea,</span> <span class='ocrx_word' id='word_1_196' title='bbox 512 1472 605 1497; x_wconf 83' lang='lat' dir='ltr'>cum</span> <span class='ocrx_word' id='word_1_197' title='bbox 636 1457 735 1497; x_wconf 89' lang='lat' dir='ltr'>nihil</span> <span class='ocrx_word' id='word_1_198' title='bbox 765 1459 997 1512; x_wconf 70' lang='lat' dir='ltr'>proficeret,</span> <span class='ocrx_word' id='word_1_199' title='bbox 1027 1459 1134 1499; x_wconf 89' lang='lat' dir='ltr'>serio</span> <span class='ocrx_word' id='word_1_200' title='bbox 1166 1461 1216 1501; x_wconf 84' lang='grc' dir='ltr'>ὡς</span> <span class='ocrx_word' id='word_1_201' title='bbox 1247 1461 1483 1512; x_wconf 81' lang='grc' dir='ltr'>ἀγνοοῦντας</span> <span class='ocrx_word' id='word_1_202' title='bbox 1514 1462 1740 1501; x_wconf 82' lang='grc' dir='ltr'>ἐδίδασκεν;</span> <span class='ocrx_word' id='word_1_203' title='bbox 1775 1466 1823 1501; x_wconf 91' lang='lat' dir='ltr'>ut</span> 
     </span>
     <span class='ocr_line' id='line_1_25' title="bbox 321 1512 1823 1570; baseline 0.003 -19"><span class='ocrx_word' id='word_1_204' title='bbox 321 1512 460 1566; x_wconf 86' lang='lat' dir='ltr'>inepte</span> <span class='ocrx_word' id='word_1_205' title='bbox 487 1513 670 1553; x_wconf 89' lang='lat' dir='ltr'>addatur</span> <span class='ocrx_word' id='word_1_206' title='bbox 694 1515 754 1553; x_wconf 79' lang='grc' dir='ltr'>ἄν.</span> <span class='ocrx_word' id='word_1_207' title='bbox 818 1515 1038 1554; x_wconf 85' lang='lat' dir='ltr'>Postremo</span> <span class='ocrx_word' id='word_1_208' title='bbox 1067 1516 1312 1569; x_wconf 82' lang='lat' dir='ltr'>increpabat</span> <span class='ocrx_word' id='word_1_209' title='bbox 1340 1522 1387 1556; x_wconf 91' lang='lat' dir='ltr'>ut</span> <span class='ocrx_word' id='word_1_210' title='bbox 1415 1517 1675 1570; x_wconf 87' lang='lat' dir='ltr'>proditores:</span> <span class='ocrx_word' id='word_1_211' title='bbox 1708 1522 1756 1557; x_wconf 93' lang='lat' dir='ltr'>ut</span> <span class='ocrx_word' id='word_1_212' title='bbox 1781 1517 1823 1556; x_wconf 91' lang='lat' dir='ltr'>in</span> 
     </span>
     <span class='ocr_line' id='line_1_26' title="bbox 320 1569 1821 1624; baseline 0.003 -17"><span class='ocrx_word' id='word_1_213' title='bbox 320 1569 398 1607; x_wconf 91' lang='lat' dir='ltr'>hoc</span> <span class='ocrx_word' id='word_1_214' title='bbox 415 1569 612 1615; x_wconf 73' lang='lat' dir='ltr'>membro,</span> <span class='ocrx_word' id='word_1_215' title='bbox 630 1569 745 1609; x_wconf 90' lang='lat' dir='ltr'>libris</span> <span class='ocrx_word' id='word_1_216' title='bbox 762 1584 843 1609; x_wconf 90' lang='lat' dir='ltr'>non</span> <span class='ocrx_word' id='word_1_217' title='bbox 861 1570 1108 1615; x_wconf 70' lang='lat' dir='ltr'>nolentibus.</span> <span class='ocrx_word' id='word_1_218' title='bbox 1124 1571 1249 1610; x_wconf 87' lang='lat' dir='ltr'>deleri</span> <span class='ocrx_word' id='word_1_219' title='bbox 1266 1576 1461 1624; x_wconf 85' lang='lat' dir='ltr'>oporteat</span> <span class='ocrx_word' id='word_1_220' title='bbox 1477 1574 1537 1612; x_wconf 82' lang='grc' dir='ltr'>ἄν.</span> <span class='ocrx_word' id='word_1_221' title='bbox 1572 1572 1821 1613; x_wconf 82' lang='lat' dir='ltr'>SCHAEF.</span> 
     </span>
     <span class='ocr_line' id='line_1_27' title="bbox 320 1624 1822 1681; baseline 0.003 -18"><span class='ocrx_word' id='word_1_222' title='bbox 320 1624 406 1664; x_wconf 88' lang='lat' dir='ltr'>But</span> <span class='ocrx_word' id='word_1_223' title='bbox 436 1639 513 1664; x_wconf 91' lang='lat' dir='ltr'>one</span> <span class='ocrx_word' id='word_1_224' title='bbox 544 1639 619 1664; x_wconf 90' lang='lat' dir='ltr'>can</span> <span class='ocrx_word' id='word_1_225' title='bbox 653 1625 797 1678; x_wconf 78' lang='lat' dir='ltr'>hardly</span> <span class='ocrx_word' id='word_1_226' title='bbox 824 1626 1013 1665; x_wconf 84' lang='lat' dir='ltr'>conceive</span> <span class='ocrx_word' id='word_1_227' title='bbox 1040 1627 1134 1666; x_wconf 82' lang='lat' dir='ltr'>that</span> <span class='ocrx_word' id='word_1_228' title='bbox 1159 1627 1461 1667; x_wconf 85' lang='lat' dir='ltr'>Demosthenes</span> <span class='ocrx_word' id='word_1_229' title='bbox 1494 1628 1620 1681; x_wconf 82' lang='lat' dir='ltr'>really</span> <span class='ocrx_word' id='word_1_230' title='bbox 1640 1628 1822 1680; x_wconf 74' lang='lat' dir='ltr'>thought</span> 
     </span>
     <span class='ocr_line' id='line_1_28' title="bbox 320 1680 1823 1735; baseline 0.005 -18"><span class='ocrx_word' id='word_1_231' title='bbox 320 1680 385 1719; x_wconf 84' lang='lat' dir='ltr'>his</span> <span class='ocrx_word' id='word_1_232' title='bbox 413 1680 643 1733; x_wconf 80' lang='lat' dir='ltr'>colleagues</span> <span class='ocrx_word' id='word_1_233' title='bbox 668 1695 772 1720; x_wconf 81' lang='lat' dir='ltr'>were</span> <span class='ocrx_word' id='word_1_234' title='bbox 800 1682 942 1735; x_wconf 81' lang='lat' dir='ltr'>acting</span> <span class='ocrx_word' id='word_1_235' title='bbox 974 1682 1078 1721; x_wconf 82' lang='lat' dir='ltr'>from</span> <span class='ocrx_word' id='word_1_236' title='bbox 1110 1683 1355 1735; x_wconf 72' lang='lat' dir='ltr'>ignorance:</span> <span class='ocrx_word' id='word_1_237' title='bbox 1391 1683 1474 1722; x_wconf 89' lang='lat' dir='ltr'>and</span> <span class='ocrx_word' id='word_1_238' title='bbox 1506 1683 1694 1723; x_wconf 88' lang='lat' dir='ltr'>however</span> <span class='ocrx_word' id='word_1_239' title='bbox 1727 1680 1823 1724; x_wconf 85' lang='lat' dir='ltr'>that</span> 
     </span>
     <span class='ocr_line' id='line_1_29' title="bbox 320 1735 1822 1792; baseline 0.003 -18"><span class='ocrx_word' id='word_1_240' title='bbox 320 1750 416 1789; x_wconf 88' lang='lat' dir='ltr'>may</span> <span class='ocrx_word' id='word_1_241' title='bbox 437 1736 500 1781; x_wconf 76' lang='lat' dir='ltr'>be,</span> <span class='ocrx_word' id='word_1_242' title='bbox 523 1736 619 1776; x_wconf 85' lang='lat' dir='ltr'>that</span> <span class='ocrx_word' id='word_1_243' title='bbox 641 1736 688 1776; x_wconf 79' lang='grc' dir='ltr'>ἂν</span> <span class='ocrx_word' id='word_1_244' title='bbox 710 1736 745 1775; x_wconf 88' lang='lat' dir='ltr'>is</span> <span class='ocrx_word' id='word_1_245' title='bbox 774 1742 848 1776; x_wconf 90' lang='lat' dir='ltr'>not</span> <span class='ocrx_word' id='word_1_246' title='bbox 878 1737 1013 1776; x_wconf 83' lang='lat' dir='ltr'>added</span> <span class='ocrx_word' id='word_1_247' title='bbox 1034 1735 1160 1791; x_wconf 65' lang='lat' dir='ltr'>2⁷2pr</span> <span class='ocrx_word' id='word_1_248' title='bbox 1180 1738 1221 1777; x_wconf 91' lang='lat' dir='ltr'>in</span> <span class='ocrx_word' id='word_1_249' title='bbox 1246 1753 1326 1792; x_wconf 87' lang='lat' dir='ltr'>any</span> <span class='ocrx_word' id='word_1_250' title='bbox 1349 1753 1425 1778; x_wconf 89' lang='lat' dir='ltr'>one</span> <span class='ocrx_word' id='word_1_251' title='bbox 1452 1739 1496 1777; x_wconf 87' lang='lat' dir='ltr'>of</span> <span class='ocrx_word' id='word_1_252' title='bbox 1522 1739 1640 1779; x_wconf 86' lang='lat' dir='ltr'>these</span> <span class='ocrx_word' id='word_1_253' title='bbox 1665 1739 1822 1779; x_wconf 87' lang='lat' dir='ltr'>clauses</span> 
     </span>
     <span class='ocr_line' id='line_1_30' title="bbox 317 1791 1822 1847; baseline 0.003 -17"><span class='ocrx_word' id='word_1_254' title='bbox 317 1791 351 1831; x_wconf 92' lang='lat' dir='ltr'>is</span> <span class='ocrx_word' id='word_1_255' title='bbox 382 1791 531 1845; x_wconf 85' lang='lat' dir='ltr'>clearly</span> <span class='ocrx_word' id='word_1_256' title='bbox 553 1792 691 1830; x_wconf 83' lang='lat' dir='ltr'>shewn</span> <span class='ocrx_word' id='word_1_257' title='bbox 715 1793 821 1831; x_wconf 82' lang='lat' dir='ltr'>from</span> <span class='ocrx_word' id='word_1_258' title='bbox 844 1792 948 1831; x_wconf 83' lang='lat' dir='ltr'>Mid.</span> <span class='ocrx_word' id='word_1_259' title='bbox 970 1808 1009 1846; x_wconf 88' lang='lat' dir='ltr'>p.</span> <span class='ocrx_word' id='word_1_260' title='bbox 1032 1807 1127 1846; x_wconf 86' lang='lat'>5¹9·</span> <span class='ocrx_word' id='word_1_261' title='bbox 1154 1796 1189 1847; x_wconf 91' lang='lat' dir='ltr'>Q.</span> <span class='ocrx_word' id='word_1_262' title='bbox 1216 1806 1279 1833; x_wconf 79' lang='lat'>20.</span> <span class='ocrx_word' id='word_1_263' title='bbox 1304 1795 1363 1834; x_wconf 84' lang='grc' dir='ltr'>καὶ</span> <span class='ocrx_word' id='word_1_264' title='bbox 1392 1796 1561 1845; x_wconf 80' lang='grc' dir='ltr'>θόρυβον</span> <span class='ocrx_word' id='word_1_265' title='bbox 1593 1796 1654 1834; x_wconf 83' lang='grc' dir='ltr'>καὶ</span> <span class='ocrx_word' id='word_1_266' title='bbox 1685 1796 1822 1845; x_wconf 88' lang='grc' dir='ltr'>κρότον</span> 
     </span>
     <span class='ocr_line' id='line_1_31' title="bbox 319 1848 1822 1900; baseline 0.003 -14"><span class='ocrx_word' id='word_1_267' title='bbox 319 1850 494 1887; x_wconf 80' lang='grc' dir='ltr'>τοιοῦτον</span> <span class='ocrx_word' id='word_1_268' title='bbox 529 1849 579 1889; x_wconf 74' lang='grc' dir='ltr'>ὡς</span> <span class='ocrx_word' id='word_1_269' title='bbox 614 1848 662 1886; x_wconf 79' lang='grc' dir='ltr'>ἂν</span> <span class='ocrx_word' id='word_1_270' title='bbox 699 1848 946 1890; x_wconf 73' lang='grc' dir='ltr'>ἐπαινοῦντές</span> <span class='ocrx_word' id='word_1_271' title='bbox 982 1866 1021 1888; x_wconf 85' lang='grc' dir='ltr'>τε</span> <span class='ocrx_word' id='word_1_272' title='bbox 1065 1851 1127 1889; x_wconf 80' lang='grc' dir='ltr'>καὶ</span> <span class='ocrx_word' id='word_1_273' title='bbox 1162 1849 1420 1899; x_wconf 77' lang='grc' dir='ltr'>συνησθέντες</span> <span class='ocrx_word' id='word_1_274' title='bbox 1462 1851 1681 1900; x_wconf 84' lang='grc' dir='ltr'>ἐποιήσατε.</span> <span class='ocrx_word' id='word_1_275' title='bbox 1745 1852 1822 1890; x_wconf 81' lang='lat' dir='ltr'>See</span> 
     </span>
     <span class='ocr_line' id='line_1_32' title="bbox 322 1902 1101 1945; baseline 0.003 -3"><span class='ocrx_word' id='word_1_276' title='bbox 322 1903 483 1943; x_wconf 81' lang='lat' dir='ltr'>Buttm.</span> <span class='ocrx_word' id='word_1_277' title='bbox 510 1903 600 1943; x_wconf 82' lang='lat' dir='ltr'>Ind.</span> <span class='ocrx_word' id='word_1_278' title='bbox 624 1902 664 1942; x_wconf 89' lang='lat' dir='ltr'>in</span> <span class='ocrx_word' id='word_1_279' title='bbox 688 1905 747 1945; x_wconf 86' lang='grc' dir='ltr'>ὡς.</span> <span class='ocrx_word' id='word_1_280' title='bbox 792 1904 1101 1944; x_wconf 84' lang='lat' dir='ltr'>SHILLETO.</span> 
     </span>
    </p>

    <p class='ocr_par' dir='ltr' id='par_1_7' title="bbox 320 1960 1822 2124">
     <span class='ocr_line' id='line_1_33' title="bbox 377 1960 1821 2014; baseline 0.002 -16"><span class='ocrx_word' id='word_1_281' title='bbox 377 1972 473 2012; x_wconf 70' lang='lat'>390,</span> <span class='ocrx_word' id='word_1_282' title='bbox 498 1972 559 2012; x_wconf 73' lang='lat'>13.</span> <span class='ocrx_word' id='word_1_283' title='bbox 583 1961 677 1998; x_wconf 82' lang='grc' dir='ltr'>εἰδὲ</span> <span class='ocrx_word' id='word_1_284' title='bbox 700 1960 955 1999; x_wconf 31' lang='grc' dir='ltr'>καὶὴ-αὐτίκα</span> <span class='ocrx_word' id='word_1_285' title='bbox 983 1961 1154 2014; x_wconf 81' lang='grc' dir='ltr'>εἴσεσθε]</span> <span class='ocrx_word' id='word_1_286' title='bbox 1190 1961 1347 2011; x_wconf 73' lang='lat' dir='ltr'>Quibus</span> <span class='ocrx_word' id='word_1_287' title='bbox 1378 1961 1487 2001; x_wconf 84' lang='lat' dir='ltr'>enim</span> <span class='ocrx_word' id='word_1_288' title='bbox 1516 1961 1761 2014; x_wconf 77' lang='lat' dir='ltr'>placuerint,</span> <span class='ocrx_word' id='word_1_289' title='bbox 1793 1962 1821 2001; x_wconf 89' lang='lat' dir='ltr'>ii</span> 
     </span>
     <span class='ocr_line' id='line_1_34' title="bbox 320 2015 1822 2069; baseline 0.002 -15"><span class='ocrx_word' id='word_1_290' title='bbox 320 2015 520 2055; x_wconf 81' lang='lat' dir='ltr'>Aeschini</span> <span class='ocrx_word' id='word_1_291' title='bbox 562 2015 754 2063; x_wconf 69' lang='lat' dir='ltr'>aderunt,</span> <span class='ocrx_word' id='word_1_292' title='bbox 788 2015 1181 2069; x_wconf 85' lang='lat' dir='ltr'>patrocinabuntur.</span> <span class='ocrx_word' id='word_1_293' title='bbox 1226 2016 1474 2056; x_wconf 77' lang='lat' dir='ltr'>SEAGER.</span> <span class='ocrx_word' id='word_1_294' title='bbox 1503 2017 1621 2057; x_wconf 90' lang='lat' dir='ltr'>Diar.</span> <span class='ocrx_word' id='word_1_295' title='bbox 1650 2018 1822 2058; x_wconf 82' lang='lat' dir='ltr'>Olassic.</span> 
     </span>
     <span class='ocr_line' id='line_1_35' title="bbox 320 2073 568 2124; baseline 0 -14"><span class='ocrx_word' id='word_1_296' title='bbox 320 2083 387 2124; x_wconf 74' lang='lat'>54.</span> <span class='ocrx_word' id='word_1_297' title='bbox 411 2086 450 2124; x_wconf 92' lang='lat' dir='ltr'>p.</span> <span class='ocrx_word' id='word_1_298' title='bbox 476 2073 568 2111; x_wconf 78' lang='lat'>226.</span> 
     </span>
    </p>

    <p class='ocr_par' dir='ltr' id='par_1_8' title="bbox 318 2126 1823 2834">
     <span class='ocr_line' id='line_1_36' title="bbox 376 2126 1823 2182; baseline 0.002 -17"><span class='ocrx_word' id='word_1_299' title='bbox 376 2140 471 2179; x_wconf 65' lang='lat'>390.</span> <span class='ocrx_word' id='word_1_300' title='bbox 492 2140 553 2179; x_wconf 74' lang='lat'>15.</span> <span class='ocrx_word' id='word_1_301' title='bbox 576 2126 652 2166; x_wconf 79' lang='grc' dir='ltr'>οὐδ’</span> <span class='ocrx_word' id='word_1_302' title='bbox 669 2127 1082 2179; x_wconf 65' lang='grc' dir='ltr'>ἀναγκασθέντ’-τῶν</span> <span class='ocrx_word' id='word_1_303' title='bbox 1099 2129 1357 2182; x_wconf 77' lang='grc' dir='ltr'>ἀδικημάτων]</span> <span class='ocrx_word' id='word_1_304' title='bbox 1389 2129 1606 2169; x_wconf 80' lang='lat' dir='ltr'>Sententia</span> <span class='ocrx_word' id='word_1_305' title='bbox 1629 2133 1714 2169; x_wconf 84' lang='lat' dir='ltr'>est:</span> <span class='ocrx_word' id='word_1_306' title='bbox 1746 2143 1823 2168; x_wconf 80' lang='lat' dir='ltr'>nos</span> 
     </span>
     <span class='ocr_line' id='line_1_37' title="bbox 319 2182 1822 2237; baseline 0.002 -16"><span class='ocrx_word' id='word_1_307' title='bbox 319 2182 441 2222; x_wconf 87' lang='lat' dir='ltr'>hodie</span> <span class='ocrx_word' id='word_1_308' title='bbox 472 2187 584 2223; x_wconf 84' lang='lat' dir='ltr'>stare</span> <span class='ocrx_word' id='word_1_309' title='bbox 615 2197 755 2222; x_wconf 85' lang='lat' dir='ltr'>coram</span> <span class='ocrx_word' id='word_1_310' title='bbox 787 2197 834 2222; x_wconf 92' lang='lat' dir='ltr'>eo</span> <span class='ocrx_word' id='word_1_311' title='bbox 861 2183 1029 2236; x_wconf 74' lang='lat' dir='ltr'>judicio,</span> <span class='ocrx_word' id='word_1_312' title='bbox 1053 2185 1164 2237; x_wconf 88' lang='lat' dir='ltr'>quod</span> <span class='ocrx_word' id='word_1_313' title='bbox 1195 2199 1335 2224; x_wconf 88' lang='lat' dir='ltr'>eorum</span> <span class='ocrx_word' id='word_1_314' title='bbox 1368 2185 1572 2225; x_wconf 89' lang='lat' dir='ltr'>neminem</span> <span class='ocrx_word' id='word_1_315' title='bbox 1599 2186 1752 2224; x_wconf 91' lang='lat' dir='ltr'>bonum</span> <span class='ocrx_word' id='word_1_316' title='bbox 1778 2189 1822 2224; x_wconf 89' lang='lat' dir='ltr'>et</span> 
     </span>
     <span class='ocr_line' id='line_1_38' title="bbox 320 2238 1821 2295; baseline 0.003 -19"><span class='ocrx_word' id='word_1_317' title='bbox 320 2238 539 2278; x_wconf 88' lang='lat' dir='ltr'>honestum</span> <span class='ocrx_word' id='word_1_318' title='bbox 574 2239 730 2278; x_wconf 88' lang='lat' dir='ltr'>habeat</span> <span class='ocrx_word' id='word_1_319' title='bbox 765 2239 869 2286; x_wconf 75' lang='lat' dir='ltr'>ideo,</span> <span class='ocrx_word' id='word_1_320' title='bbox 903 2240 1013 2292; x_wconf 89' lang='lat' dir='ltr'>quod</span> <span class='ocrx_word' id='word_1_321' title='bbox 1047 2246 1216 2280; x_wconf 84' lang='lat' dir='ltr'>coactus</span> <span class='ocrx_word' id='word_1_322' title='bbox 1250 2242 1425 2294; x_wconf 89' lang='lat' dir='ltr'>probum</span> <span class='ocrx_word' id='word_1_323' title='bbox 1457 2255 1499 2281; x_wconf 92' lang='lat' dir='ltr'>se</span> <span class='ocrx_word' id='word_1_324' title='bbox 1529 2241 1716 2295; x_wconf 73' lang='lat' dir='ltr'>gesserit,</span> <span class='ocrx_word' id='word_1_325' title='bbox 1749 2241 1821 2280; x_wconf 87' lang='lat' dir='ltr'>sed</span> 
     </span>
     <span class='ocr_line' id='line_1_39' title="bbox 320 2294 1821 2350; baseline 0.003 -19"><span class='ocrx_word' id='word_1_326' title='bbox 320 2307 424 2340; x_wconf 74' lang='lat' dir='ltr'>euni,</span> <span class='ocrx_word' id='word_1_327' title='bbox 455 2294 523 2346; x_wconf 89' lang='lat' dir='ltr'>qui</span> <span class='ocrx_word' id='word_1_328' title='bbox 553 2295 674 2341; x_wconf 76' lang='lat' dir='ltr'>ultro,</span> <span class='ocrx_word' id='word_1_329' title='bbox 703 2295 757 2333; x_wconf 79' lang='lat' dir='ltr'>ab</span> <span class='ocrx_word' id='word_1_330' title='bbox 788 2294 926 2334; x_wconf 90' lang='lat' dir='ltr'>animo</span> <span class='ocrx_word' id='word_1_331' title='bbox 958 2309 1032 2334; x_wconf 84' lang='lat' dir='ltr'>suo</span> <span class='ocrx_word' id='word_1_332' title='bbox 1062 2296 1262 2349; x_wconf 83' lang='lat' dir='ltr'>impulsus</span> <span class='ocrx_word' id='word_1_333' title='bbox 1293 2297 1466 2337; x_wconf 88' lang='lat' dir='ltr'>honeste</span> <span class='ocrx_word' id='word_1_334' title='bbox 1498 2311 1540 2336; x_wconf 89' lang='lat' dir='ltr'>se</span> <span class='ocrx_word' id='word_1_335' title='bbox 1569 2297 1747 2350; x_wconf 82' lang='lat' dir='ltr'>gesserit</span> <span class='ocrx_word' id='word_1_336' title='bbox 1778 2301 1821 2336; x_wconf 89' lang='lat' dir='ltr'>et</span> 
     </span>
     <span class='ocr_line' id='line_1_40' title="bbox 319 2349 1819 2403; baseline 0.003 -15"><span class='ocrx_word' id='word_1_337' title='bbox 319 2349 571 2403; x_wconf 78' lang='lat' dir='ltr'>flagitiorum</span> <span class='ocrx_word' id='word_1_338' title='bbox 594 2354 721 2402; x_wconf 84' lang='lat' dir='ltr'>atque</span> <span class='ocrx_word' id='word_1_339' title='bbox 740 2350 1017 2402; x_wconf 83' lang='lat' dir='ltr'>nequitiarum</span> <span class='ocrx_word' id='word_1_340' title='bbox 1035 2357 1243 2391; x_wconf 78' lang='lat' dir='ltr'>exsortem</span> <span class='ocrx_word' id='word_1_341' title='bbox 1264 2367 1307 2392; x_wconf 91' lang='lat' dir='ltr'>se</span> <span class='ocrx_word' id='word_1_342' title='bbox 1324 2352 1590 2392; x_wconf 82' lang='lat' dir='ltr'>conservarit.</span> <span class='ocrx_word' id='word_1_343' title='bbox 1625 2352 1819 2392; x_wconf 81' lang='lat' dir='ltr'>REISK.</span> 
     </span>
     <span class='ocr_line' id='line_1_41' title="bbox 321 2405 1819 2460; baseline 0.002 -16"><span class='ocrx_word' id='word_1_344' title='bbox 321 2405 473 2444; x_wconf 77' lang='lat' dir='ltr'>Sensus</span> <span class='ocrx_word' id='word_1_345' title='bbox 510 2410 595 2445; x_wconf 86' lang='lat' dir='ltr'>est:</span> <span class='ocrx_word' id='word_1_346' title='bbox 638 2405 852 2445; x_wconf 90' lang='lat' dir='ltr'>Neminem</span> <span class='ocrx_word' id='word_1_347' title='bbox 888 2406 1012 2445; x_wconf 88' lang='lat' dir='ltr'>hodie</span> <span class='ocrx_word' id='word_1_348' title='bbox 1046 2412 1338 2460; x_wconf 87' lang='lat' dir='ltr'>praeterquam</span> <span class='ocrx_word' id='word_1_349' title='bbox 1372 2407 1622 2448; x_wconf 87' lang='lat' dir='ltr'>Aeschinem</span> <span class='ocrx_word' id='word_1_350' title='bbox 1658 2422 1819 2447; x_wconf 89' lang='lat' dir='ltr'>accuso.</span> 
     </span>
     <span class='ocr_line' id='line_1_42' title="bbox 320 2460 1821 2515; baseline 0.002 -15"><span class='ocrx_word' id='word_1_351' title='bbox 320 2460 451 2500; x_wconf 86' lang='lat' dir='ltr'>Nemo</span> <span class='ocrx_word' id='word_1_352' title='bbox 483 2461 610 2515; x_wconf 78' lang='lat' dir='ltr'>igitur</span> <span class='ocrx_word' id='word_1_353' title='bbox 639 2465 819 2508; x_wconf 83' lang='lat' dir='ltr'>coactus,</span> <span class='ocrx_word' id='word_1_354' title='bbox 851 2461 991 2501; x_wconf 89' lang='lat' dir='ltr'>nolens</span> <span class='ocrx_word' id='word_1_355' title='bbox 1017 2463 1168 2509; x_wconf 70' lang='lat' dir='ltr'>volens.</span> <span class='ocrx_word' id='word_1_356' title='bbox 1197 2464 1476 2503; x_wconf 86' lang='lat' dir='ltr'>innocentiam</span> <span class='ocrx_word' id='word_1_357' title='bbox 1507 2478 1623 2503; x_wconf 90' lang='lat' dir='ltr'>suam</span> <span class='ocrx_word' id='word_1_358' title='bbox 1654 2464 1821 2503; x_wconf 86' lang='lat' dir='ltr'>demon-</span> 
     </span>
     <span class='ocr_line' id='line_1_43' title="bbox 319 2517 1819 2569; baseline 0.002 -14"><span class='ocrx_word' id='word_1_359' title='bbox 319 2517 486 2564; x_wconf 84' lang='lat' dir='ltr'>strabit,</span> <span class='ocrx_word' id='word_1_360' title='bbox 507 2517 579 2556; x_wconf 82' lang='lat' dir='ltr'>sed</span> <span class='ocrx_word' id='word_1_361' title='bbox 601 2517 723 2564; x_wconf 76' lang='lat' dir='ltr'>ultro.</span> <span class='ocrx_word' id='word_1_362' title='bbox 747 2521 897 2569; x_wconf 87' lang='lat' dir='ltr'>sponte</span> <span class='ocrx_word' id='word_1_363' title='bbox 924 2532 1009 2562; x_wconf 74' lang='lat' dir='ltr'>sua,</span> <span class='ocrx_word' id='word_1_364' title='bbox 1035 2519 1283 2558; x_wconf 88' lang='lat' dir='ltr'>Aeschinem</span> <span class='ocrx_word' id='word_1_365' title='bbox 1314 2534 1395 2559; x_wconf 93' lang='lat' dir='ltr'>non</span> <span class='ocrx_word' id='word_1_366' title='bbox 1424 2520 1706 2559; x_wconf 86' lang='lat' dir='ltr'>defendendo:</span> <span class='ocrx_word' id='word_1_367' title='bbox 1737 2533 1819 2558; x_wconf 92' lang='lat' dir='ltr'>non</span> 
     </span>
     <span class='ocr_line' id='line_1_44' title="bbox 318 2572 1818 2628; baseline 0.003 -17"><span class='ocrx_word' id='word_1_368' title='bbox 318 2573 512 2612; x_wconf 86' lang='lat' dir='ltr'>defendet</span> <span class='ocrx_word' id='word_1_369' title='bbox 534 2572 641 2612; x_wconf 85' lang='lat' dir='ltr'>enim</span> <span class='ocrx_word' id='word_1_370' title='bbox 667 2572 745 2612; x_wconf 88' lang='lat' dir='ltr'>nisi</span> <span class='ocrx_word' id='word_1_371' title='bbox 770 2572 1000 2612; x_wconf 80' lang='lat' dir='ltr'>facinorum</span> <span class='ocrx_word' id='word_1_372' title='bbox 1028 2574 1252 2628; x_wconf 86' lang='lat' dir='ltr'>particeps.</span> <span class='ocrx_word' id='word_1_373' title='bbox 1314 2575 1506 2616; x_wconf 81' lang='lat' dir='ltr'>Caecut-it</span> <span class='ocrx_word' id='word_1_374' title='bbox 1526 2575 1592 2614; x_wconf 90' lang='lat' dir='ltr'>hic</span> <span class='ocrx_word' id='word_1_375' title='bbox 1614 2575 1818 2615; x_wconf 81' lang='lat' dir='ltr'>Reiskius.</span> 
     </span>
     <span class='ocr_line' id='line_1_45' title="bbox 319 2627 1819 2683; baseline 0.002 -17"><span class='ocrx_word' id='word_1_376' title='bbox 319 2627 565 2668; x_wconf 70' lang='lat' dir='ltr'>SEAGER.</span> <span class='ocrx_word' id='word_1_377' title='bbox 588 2628 611 2667; x_wconf 91' lang='lat' dir='ltr'>l.</span> <span class='ocrx_word' id='word_1_378' title='bbox 637 2643 670 2667; x_wconf 84' lang='lat' dir='ltr'>c.</span> <span class='ocrx_word' id='word_1_379' title='bbox 733 2628 844 2667; x_wconf 84' lang='lat' dir='ltr'>Vere</span> <span class='ocrx_word' id='word_1_380' title='bbox 877 2629 1105 2682; x_wconf 78' lang='lat' dir='ltr'>Seagerus:</span> <span class='ocrx_word' id='word_1_381' title='bbox 1145 2635 1290 2683; x_wconf 80' lang='lat' dir='ltr'>estque</span> <span class='ocrx_word' id='word_1_382' title='bbox 1324 2632 1426 2671; x_wconf 88' lang='lat' dir='ltr'>haec</span> <span class='ocrx_word' id='word_1_383' title='bbox 1463 2630 1819 2671; x_wconf 87' lang='lat' dir='ltr'>animadversione</span> 
     </span>
     <span class='ocr_line' id='line_1_46' title="bbox 318 2683 1818 2739; baseline 0.003 -18"><span class='ocrx_word' id='word_1_384' title='bbox 318 2684 443 2737; x_wconf 75' lang='lat' dir='ltr'>digna</span> <span class='ocrx_word' id='word_1_385' title='bbox 479 2683 658 2723; x_wconf 80' lang='lat' dir='ltr'>oratoris</span> <span class='ocrx_word' id='word_1_386' title='bbox 698 2698 766 2723; x_wconf 84' lang='lat' dir='ltr'>ars</span> <span class='ocrx_word' id='word_1_387' title='bbox 801 2684 1028 2724; x_wconf 84' lang='lat' dir='ltr'>adversarii</span> <span class='ocrx_word' id='word_1_388' title='bbox 1065 2691 1278 2726; x_wconf 85' lang='lat' dir='ltr'>consortes</span> <span class='ocrx_word' id='word_1_389' title='bbox 1312 2686 1550 2739; x_wconf 78' lang='lat' dir='ltr'>fraudisque</span> <span class='ocrx_word' id='word_1_390' title='bbox 1592 2686 1721 2725; x_wconf 83' lang='lat' dir='ltr'>socios</span> <span class='ocrx_word' id='word_1_391' title='bbox 1757 2686 1818 2725; x_wconf 88' lang='lat' dir='ltr'>ita</span> 
     </span>
     <span class='ocr_line' id='line_1_47' title="bbox 318 2739 1814 2783; baseline 0.001 -5"><span class='ocrx_word' id='word_1_392' title='bbox 318 2739 553 2783; x_wconf 71' lang='lat' dir='ltr'>territandi,</span> <span class='ocrx_word' id='word_1_393' title='bbox 590 2739 723 2778; x_wconf 88' lang='lat' dir='ltr'>nullus</span> <span class='ocrx_word' id='word_1_394' title='bbox 761 2754 902 2779; x_wconf 88' lang='lat' dir='ltr'>eorum</span> <span class='ocrx_word' id='word_1_395' title='bbox 939 2745 986 2780; x_wconf 89' lang='lat' dir='ltr'>ut</span> <span class='ocrx_word' id='word_1_396' title='bbox 1021 2741 1137 2781; x_wconf 89' lang='lat' dir='ltr'>facile</span> <span class='ocrx_word' id='word_1_397' title='bbox 1178 2743 1332 2782; x_wconf 86' lang='lat' dir='ltr'>audeat</span> <span class='ocrx_word' id='word_1_398' title='bbox 1373 2742 1430 2781; x_wconf 90' lang='lat' dir='ltr'>rei</span> <span class='ocrx_word' id='word_1_399' title='bbox 1471 2756 1660 2782; x_wconf 88' lang='lat' dir='ltr'>caussam</span> <span class='ocrx_word' id='word_1_400' title='bbox 1695 2741 1814 2781; x_wconf 87' lang='lat' dir='ltr'>tueri.</span> 
     </span>
     <span class='ocr_line' id='line_1_48' title="bbox 319 2794 566 2834; baseline 0 -1"><span class='ocrx_word' id='word_1_401' title='bbox 319 2794 566 2834; x_wconf 72' lang='lat' dir='ltr'>SCHAEF.</span> 
     </span>
    </p>

    <p class='ocr_par' dir='ltr' id='par_1_9' title="bbox 318 2851 1815 2961">
     <span class='ocr_line' id='line_1_49' title="bbox 374 2851 1815 2907; baseline 0.001 -18"><span class='ocrx_word' id='word_1_402' title='bbox 374 2863 468 2901; x_wconf 65' lang='lat'>390„</span> <span class='ocrx_word' id='word_1_403' title='bbox 495 2864 557 2891; x_wconf 83' lang='lat'>20.</span> <span class='ocrx_word' id='word_1_404' title='bbox 592 2851 682 2890; x_wconf 81' lang='grc' dir='ltr'>αὐτὸ</span> <span class='ocrx_word' id='word_1_405' title='bbox 715 2866 764 2891; x_wconf 84' lang='lat' dir='ltr'>ex</span> <span class='ocrx_word' id='word_1_406' title='bbox 789 2852 829 2890; x_wconf 80' lang='lat' dir='ltr'>S.</span> <span class='ocrx_word' id='word_1_407' title='bbox 856 2852 1097 2891; x_wconf 86' lang='lat' dir='ltr'>restitutum</span> <span class='ocrx_word' id='word_1_408' title='bbox 1129 2868 1203 2907; x_wconf 90' lang='lat' dir='ltr'>pro</span> <span class='ocrx_word' id='word_1_409' title='bbox 1235 2854 1342 2892; x_wconf 80' lang='grc' dir='ltr'>αὐτά.</span> <span class='ocrx_word' id='word_1_410' title='bbox 1396 2854 1538 2893; x_wconf 80' lang='lat' dir='ltr'>Recte.</span> <span class='ocrx_word' id='word_1_411' title='bbox 1602 2853 1815 2905; x_wconf 82' lang='lat' dir='ltr'>Nusquam</span> 
     </span>
     <span class='ocr_line' id='line_1_50' title="bbox 318 2904 1815 2961; baseline 0.003 -20"><span class='ocrx_word' id='word_1_412' title='bbox 318 2904 439 2945; x_wconf 73' lang='lat' dir='ltr'>enim.</span> <span class='ocrx_word' id='word_1_413' title='bbox 464 2906 571 2957; x_wconf 82' lang='lat' dir='ltr'>quod</span> <span class='ocrx_word' id='word_1_414' title='bbox 594 2907 860 2945; x_wconf 76' lang='lat' dir='ltr'>meminerim.</span> <span class='ocrx_word' id='word_1_415' title='bbox 885 2907 961 2946; x_wconf 74' lang='lat' dir='ltr'>nisi</span> <span class='ocrx_word' id='word_1_416' title='bbox 991 2908 1030 2945; x_wconf 91' lang='lat' dir='ltr'>in</span> <span class='ocrx_word' id='word_1_417' title='bbox 1057 2908 1155 2947; x_wconf 78' lang='lat' dir='ltr'>locis</span> <span class='ocrx_word' id='word_1_418' title='bbox 1178 2909 1382 2961; x_wconf 78' lang='lat' dir='ltr'>corruptis</span> <span class='ocrx_word' id='word_1_419' title='bbox 1406 2909 1557 2948; x_wconf 79' lang='lat' dir='ltr'>dicitur</span> <span class='ocrx_word' id='word_1_420' title='bbox 1580 2909 1673 2948; x_wconf 76' lang='grc' dir='ltr'>αὐτὰ</span> <span class='ocrx_word' id='word_1_421' title='bbox 1696 2909 1815 2958; x_wconf 85' lang='grc' dir='ltr'>δηλώ-</span> 
     </span>
    </p>
   </div>
  </div>
 </body>
</html>
