1914 3184
216 127 298 167 xliv
841 126 1099 166 REISKH

213 234 378 281 aliquam
400 230 621 273 editionem,
642 231 750 268 litera
770 244 847 267 non
868 239 1027 271 mutata,
1049 229 1208 265 eandem
1230 227 1438 277 typothetis
1468 226 1726 263 recudendam

217 296 337 333 dare?
409 296 591 343 Reliquos
625 296 762 331 tacebo
796 307 951 337 naevos,
985 293 1047 341 qui
1079 307 1100 329 a
1132 291 1262 328 multis
1297 290 1522 341 magnisque
1552 290 1728 326 laudibus

218 362 482 397 obscurantur.
540 359 670 395 Tertio
690 359 874 394 volumini
895 357 1080 406 praefatio
1100 356 1308 404 praemissa
1337 356 1408 391 toti
1438 355 1545 403 operi
1574 367 1727 390 accom—

217 424 421 461 modabilis
451 432 520 465 est,
544 436 602 465 eo,
623 424 663 459 ni
684 423 804 464 fallor,
829 431 870 457 ut
901 435 922 457 a
951 422 1168 470 bibliopego
1199 420 1289 455 olim
1321 420 1540 467 aliquando,
1563 432 1649 455 cum
1671 426 1727 453 to-

219 496 300 524 tum
323 501 418 537 opus
438 488 477 523 in
497 488 623 523 lucem
645 486 844 534 prodisset,
867 486 989 534 primo
1011 484 1197 520 volumini
1217 491 1529 532 praeponeretur.
1578 482 1730 518 Titulus

218 553 280 588 hic
302 560 375 588 est:
400 553 648 597 Δημοσθένους,
669 552 846 596 Αἰσχίνου,
864 551 1051 595 Δεινάρχου
1072 550 1124 583 καὶ
1140 549 1298 593 Δημάδου
1317 549 1358 582 τὰ
1375 549 1559 591 σωζόμενα.
1595 546 1731 581 Graece

219 623 253 652 et
272 617 414 652 Latine.
474 616 623 650 Curavit
649 615 711 650 J0.
740 615 871 662 Taylor
891 613 1029 649 LL.D.
1055 613 1205 660 Colleqz'i
1225 613 1277 647 D.
1297 612 1448 647 Joamzz‘s
1477 611 1580 645 Cant.
1603 610 1731 646 Soeius

113 695 205 719 XLv1
220 687 253 716 et
285 680 527 716 cancellarius
548 679 812 714 Lz'ncolnz'easis.
847 677 1102 725 Cantahrz‘yiae
1131 676 1225 724 typis
1255 675 1476 710 academicis.
1537 674 1729 710 Volumen

219 745 387 785 tertium,
406 744 506 791 quod
527 744 694 791 primum
715 742 868 790 prodiit,
886 742 1021 789 implet
1042 749 1147 776 extra
1167 739 1445 788 praefationem
1467 738 1624 788 paginas
1641 738 1729 774 662.

220 809 455 849 Secundum,
478 815 604 843 aetate
634 807 839 848 recentius,
861 806 1020 855 paginas
1044 805 1130 852 762.
1188 804 1416 839 Dedicatum
1449 810 1505 839 est
1534 803 1606 839 hoc
1636 814 1731 850 opus

220 873 458 908 nobilissimo
484 871 817 918 illustrissimoque
839 871 924 906 Dno
944 869 1084 905 Joanni
1105 869 1247 904 (Ioniiti
1269 867 1477 907 Gramine,
1500 866 1730 902 Vicecomiti

221 937 561 985 Carteret—-cujus
579 935 745 970 studium
759 934 899 983 Taylor
916 934 1109 969 collaudat
1124 933 1162 967 in
1181 932 1351 968 ornando
1366 944 1434 967 suo
1450 931 1730 971 Demosthene,

220 1000 442 1049 praesertim
478 1000 578 1047 quod
613 999 683 1034 sibi
723 999 910 1034 variantes
950 998 1091 1034 codicis
1127 996 1439 1032 vindobonensis
1474 996 1730 1042 impetrasset.

223 1064 417 1100 Praefatio
440 1077 516 1099 non
539 1063 661 1099 multa
681 1071 786 1098 tenet
811 1075 888 1098 non
910 1062 1151 1102 communia3
1183 1073 1317 1108 parum
1340 1060 1386 1096 de
1416 1060 1575 1095 historia
1594 1058 1729 1094 MSto-

221 1141 302 1163 rum
326 1136 392 1164 aut
413 1127 496 1163 edd.
520 1127 722 1163 Demosth.
780 1127 879 1162 Mihi
901 1126 1053 1173 quidem
1074 1126 1147 1161 ista
1167 1124 1352 1173 praefatio
1374 1136 1505 1171 parum
1533 1122 1730 1164 satisfacit,

221 1193 380 1242 indigna
398 1192 575 1240 Tayloro,
598 1191 754 1240 indigna
774 1191 1046 1230 Demosthene,
1068 1189 1229 1237 indigna
1248 1189 1365 1224 tantis
1391 1187 1545 1235 reliquis
1574 1188 1732 1223 lautitiis

222 1264 405 1304 tantaque
436 1256 722 1303 exspectatione
753 1263 789 1290 et
818 1254 1104 1302 praedicatione
1134 1253 1287 1301 publica
1306 1252 1468 1288 videtur.
1529 1252 1665 1286 Parum
1687 1263 1731 1286 ex

222 1321 287 1356 illa
306 1321 442 1356 discas.
483 1320 702 1368 Insequitur
723 1326 951 1366 conspectus
974 1318 1183 1354 editionum
1207 1317 1634 1366 manuscriptorumque
1652 1315 1731 1351 De-

223 1383 445 1424 mosthenis,
467 1383 603 1430 quibus
623 1383 763 1431 Taylor
783 1383 821 1417 in
843 1382 1066 1418 adornanda
1085 1394 1153 1416 sua
1174 1381 1341 1416 editione
1363 1393 1453 1415 usus
1474 1388 1598 1416 est.—

281 1449 365 1484 Hoc
400 1456 457 1483 est
489 1460 614 1488 omne,
644 1447 744 1494 quod
777 1448 823 1483 de
855 1447 960 1482 editt.
984 1455 1021 1482 et
1044 1446 1167 1481 MStis
1191 1444 1460 1492 Deni.Taylor
1486 1456 1556 1479 nos
1588 1443 1731 1479 docuit.

223 1512 386 1554 Videtis,
423 1524 538 1559 quam
567 1514 712 1560 jejune,
749 1523 862 1558 quam
897 1510 1151 1559 indiligenter,
1186 1522 1300 1556 quam
1335 1521 1410 1543 non
1446 1521 1514 1555 pro
1548 1507 1734 1556 dignitate

225 1585 340 1624 atque
371 1576 582 1611 subtilitate
614 1575 748 1611 critici.
821 1574 1064 1622 Interspersit
1097 1573 1410 1609 annotationibus
1442 1572 1517 1607 suis
1550 1572 1732 1619 quasdam

224 1640 444 1676 Marklandi
478 1648 516 1675 et
547 1640 686 1680 Jurini,
719 1639 849 1675 ambas
882 1651 957 1673 non
991 1638 1114 1687 magni
1150 1637 1355 1672 faciendas.
1415 1635 1733 1671 Marklandianae

224 1705 428 1752 pleraeque
460 1713 548 1739 sunt
578 1704 680 1739 leves
713 1711 751 1738 et
781 1710 910 1738 tantae
942 1702 1013 1737 viri
1045 1701 1166 1736 famae
1199 1701 1297 1736 haud
1330 1713 1451 1748 pares.
1511 1700 1682 1741 Jurinus,
1704 1700 1735 1735 si

224 1768 482 1808 maturuisset‚
508 1767 590 1813 (sed
613 1779 634 1802 a
655 1767 730 1802 cito
750 1766 829 1801 fato
859 1766 1030 1801 sublatus
1060 1767 1146 1809 est,)
1179 1773 1330 1812 poterat
1360 1764 1567 1811 aliquando
1597 1763 1734 1800 melius

226 1833 315 1880 qnid
347 1832 567 1868 extundere.
624 1830 940 1865 Marklandianae
972 1841 1049 1864 non
1081 1829 1171 1864 satis
1203 1837 1374 1864 maturae
1407 1837 1508 1869 sunt,
1542 1828 1682 1864 effusae
1714 1841 1736 1863 a

225 1897 434 1932 rusticante
464 1903 501 1931 ct
529 1895 635 1929 libris
665 1894 861 1929 destituto.
922 1893 1148 1940 Pleraeque,
1175 1893 1205 1927 si
1237 1893 1333 1928 bene
1364 1892 1534 1933 memini,
1556 1893 1594 1927 in
1622 1901 1734 1928 oratt.

225 1974 294 2008 pro
324 1972 464 1996 corona
491 1967 528 1994 et
555 1959 602 1994 de
630 1957 723 1992 falsa
753 1958 866 2006 legat.
887 1965 1097 1993 versantur.
1156 1956 1305 1992 Multae
1340 1965 1426 1991 sunt
1458 1965 1588 2003 aperte
1620 1956 1736 1992 falsae

226 2031 504 2071 testanturque,
525 2022 797 2058 Marklandum
818 2022 856 2056 in
880 2022 1143 2057 Demosthene
1165 2020 1280 2056 fnisse
1302 2020 1505 2070 hospitem.
1563 2021 1738 2057 Tricatur

226 2088 265 2122 in
296 2088 550 2122 commatibus
582 2095 620 2122 et
648 2087 801 2134 punctis
829 2094 932 2121 recte
963 2085 1268 2121 constituendis:
1301 2097 1399 2132 quae
1427 2097 1488 2120 res
1516 2085 1629 2120 laude
1659 2098 1736 2120 non

227 2159 343 2192 caret,
366 2164 504 2200 magna
523 2160 652 2186 tamen
674 2159 712 2186 et
732 2151 928 2198 praeclara
947 2150 1073 2197 palma
1093 2148 1266 2197 profecto
1288 2161 1365 2184 non
1388 2157 1455 2184 est.
1495 2149 1735 2196 Tayloranae

228 2221 342 2248 notae
374 2221 461 2248 sunt
491 2213 613 2248 bonae
645 2212 762 2261 frugis
791 2212 939 2260 plenae.
999 2212 1074 2247 Sed
1107 2219 1278 2259 apparet,
1302 2224 1390 2247 eum
1423 2212 1622 2247 meliorem
1654 2225 1736 2248 esse

223 2278 318 2326 juris
338 2277 456 2312 Attici
477 2278 739 2324 interpretem,
762 2277 800 2311 in
822 2289 897 2323 quo
918 2283 1063 2324 regnat,
1086 2288 1199 2321 quam
1221 2275 1395 2310 criticum
1424 2288 1490 2310 seu
1517 2275 1735 2311 emendato-

229 2352 322 2382 rem,
344 2353 419 2386 quo
438 2340 477 2374 in
498 2352 638 2388 genere
659 2352 794 2387 parum
816 2339 918 2374 valet
938 2346 976 2374 et
997 2350 1118 2385 paene
1146 2338 1454 2373 contemnendus
1481 2347 1549 2373 est.
1609 2339 1736 2374 Notae

231 2403 368 2451 cuique
389 2403 551 2438 orationi
571 2403 699 2438 statim
721 2403 916 2451 subjectae
937 2402 1138 2437 ordiuntur
1158 2401 1204 2436 ab
1226 2402 1468 2437 enarratione
1490 2410 1734 2450 argumento-

111 2479 219 2504 xnvu
231 2480 315 2503 rum
345 2466 502 2516 singulis
537 2467 750 2514 quibusque
782 2467 1016 2502 orationibus
1050 2473 1312 2506 tractatorum,
1345 2473 1383 2501 et
1414 2465 1460 2500 ab
1492 2466 1737 2514 indagatione

232 2532 424 2579 temporis,
443 2544 518 2579 quo
540 2532 661 2566 oratio
683 2543 857 2578 quaeque
878 2530 1008 2566 habita
1028 2537 1097 2565 est.
1139 2529 1213 2565 Sed
1234 2529 1438 2577 pleraeque
1460 2537 1739 2565 consumuntur

231 2597 269 2630 in
291 2595 527 2643 expositione
556 2595 763 2631 lectionum
784 2595 1026 2630 variantium.
1084 2594 1165 2629 Nos
1187 2606 1275 2629 vero
1296 2594 1488 2629 variantes
1508 2594 1555 2629 ab
1576 2602 1738 2631 annota-

231 2659 397 2694 tionibus
426 2660 565 2694 nostris
595 2659 855 2707 separavimus
882 2667 920 2694 et
947 2658 1129 2706 peculiari
1160 2658 1257 2693 libro
1288 2656 1556 2693 conclusimus.
1616 2658 1739 2693 Miror

230 2723 371 2770 itaque,
391 2723 454 2769 qui
475 2723 552 2763 fiat,
570 2732 612 2758 ut
631 2723 770 2770 Taylor
789 2723 981 2759 interdum
1004 2735 1073 2758 nos
1094 2723 1139 2758 ad
1162 2722 1298 2758 librum
1321 2722 1551 2757 variantium
1571 2721 1737 2770 ableget,

236 2795 277 2821 ut
298 2786 388 2821 fecit
409 2800 443 2833 p.
464 2799 544 2833 ¹4&
565 2799 623 2832 24.
647 2787 736 2833 588,
756 2799 816 2833 33.

288 2850 457 2884 Gratiam
481 2851 611 2897 utiquc
634 2863 811 2899 magnam
834 2852 868 2886 ei
889 2851 1082 2886 debemus.
1143 2850 1310 2885 Multum
1338 2848 1511 2896 profecit,
1534 2849 1676 2883 bonum
1699 2855 1737 2883 et

233 2913 381 2946 firmum
397 2913 489 2960 jecit
510 2913 814 2956 fundamentum,
837 2915 895 2949 cui
917 2922 1003 2961 post
1024 2914 1222 2949 venientes
1242 2920 1516 2960 superstruant.
1549 2911 1588 2947 Si
1611 2911 1736 2946 minus
