1934 3179
315 123 397 160 452
872 124 986 164 PRO
1018 124 1268 164 CORONA.

313 225 533 279 interpret.
560 228 614 267 ad
644 228 862 281 Aristoph.
886 227 965 279 Eq.
988 241 1106 279 1190,
1172 227 1252 265 Vel
1280 227 1336 266 sic
1364 231 1506 267 tamen
1532 229 1676 278 ἄλευρα
1706 232 1826 282 potu—

314 286 438 321 erunt
459 282 650 323 adhibita
671 297 772 322 esse.
820 284 1048 322 DISSEN.

370 350 470 390 314,
495 339 532 377 6.
565 339 863 391 γραμματεύειν]
905 337 991 377 Α111
1027 338 1120 377 libri
1151 339 1522 390 ὑπογραμματεύειν.
1583 339 1827 389 γραμματεὺς

316 392 545 433 Aeschines
568 394 721 434 dicitur
741 409 780 447 p.
801 396 892 446 269,
914 406 979 433 20.
1004 404 1102 447 371,
1124 406 1189 433 21.
1253 394 1388 433 Alteri
1408 394 1519 433 favet
1540 394 1653 432 locus
1673 409 1712 447 p.
1729 408 1826 447 419,

316 460 381 502 23.
443 448 507 488 Ut
529 449 760 489 Aeschines
780 450 834 489 ab
857 449 975 489 initio
991 449 1115 489 fuerit
1136 450 1467 501 ὑπογραμματεὺς,
1492 463 1584 488 5010
1605 449 1671 489 ille
1690 450 1827 489 factus

313 506 567 554 γραμματεύς.
616 504 868 545 SCHAEF.

370 573 467 612 314,
491 571 528 611 7.
550 565 628 602 τοῖς
649 561 850 614 ἀρχιδίοις]
886 560 1211 614 Magistratibus
1232 560 1472 600 minoribus.

366 628 466 677 314,
491 629 553 655 10.
585 620 664 658 τοῖς
693 618 967 669 βαρυστόνοις]
1006 616 1074 656 Sic
1103 616 1217 664 dicti,
1241 616 1398 669 opinor,
1423 617 1533 669 quod
1565 616 1606 655 in
1636 616 1826 669 partibus

313 670 398 710 suis
424 671 597 734 agendis
625 671 766 725 inepte
792 676 834 712 et
860 678 1006 712 contra
1035 677 1229 712 1111111111111
1250 674 1561 722 ὑπερπαθοῦντες
1583 672 1827 724 5Ρο01111011-

312 727 389 765 bus
410 726 538 766 risum
559 732 785 767 mover.ent
819 727 1153 767 SOHAEFEP..
1216 728 1376 767 Ductos
1402 742 1452 767 ex
1484 728 1561 766 hoc
1589 727 1679 766 1000
1707 732 1827 779 βαρυ-

311 783 476 824 στόνους
510 785 716 834 ὑποκριτὰς
746 798 772 823 a
799 783 1058 823 Philostrato
1083 783 1121 822 V
1126 784 1171 823 11.
1200 784 1326 836 Soph.
1354 797 1385 830 1,
1414 785 1476 822 Ι8.
1512 798 1549 836 p.
1576 794 1674 835 507.
1706 787 1828 823 notat

311 837 548 878 Jacobsius.
610 839 833 879 Caeterum
866 853 948 878 non
985 853 1148 892 semper
1180 839 1223 878 in
1253 816 1399 878 eodem
1429 853 1554 892 grege
1584 839 1722 878 fuerat
1744 839 1827 878 Ae-

312 893 486 940 schines,
509 894 559 933 cf.
578 894 628 934 de
649 895 754 934 falsa
775 895 901 948 legat.
923 910 962 948 p.
983 896 1092 944 418.,
1117 895 1187 934 sed
1221 894 1399 947 Simylus
1431 900 1473 934 et
1506 894 1702 934 Socrates
1733 908 1827 934 cum

312 948 515 1001 imprimis
548 950 643 990 mali
677 950 901 990 histriones
934 955 1073 990 essent
1110 955 1152 990 et
1184 950 1304 990 vilem
1338 964 1509 1004 gregem
1540 950 1739 989 ducerent
1770 950 1826 989 ad

312 1004 481 1053 ruralia,
514 1005 564 1045 de
605 1006 669 1045 his
710 1005 890 1045 maxime
931 1006 1033 1046 dicit
1067 1006 1384 1046 Demosthenes.
1445 1006 1510 1044 Ac
1552 1006 1697 1045 credas
1738 1010 1829 1045 tum

313 1060 572 1101 Oenomaum
604 1062 933 1114 pessumdatum,
954 1066 1001 1101 ut
1033 1061 1269 1115 suspicatur
1299 1066 1448 1101 auctor
1469 1062 1714 1114 Anonymus
1736 1061 1827 1100 Vit.

313 1116 512 1156 Aeschin.
534 1132 574 1170 p.
599 1120 693 1166 246.
717 1117 849 1157 Bekk.
894 1117 1121 1157 DISSEN.

369 1184 466 1225 314,
488 1186 499 1211 1
519 1186 550 1211 1.
574 1174 749 1227 Σιμύλῳ]
786 1173 901 1213 Citat
922 1173 962 1212 h.
985 1173 1009 1212 1.
1035 1172 1347 1226 Harpocration
1369 1187 1401 1212 s.
1423 1172 1463 1211 h.
1487 1188 1523 1211 v.

369 1241 468 1280 314,
489 1240 550 1267 12.
574 1229 961 1282 σῦκα-συλλέγων]
995 1229 1110 1269 Citat
1129 1229 1373 1269 Athenaeus
1394 1243 1432 1281 p.
1450 1231 1529 1281 653
1550 1228 1600 1267 Ε.
1633 1228 1827 1268 REISK.

371 1286 470 1323 σῦκα
502 1285 564 1323 καὶ
593 1286 736 1335 βότρυς
772 1286 833 1324 καὶ
867 1285 988 1326 ἐλάας
1019 1285 1245 1337 συλλέγων]
1283 1284 1397 1324 Nam
1428 1284 1628 1323 ruralium
1661 1284 1828 1325 Libera-

313 1339 413 1377 lium
464 1344 652 1392 tempore
693 1340 899 1380 vindemia
948 1340 1092 1380 fiebat.
1162 1340 1353 1379 Fuerunt
1400 1339 1554 1380 ruralia
1596 1339 1828 1380 Posideone

313 1409 465 1442 mense,
498 1396 571 1434 sed
605 1396 805 1435 secabant
835 1400 878 1435 et
909 1396 1114 1436 tollebant
1142 1396 1184 1434 in
1209 1395 1358 1435 Attica
1386 1410 1486 1435 uvas
1517 1410 1599 1435 11011
1625 1400 1714 1435 111111
1744 1410 1829 1436 11111-

314 1454 407 1489 11110
440 1465 564 1502 quam
594 1452 706 1504 apud
741 1465 816 1490 nos
846 1451 936 1490 fieri
969 1451 1086 1500 solet,
1121 1452 1171 1490 cf.
1195 1451 1378 1517 Boeckh.
1407 1452 1457 1490 de
1488 1451 1656 1504 Dionys.
1689 1466 1727 1505 p.
1762 1453 1827 1505 63.

314 1505 538 1545 DISSEN.

371 1575 467 1613 314,
492 1575 554 1614 13.
577 1563 802 1615 ὀπωρώνης]
839 1563 899 1602 (f.
920 1562 1146 1615 Phrynich
1170 1577 1209 1615 p.
1235 1565 1326 1602 206.
1354 1563 1550 1611 Lobeck„
1574 1562 1645 1601 ubi
1675 1562 1830 1602 dicitur

315 1619 588 1667 ὀπωροπώλης·
621 1617 722 1657 τουθ’
742 1635 778 1657 οι
799 1620 976 1669 ἀγοραῖοι
997 1619 1199 1669 λέγουσιν
1223 1620 1259 1657 οἱ
1283 1620 1324 1658 δε
1350 1618 1649 1668 πεπαιδευμένοι
1674 1619 1829 1669 ὀπωρώ-

316 1690 398 1721 νης.
461 1673 540 1713 Ε51
561 1678 702 1713 111111οι1
723 1688 850 1727 propi
853 1688 889 1713 10
911 1675 1116 1724 ὀπωρώνης
1137 1687 1352 1726 pomorum
1375 1675 1614 1721 conductor,
1638 1678 1685 1713 ut
1707 1675 1828 1722 νομώ-

316 1745 383 1774 νης
404 1729 634 1769 conductm
655 1744 918 1782 pascuorum.
966 1730 1026 1769 Of.
1049 1730 1205 1780 ὀπώραν
1226 1731 1414 1780 πριασθαι
1430 1744 1467 1782 p
1483 1742 1672 1783 1253,14.
1713 1728 1828 1769 DIS-

315 1783 438 1823 SEN.

372 1853 469 1892 314,
490 1850 552 1893 15.
574 1842 771 1891 τραύματα
792 1846 886 1894 post
908 1841 1125 1890 λαμβάνων
1142 1841 1264 1894 vulgo
1286 1840 1438 1880 lectum
1456 1854 1534 1879 om.
1552 1854 1612 1893 pr.
1632 1840 1672 1879 S.
1734 1840 1828 1879 Non

318 1895 469 1935 imiter.
538 1896 769 1936 Aeschines
813 1911 936 1950 poma
976 1896 1195 1945 suffurans,
1232 1896 1394 1949 quoties
1435 1896 1826 1948 deprehenderetur,

316 1952 422 1991 male
460 1952 665 1991 mulcatus
701 1957 776 1991 est.
824 1951 1060 1992 SCHAEF
1066 1952 1155 1991 ER.
1232 1952 1361 1991 Recte
1397 1952 1576 1991 deletum
1616 1953 1826 2002 τραύματα.

317 2007 592 2052 Vertcndum,
621 2007 718 2060 plus
748 2008 840 2047 inde
876 2008 979 2047 lucra·
1006 2008 1169 2060 faciens
1202 2022 1319 2060 quam
1360 2022 1407 2047 em
1441 2006 1728 2056 certaminibus,
1764 2021 1828 2046 seu

308 2063 446 2116 potius
456 2077 536 2116 pro
557 2063 640 2102 vita
659 2070 694 2103 et
715 2064 842 2116 capite
863 2063 968 2102 veris
980 2063 1142 2116 paginis,
1184 2063 1355 2102 DOBR.

374 2118 501 2172 ὑμεῖς]
536 2119 597 2157 Tu
621 2133 714 2157 cum
738 2118 890 2172 Simylo
911 2124 953 2159 01
977 2119 1164 2158 Socrate.
1208 2118 1459 2159 SOHAEF.

374 2187 470 2226 314,
494 2187 507 2212 J
521 2186 556 2226 7.
580 2174 674 2224 πρὸς
695 2175 781 2216 τοὺς
803 2175 956 2227 θεατὰς]
989 2174 1029 2213 Α
1052 2174 1202 2226 quibus
1223 2188 1304 2213 non
1327 2174 1458 2213 solum
1478 2172 1736 2221 ridebantur,
1755 2173 1827 2212 sed

320 2228 447 2268 etiam
475 2229 682 2281 lapidibus
712 2230 977 2282 petebantur.
1039 2230 1297 2283 Comparant
1321 2229 1494 2269 Lucian.
1520 2228 1675 2268 Piscat.
1698 2243 1732 2268 0.
1757 2242 1825 2282 33.

320 2286 356 2323 οἱ
386 2286 595 2323 ἀθλοθέται
625 2289 842 2335 μαστιγοῦν
865 2286 1059 2330 εἰώθασιν,
1083 2286 1129 2334 ἤν
1151 2302 1205 2326 τις
1227 2285 1430 2335 ὑποκριτὴς
1445 2284 1617 2332 Ἀθηνᾶν
1637 2283 1659 2331 ἢ
1682 2289 1827 2323 Ποσει-

321 2343 423 2378 δῶνα
441 2338 463 2388 ἢ
485 2340 552 2379 τὸν
570 2342 649 2379 Δία
669 2342 908 2381 ὑποδεδυκὼς
927 2341 978 2389 μὴ
1001 2344 1126 2381 καλῶς
1146 2341 1394 2390 ὑποκρίνηται
1412 2341 1505 2389 μηδὲ
1530 2339 1605 2378 κατ’
1622 2340 1735 2388 ἀξίαν
1751 2343 1827 2378 τῶν

319 2399 431 2434 θεῶν.
473 2395 555 2434 Sed
576 2409 683 2434 nunc
701 2395 751 2434 de
773 2395 1078 2448 spectatoribus
1100 2395 1304 2434 ultoribus
1325 2395 1456 2434 malae
1473 2394 1649 2434 actionis
1669 2394 1822 2448 agitur,

321 2451 372 2490 de
395 2451 543 2504 quibus
565 2451 657 2490 vide
677 2451 731 2490 ad
752 2465 786 2490 v.
811 2452 1020 2499 ἐξέπιπτες,
1044 2466 1084 2504 p.
1106 2462 1205 2503 315,
1230 2464 1289 2490 10.
1336 2449 1560 2489 DISSEN.

374 2519 470 2556 314,
492 2507 555 2546 18.
577 2507 789 2558 τραύματα]
829 2506 945 2546 Conf.
964 2506 1061 2545 dei.
1083 2506 1162 2560 leg.
1184 2521 1221 2559 p.
1242 2520 1337 2558 449.
1364 2505 1602 2555 ἐξεβάλλετε
1624 2505 1742 2544 αὐτὸν
1764 2505 1827 2544 καὶ

321 2563 582 2612 εξεσυρίττετε
612 2563 653 2601 ἐκ
683 2566 758 2601 τῶν
789 2562 960 2613 θεάτρων
992 2562 1052 2601 καὶ
1086 2565 1208 2611 μόνον
1237 2562 1281 2600 οὐ
1312 2562 1538 2600 κατελεύετε
1573 2562 1690 2601 οὕτως
1726 2560 1827 2599 ὥστε

321 2621 561 2656 τελευτῶντα
586 2621 653 2656 τοῦ
684 2621 999 2668 τριταγωνιστεῖν
1027 2619 1256 2666 ἀποστῆναι.
1313 2617 1366 2656 V.
1389 2630 1494 2669 qua-e
1525 2616 1575 2655 de
1605 2616 1682 2655 hoc
1713 2615 1826 2669 igno-

318 2672 470 2712 miniae
490 2687 640 2726 genere
661 2672 827 2726 collegit
849 2672 1020 2712 Becker.
1045 2672 1220 2713 Charicl.
1243 2673 1320 2712 vol.
1347 2685 1382 2711 2.
1405 2687 1444 2725 p.
1469 2682 1561 2724 275.

376 2729 481 2767 ἀλλὰ
501 2729 682 2779 γὰρ-ἄν
702 2728 776 2781 τις]
811 2728 954 2768 Citant
976 2728 1135 2767 Anecd.
1160 2728 1291 2768 Bekk.
1313 2744 1350 2781 p.
1379 2728 1470 2775 128,
1491 2738 1527 2779 7.
1572 2725 1824 2766 SOHAEF.

375 2796 471 2835 314,
500 2796 565 2832 24.
593 2784 864 2823 Ρ1·ον01·1)111111
895 2785 1005 2834 λαγὼ
1034 2785 1126 2833 βίον
1154 2785 1247 2832 ἔζης,
1275 2783 1439 2836 saepius
1468 2783 1522 2822 ab
1553 2782 1644 2822 aliis
1675 2781 1825 2835 repeti-

322 2844 423 2881 tum.
454 2839 502 2878 cf.
525 2839 695 2879 Lucian.
720 2841 858 2879 Somn.
883 2854 913 2878 s.
932 2839 1022 2879 Vit.
1042 2853 1075 2878 c.
1096 2853 1134 2892 9.
1152 2839 1250 2892 ibiq.
1268 2840 1484 2892 interpret.
1547 2838 1668 2877 Adde
1700 2837 1823 2876 Dion.
