1934 3179
331 121 416 161 540
718 123 800 163 DE
835 123 1035 164 FALSA
1069 124 1454 165 LEGATIONE.

333 226 510 268 πολίτας.
560 228 757 278 πρόφασις
783 229 830 268 ἂν
854 229 986 278 ἔδοξεν
1009 229 1108 269 εἶναι
1140 229 1201 268 καὶ
1231 229 1473 269 πλάττεσθαι
1500 230 1596 280 πρὸς
1616 230 1659 270 τὸ
1683 234 1840 281 συμβὰν

335 282 664 333 μετατεθειμένος.
718 287 787 323 νῦν
814 286 867 330 δὲ,
896 286 987 335 πρὶν
1009 288 1132 324 θεῖναι
1163 285 1232 334 τὴν
1258 287 1460 336 πρότασιν,
1491 287 1706 337 προλαβὼν
1728 287 1840 338 ἔθηκε

335 337 377 376 τὸ
405 340 500 378 κατὰ
520 339 607 380 τοὺς
627 341 894 390 αἰχμαλώτους
915 343 960 394 τῇ
983 339 1231 389 ἀντεξετάσει
1251 345 1328 380 τῶν
1348 342 1513 392 χρόνων·
1547 347 1571 363 “
1587 343 1630 381 ἐν
1650 341 1679 396 ᾧ
1701 344 1837 394 διετρί-

334 398 460 442 βομεν
487 395 529 433 ἐν
551 396 789 447 Μακεδονίᾳ,
819 396 859 434 τί
886 396 1066 446 ἑκάτερος
1095 396 1299 447 προείλετο
1330 397 1530 448 πράττειν;
1567 399 1643 449 ἐγὼ
1670 400 1743 448 μὲν
1764 399 1840 438 τοί-

335 465 405 488 νυν
425 449 511 491 τοὺς
532 451 800 502 αἰχμαλώτους
822 451 1036 498 ἀνασώζειν
1053 452 1115 490 καὶ
1137 452 1339 502 ἀναζητεῖν
1360 453 1421 492 καὶ
1442 452 1529 503 παρ’
1550 454 1642 503 ἐμοῦ
1662 453 1840 506 χρήματα

335 505 576 544 ἀναλίσκειν·
610 506 720 547 οὗτος
751 507 792 544 δὲ
824 506 958 546 αὐτίκα
980 507 1197 547 ἀκούσεσθε
1225 509 1264 547 τί
1291 511 1411 548 ποιῶν
1433 508 1671 549 διετέλεσε.”
1703 513 1840 550 τοῦτον

334 559 403 598 τὸν
424 561 566 610 τρόπον
587 561 954 611 προδιοικησάμενος
979 564 1026 602 τὰ
1056 563 1143 613 περὶ
1168 563 1255 605 τοὺς
1281 565 1561 615 αἰχμαλώτους,
1590 568 1658 604 νῦν
1679 565 1840 617 προάγει

337 615 397 654 καὶ
426 615 544 664 αὐτὴν
570 616 640 664 τὴν
665 617 855 666 πρότασιν
876 619 937 656 ἐπὶ
957 618 1246 671 προδιῳκημένῃ
1277 620 1321 672 τῇ
1353 620 1478 659 λύσει·
1513 625 1536 642 “
1551 621 1646 660 ὅταν
1667 623 1707 660 δὲ
1730 622 1840 663 οὗτος

336 670 469 709 αὐτίκα
490 670 535 719 δὴ
556 670 653 722 λέγῃ
674 671 770 722 πρὸς
790 674 898 722 ὑμᾶς,
921 675 959 712 τί
988 674 1141 722 δήποτε,
1165 675 1214 715 ὡς
1235 673 1322 725 φῂς,
1341 673 1369 714 ὦ
1394 676 1657 724 Δημόσθενες,
1677 676 1752 716 ἀπὸ
1773 681 1840 716 τοῦ

336 730 534 765 συνειπεῖν
554 744 602 776 με
624 727 856 778 Φιλοκράτει
875 729 990 780 γνοὺς
1011 729 1123 769 οὐδὲν
1143 730 1248 780 ὑγιὲς
1268 730 1503 781 πράττοντας
1523 732 1630 781 ἡμᾶς,
1654 732 1723 781 τὴν
1743 734 1841 781 μετὰ

334 785 454 821 ταῦτα
474 784 693 833 πρεσβείαν
714 783 783 832 τὴν
806 784 867 823 ἐπὶ
897 785 984 826 τοὺς
1014 786 1148 835 ὅρκους
1169 786 1515 836 συνεπρέσβευσας
1542 786 1661 826 πάλιν
1683 788 1744 827 καὶ
1772 789 1841 827 οὐκ

336 838 543 887 ἐξωμόσως
578 841 697 878 ταῦτα
723 838 935 889 μέμνησθε,
960 842 1017 880 ὅτι
1038 842 1183 882 τούτοις
1212 841 1489 892 ὡμολογήκειν,
1513 843 1578 883 οὓς
1606 843 1720 884 αὐτὸς
1752 844 1841 883 ἐλυ-

336 892 476 943 σάμην,
514 894 620 943 ἥξειν
655 895 716 933 καὶ
756 900 904 944 κομιεῖν
938 898 1061 946 λύτρα
1102 897 1163 935 καὶ
1205 898 1352 936 σώσειν
1388 899 1441 939 εἰς
1482 898 1653 948 δύναμιν.
1711 899 1840 939 δεινὸν

334 949 403 987 οὖν
433 949 480 998 ἧν
500 951 730 1000 ψεύσασθαι
765 952 827 990 καὶ
857 951 1047 1002 προέσθαι
1077 954 1365 1004 δυστυχοῦντας
1396 954 1620 1004 ἀνθρώπους
1640 954 1841 996 πολίτας.”

391 1073 488 1114 394,
513 1071 577 1112 27.
607 1062 682 1101 ἀπὸ
710 1062 1083 1116 τοῦ-Φιλοκράτει]
1118 1063 1235 1104 Inter
1258 1064 1434 1117 primam
1456 1065 1611 1105 scilicet
1632 1070 1675 1106 et
1697 1080 1840 1106 seeun-

335 1116 431 1156 dam
452 1116 716 1170 legationem.
750 1118 999 1158 SEAGER.
1025 1119 1144 1159 Diar.
1169 1120 1335 1160 Classic.
1359 1132 1426 1174 54.
1449 1136 1487 1174 p.
1514 1124 1608 1161 226.

396 1183 492 1225 395,
516 1186 550 1212 Ι.
580 1177 700 1213 ταῦτα
729 1173 1053 1224 μέμνησθε-εἰς
1086 1177 1266 1229 δύναμιν]
1312 1176 1540 1230 Legatione
1576 1177 1710 1230 prima
1748 1192 1840 1231 pro-

335 1227 505 1267 missum
540 1229 714 1269 dederat
750 1229 1070 1280 Demosthenes,
1103 1232 1213 1284 quod
1254 1233 1435 1272 secunda
1474 1233 1665 1273 absolvit.
1711 1233 1840 1274 SEA-

337 1283 470 1324 GER.
493 1285 518 1324 l.
541 1300 574 1324 o.

392 1350 487 1394 3957
508 1353 544 1381 2.
565 1342 683 1390 ἥξειν,
708 1342 772 1383 οὓς
794 1342 1011 1396 ἐλυσάμην]
1048 1344 1113 1385 οὓς
1135 1344 1269 1386 αὐτοὺς
1291 1344 1490 1394 ἐλυσάμην
1509 1346 1614 1394 ἥξειν
1631 1344 1841 1385 Aristides

335 1410 374 1449 p.
400 1397 507 1445 282„
530 1397 601 1436 ubi
623 1397 662 1436 Ν
665 1411 912 1437 orrmannus
934 1398 1106 1452 corrigit
1128 1399 1254 1441 αὐτός.
1297 1400 1491 1440 REISK.

396 1465 492 1505 395,
515 1463 553 1505 5.
587 1454 975 1507 ἰδίᾳ-πλανᾶσθαι]
1026 1454 1092 1494 Sic
1126 1455 1298 1495 ordina:
1340 1459 1567 1496 πλανᾶσθαι
1602 1457 1730 1496 ἐκεῖσε
1766 1458 1842 1510 ἰδίᾳ

336 1508 624 1557 ἐξομοσάμενον
655 1511 704 1560 (S.
732 1509 801 1558 τὴν
830 1511 1065 1561 πρεσβείαν)
1096 1511 1140 1550 οὐ
1172 1512 1273 1551 πάνυ
1308 1513 1430 1551 καλὸν
1461 1512 1538 1551 οὐδ’
1566 1513 1748 1564 ἀσφαλὲς
1780 1513 1840 1563 ἧν.

334 1562 526 1603 WOLF.
589 1565 663 1617 ἰδία
691 1579 774 1603 11011
805 1565 1001 1605 cohaeret
1031 1580 1123 1605 culn
1156 1567 1457 1617 ἐξομοσάμενον,
1486 1568 1558 1607 sed
1590 1582 1682 1607 cum
1713 1570 1840 1608 ἐκεῖσε

333 1622 573 1659 πλανᾶσθαι.
637 1620 738 1660 Illuc
760 1620 924 1674 evagari
954 1621 1007 1661 ad
1039 1622 1244 1661 incertum
1272 1623 1442 1669 exitum,
1466 1623 1578 1663 velut
1606 1624 1730 1663 homo
1758 1624 1840 1677 pri-

334 1679 468 1723 vatus,
491 1675 603 1715 nulla
625 1676 831 1729 dignitate
852 1677 1018 1729 publica
1039 1677 1238 1724 munitus.
1282 1678 1476 1718 REISK.

389 1742 485 1784 395,
510 1733 546 1770 6.
571 1733 604 1770 εἰ
623 1732 692 1784 μὴ]
733 1732 917 1772 Subaudi
940 1735 1123 1783 ἐπείσθην
1144 1736 1241 1783 μετὰ
1268 1736 1413 1774 τούτων
1434 1736 1686 1785 πρεσβεύειν.
1749 1735 1839 1775 Nisi

333 1786 411 1826 hoc
442 1801 507 1826 me
540 1786 771 1841 impulisset
808 1793 855 1828 ut
891 1788 1143 1842 legationem
1183 1804 1266 1829 una
1303 1804 1395 1829 culn
1436 1790 1499 1829 his
1534 1790 1699 1844 collegis
1738 1791 1841 1831 meis

333 1842 503 1890 obirem,
527 1843 638 1896 quod
665 1844 807 1884 vellem
839 1844 914 1883 hos
945 1844 1118 1884 miseros
1145 1845 1344 1898 captivos,
1372 1846 1422 1885 de
1450 1846 1599 1899 quibus
1630 1846 1840 1899 praedico,

332 1898 549 1945 redimere,
570 1913 779 1952 nunquam
803 1899 845 1939 id
865 1899 1066 1942 fecissem.
1129 1901 1244 1942 Citat
1264 1902 1374 1940 hunc
1397 1902 1531 1941 locum
1554 1902 1841 1956 Hermogenes

333 1969 373 2007 p.
395 1967 490 2008 345.
535 1955 730 1994 REISK.

389 2022 486 2062 395,
512 2021 549 2061 7.
579 2011 775 2065 προώλης]
825 2011 1052 2052 Dorvillius
1082 2013 1136 2053 ad
1166 2013 1379 2054 Chariton.
1412 2029 1452 2067 p.
1488 2024 1582 2066 277.
1611 2015 1674 2054 ed.
1705 2014 1836 2068 Lips.:

336 2071 359 2088 ‘⁶
374 2066 501 2119 Apud
522 2066 748 2119 Ulpianum
770 2068 824 2107 ad
841 2068 1112 2109 Demosthen.
1134 2070 1220 2120 περὶ
1241 2086 1409 2120 παραπρ.
1434 2070 1488 2123 [h.
1509 2070 1551 2123 1.]
1573 2071 1750 2121 προώλης
1770 2085 1840 2110 ex-

333 2121 518 2174 ponitur:
548 2124 567 2161 ὁ
585 2123 679 2172 πρὸς
696 2124 922 2174 εἱμαρμένης
938 2129 1142 2164 τελευτῶν.
1191 2125 1433 2179 Legenduln
1455 2126 1566 2177 πρό.”
1589 2125 1837 2166 SCHAEF.

397 2177 885 2233 εἰ...ἂν...ἐπρέσβευσα]
924 2180 972 2220 ἂν
1004 2181 1102 2220 does
1137 2186 1212 2220 not
1247 2181 1398 2235 belong
1431 2186 1475 2220 to
1507 2183 1762 2232 προσλαβὼν,
1792 2196 1840 2222 as

334 2247 448 2272 some
477 2233 611 2287 might
641 2234 776 2283 think,
805 2235 952 2275 misled
982 2237 1036 2288 by
1060 2237 1218 2276 Matth.
1242 2237 1314 2276 Gr.
1341 2238 1378 2289 ξ.
1401 2237 1496 2290 598.
1519 2251 1552 2276 1.
1577 2236 1609 2277 b.
1631 2242 1736 2277 extr.
1759 2238 1838 2278 but

334 2292 379 2328 to
400 2288 472 2327 the
494 2290 605 2328 verb.
651 2292 684 2329 εἰ
705 2290 954 2341 ἐπρέσβευσα
975 2292 1107 2331 would
1140 2293 1243 2332 have
1274 2293 1487 2346 signified:
1525 2300 1546 2315 “
1562 2293 1596 2332 if
1622 2293 1644 2332 I
1666 2300 1765 2333 *went
1785 2308 1839 2333 on

333 2344 405 2384 the
427 2345 642 2397 embassy''
663 2345 890 2401 (hnplying,
915 2346 979 2387 but
1001 2349 1031 2386 I
1048 2348 1124 2387 did
1150 2355 1215 2388 not
1229 2365 1241 2387 .·
1274 2348 1314 2387 in
1337 2349 1459 2388 other
1479 2349 1624 2395 words,
1649 2349 1682 2388 it
1704 2349 1838 2388 would

333 2400 436 2439 have
458 2400 551 2454 only
572 2401 720 2441 denied
742 2402 1009 2453 ἐπρέσβευσα)
1033 2404 1109 2443 but
1132 2405 1165 2442 εἰ
1186 2404 1233 2443 ἂν
1256 2404 1507 2454 ἐπρέσβευσα
1529 2404 1733 2458 signifies:
1767 2410 1791 2427 ‘⁶
1808 2404 1844 2444 if

333 2457 365 2495 I
381 2456 514 2495 would
531 2456 628 2496 have
643 2471 738 2510 yona
761 2457 804 2507 (i.
828 2473 861 2497 e.
884 2472 931 2497 on
953 2458 1012 2498 the
1031 2459 1228 2498 condition
1258 2460 1304 2497 of
1329 2459 1533 2514 receiving
1559 2475 1584 2500 a
1605 2474 1702 2513 very
1722 2460 1837 2514 large

333 2525 424 2550 sum
455 2512 500 2550 of
525 2526 684 2565 money,
707 2515 949 2563 προσλαβὼν
970 2514 1094 2568 being
1124 2515 1349 2554 resolvable
1380 2514 1468 2554 into
1496 2518 1529 2555 εἰ
1559 2516 1834 2571 προσέλαβον)

332 2581 386 2606 on
414 2568 485 2606 the
509 2568 699 2622 embassy
722 2569 939 2623 (implying
962 2571 989 2608 I
1006 2570 1139 2610 would
1156 2577 1223 2610 vot
1244 2570 1320 2610 else
1342 2571 1438 2610 hasce
1454 2585 1562 2623 oona,
1584 2585 1631 2610 or
1652 2571 1692 2609 in
1714 2571 1837 2611 other

332 2623 478 2671 words,
501 2623 534 2663 it
561 2624 694 2663 would
720 2625 824 2664 have
845 2625 993 2665 denied
1016 2626 1266 2676 ἐπρέσβευσα
1292 2626 1404 2675 ἅν).”
1450 2627 1591 2680 Comp.
1617 2626 1771 2679 Polyol.
1794 2641 1834 2680 p.

336 2688 455 2729 1227.
481 2680 517 2730 ξ.
544 2692 608 2731 79.
632 2679 688 2730 ἆρ’
710 2681 776 2719 οὐκ
807 2680 856 2720 ἂν
881 2681 1091 2732 ὠργίζεσθέ
1120 2699 1184 2731 μοι
1215 2682 1258 2732 (i.
1281 2696 1315 2720 e.
1342 2684 1376 2721 εἰ
1404 2682 1455 2730 μὴ
1487 2682 1832 2734 ἐπετριηράρχησα,

330 2735 377 2785 ff
396 2735 425 2772 I
450 2734 534 2773 lead
561 2741 625 2774 not
654 2736 862 2775 continued
889 2742 931 2775 at
961 2751 1025 2789 mys
1042 2744 1134 2790 post
1164 2751 1209 2776 os
1239 2737 1435 2777 trierarclc
1464 2738 1530 2777 till
1556 2752 1621 2790 my
1645 2751 1835 2777 successor

331 2790 516 2839 arrived)
541 2791 602 2829 καὶ
632 2792 791 2841 ἡγεῖσθε
822 2792 870 2830 ἂν
898 2793 1042 2832 ἀδικεῖν
1065 2810 1138 2843 με;
1174 2795 1212 2833 εἰ
1242 2795 1371 2832 τοίνυν
1400 2793 1453 2833 ἂν
1478 2794 1560 2843 ἐμοὶ
1586 2795 1673 2833 τότε
1705 2794 1832 2844 ὡργ-ίν

331 2848 460 2891 ζεσθε
488 2863 520 2884 κ.
542 2862 571 2883 τ.
595 2851 632 2885 λ.
677 2846 986 2887 SHILLETO.
