1934 3179
318 127 403 167 542
704 126 788 166 DE
821 125 1023 166 FALSA
1057 124 1445 166 LEGATIONE.

319 229 499 270 forward
525 229 598 270 the
629 229 822 271 evidence
854 230 902 270 of
928 230 1001 270 the
1033 243 1164 283 envoy
1185 229 1232 269 of
1259 228 1331 270 the
1364 228 1478 269 allies
1500 228 1763 284 Aglaocreon
1789 231 1835 270 of

320 286 522 335 Tenedos,
536 286 620 326 and
640 286 686 326 of
701 286 765 326 his
786 286 1129 326 co«ambassad0r
1151 285 1354 325 Iatrocles
1374 285 1448 340 [by
1462 285 1534 325 the
1551 300 1640 340 way
1653 286 1832 326 another

318 343 365 382 of
392 341 709 382 Demosthenes'
730 342 970 382 witnesses:
1005 355 1072 381 see
1096 342 1133 393 ξ.
1158 341 1269 395 218.]
1291 340 1391 380 with
1412 341 1546 381 whom
1572 341 1623 381 he
1655 342 1830 391 messed‚

318 398 404 438 and
423 398 529 437 from
546 398 681 438 whom
701 397 752 437 he
770 411 852 437 was
875 410 1000 436 never
1019 397 1171 437 absent
1192 410 1269 436 one
1287 396 1429 451 night:
1463 397 1547 437 and
1567 398 1666 438 asks
1686 397 1830 438 trium=

318 454 509 507 phantly‚
533 452 574 492 in
595 468 621 494 a
642 452 775 493 strain
797 453 843 492 of
869 451 1091 506 indignant
1112 452 1229 506 irony
1250 453 1413 506 beyond
1434 452 1498 493 his
1519 453 1638 494 usual
1658 465 1831 506 powers,

321 510 507 549 whether
530 509 798 556 Leosthenes‚
822 522 869 548 or
895 508 968 548 the
990 508 1224 561 Byzantian
1246 507 1399 562 Pytho,
1433 509 1553 561 (both
1584 513 1630 549 at
1657 507 1833 562 Philip's

319 568 460 617 court)
482 579 529 604 or
552 564 689 617 Philip
721 563 895 612 himself
920 564 1042 603 could
1072 569 1146 604 not
1176 564 1280 604 have
1312 562 1473 604 indited
1499 565 1572 604 the
1601 565 1727 605 letter
1748 566 1833 617 (for

318 621 452 660 which
492 634 672 673 purpose
706 596 1013 660 Demosthenes
1056 621 1092 674 ξ)
1120 633 1189 671 40.
1230 617 1460 660 insinuates
1497 621 1595 660 that
1634 621 1686 660 he
1722 620 1833 661 staid

320 676 493 728 behind)
517 691 576 724 01·,
599 675 640 714 111
662 676 755 725 fine,
779 676 966 716 whether
986 676 1058 716 the
1079 674 1206 716 letter-
1232 676 1391 716 needed
1416 691 1441 716 a
1461 674 1630 716 learned
1653 676 1767 716 clerk
1787 681 1833 717 to

320 733 376 773 sit
396 747 451 785 up
474 732 527 771 all
550 708 670 785 liight
691 736 736 771 to
759 746 965 785 compose.
998 746 1038 786 p.
1060 745 1126 782 44,
1150 745 1198 786 31
1221 745 1334 795 seqq.
1378 730 1691 772 SHILLETO.

375 789 562 841 396,12.
597 788 715 827 αὐτὸν
735 789 973 841 μεμνῆσθαι]
1009 788 1125 828 αὐτὸν
1145 785 1256 827 ledit
1276 788 1331 827 ad
1352 788 1420 827 τὸν
1440 791 1572 828 παιδα.
1603 787 1834 830 mandabat

320 858 448 898 pueio
469 857 573 892 11100,
592 857 674 882 11011
696 843 828 883 50111111
849 848 898 884 ut
918 857 1026 883 nunc
1047 842 1148 883 mihi
1169 844 1327 883 factum
1349 843 1426 884 hoc
1447 844 1634 893 1··efe11et,
1652 844 1756 884 sed
1746 859 1834 898 ipse

320 913 483 955 quoque
507 901 647 953 (puel)
670 898 941 947 meminisset,
966 914 1046 953 quo
1077 899 1226 940 testari
1253 900 1304 939 de
1332 914 1380 940 οο
1411 905 1565 964 posset,
1588 900 1622 940 si
1653 901 1729 941 fiat
1756 901 1831 941 ali-

320 956 486 1009 quando
509 959 556 995 ut
577 954 865 995 testimonium
886 955 964 1009 ipsi
987 956 1063 995 hac
1088 956 1138 995 de
1160 970 1205 996 10
1226 955 1446 996 dicendum
1467 956 1535 997 sit.
1582 956 1774 996 REISK.

376 1013 472 1075 396,
493 1013 554 1051 16.
577 1011 1218 1065 συγγραψάμειος-μαρτυρησω]
1244 1013 1364 1052 Haec
1382 1012 1649 1066 intelligenda
1667 1018 1765 1053 sunt
1782 1013 1832 1053 de

320 1067 575 1115 testimonio,
600 1067 712 1120 quod
732 1072 852 1107 actor
874 1067 961 1120 ipse
989 1082 1140 1122 magno
1169 1082 1243 1107 5110
1265 1068 1447 1121 periculo
1476 1068 1704 1122 perhibet
1695 1083 1736 1107 111
1757 1083 1834 1109 sua

320 1138 480 1164 caussa.
539 1122 589 1163 ‘O
612 1125 709 1163 κατὰ
730 1124 964 1175 συγγραφὴν
984 1127 1197 1174 μαρτυρῶν,
1221 1123 1358 1177 inquit
1380 1124 1586 1177 Ulpianus
1608 1125 1663 1164 ad
1683 1124 1831 1173 locum,

321 1181 460 1221 ἑαυτὸν
492 1180 710 1219 ὑπεύθυνον
742 1181 949 1232 κατηγορίᾳ
983 1180 1225 1229 καθίστησιν.
1286 1181 1347 1220 Et
1379 1194 1547 1220 rursus:
1580 1182 1600 1220 ὁ
1621 1181 1833 1232 μαρτυρίαν

320 1235 653 1288 συγγραψάμενος
675 1236 801 1275 ἐδίδου
825 1235 962 1275 ἑαυτὸν
978 1236 1193 1275 ὑπεύθυνον
1214 1238 1265 1290 τῷ
1288 1235 1673 1288 καταμαρτυρηθέντι.
1719 1235 1833 1276 Bene

319 1297 396 1341 est,
420 1297 462 1332 et
483 1291 627 1332 addit:
662 1291 746 1330 ἐπεὶ
776 1292 922 1331 ἄτοπον
948 1291 997 1341 ἣν
1027 1291 1096 1331 τὸν
1127 1291 1244 1331 αὐτὸν
1265 1296 1493 1344 κατηγορεῖν
1524 1293 1585 1332 καὶ
1609 1296 1830 1344 μαρτυρεῖν,

320 1349 462 1388 ἔδωκεν
501 1349 591 1397 ὑμῖν
631 1348 830 1397 μεθόδους,
873 1348 1067 1398 προσθεὶς,
1111 1348 1172 1387 καὶ
1220 1349 1338 1388 εἰπὼν
1378 1349 1440 1388 καὶ
1486 1347 1831 1400 συγγραψάμενος.

320 1403 540 1457 Ejusmodi
575 1402 862 1443 testimonium
894 1403 1058 1443 videtur
1090 1403 1132 1442 in
1165 1403 1323 1457 scripta
1355 1404 1499 1444 referri
1531 1409 1576 1444 et
1607 1403 1830 1458 obsignari,

322 1460 517 1513 (ideoque
547 1458 636 1498 fieri
671 1458 824 1499 dicitur
857 1462 953 1499 κατὰ
985 1460 1247 1511 συγγραφὴν,)
1272 1465 1319 1500 ut
1349 1460 1625 1508 adversarius,
1649 1460 1832 1513 quando-

320 1530 481 1568 cunque
503 1515 637 1563 vellet‚
660 1514 776 1554 litem
798 1515 890 1554 falsi
912 1515 1141 1555 testimonii
1162 1515 1379 1555 intendere
1399 1521 1542 1569 posset
1562 1517 1828 1557 adversario:

321 1576 365 1612 et
396 1571 548 1611 idcirco
577 1571 682 1610 bene
713 1570 833 1610 addit
865 1571 1108 1611 scholiastes
1139 1574 1555 1613 11051οΓ-ὑπεύθυνον
1586 1573 1648 1612 καὶ
1679 1574 1734 1614 εἰς
1764 1572 1833 1612 τὸν

320 1630 417 1677 μετὰ
438 1631 557 1666 ταῦτα
578 1628 737 1678 χρόνον.
801 1626 1030 1680 Singularis
1056 1627 1157 1666 haec
1178 1627 1533 1680 jurisprudentiae
1557 1627 1730 1668 Atticae
1751 1628 1831 1667 for-

321 1683 434 1723 mula
455 1697 537 1722 non
559 1683 664 1722 adeo
688 1681 835 1721 silente
855 1682 960 1735 pede
979 1682 1197 1735 praeteriri
1219 1683 1364 1723 debuit
1385 1684 1438 1723 ab
1460 1683 1520 1729 iis,
1543 1683 1612 1736 qui
1628 1683 1831 1737 jurispru-

323 1739 510 1779 dentiam
532 1738 724 1778 Atticam
746 1738 953 1778 illustrare
974 1738 1203 1778 voluerunt.
1264 1738 1523 1779 TAYLOR.

379 1797 474 1846 396,
500 1807 568 1834 21.
606 1794 860 1847 Legatorum
892 1793 1063 1834 dissidia
1092 1794 1252 1834 fatetur
1279 1794 1509 1835 Aeschines
1540 1810 1580 1848 p.
1601 1809 1668 1846 41,
1697 1808 1830 1849 1.-5.

377 1909 473 1960 396,
499 1918 562 1960 23.
599 1907 707 1948 Οἵοις
725 1907 799 1956 μὲν
819 1907 949 1946 τοίνυν
971 1924 1003 1946 κ.
1027 1923 1059 1946 τ.
1082 1907 1140 1959 λ.]
1181 1908 1376 1960 Apparet
1400 1907 1560 1961 legatos
1582 1921 1728 1961 aspere
1750 1907 1831 1947 De-

321 1963 527 2003 mostheni
560 1962 833 2015 lespondissc.
868 1961 1060 2002 WOLF.
1123 1963 1255 2002 Immo
1286 1963 1599 2017 intelligendum
1630 1963 1831 2017 quidquid

320 2018 566 2059 molestiae
556 2033 598 2058 111
619 2019 687 2058 1110
708 2018 857 2058 itinere
875 2018 1147 2059 Demostheni
1169 2019 1350 2074 collegae
1371 2019 1663 2060 exhibuerunt.
1712 2019 1829 2060 Conf.

322 2090 361 2129 p.
383 2089 479 2126 400,
504 2075 541 2114 8.
603 2073 853 2115 SOHAEF.

375 2132 472 2184 396,
498 2132 566 2171 26.
598 2131 917 2181 συλλογίσασθαι
944 2130 988 2180 δη
1014 2132 1208 2181 βούλομαι
1238 2149 1269 2170 κ.
1293 2148 1326 2172 τ.
1347 2131 1407 2184 λ.]
1443 2131 1587 2172 Oitant
1608 2131 1649 2171 h.
1670 2131 1697 2171 1.
1721 2132 1830 2171 Her-

319 2201 514 2240 mogenes
547 2201 586 2239 p.
619 2187 684 2225 68.
719 2190 761 2225 et
791 2197 887 2237 417.
921 2186 1120 2239 Syrianus
1152 2187 1206 2227 ad
1239 2188 1548 2241 Hermogenem
1580 2202 1621 2241 p.
1648 2188 1738 2239 169,
1767 2201 1828 2241 13.

317 2243 562 2294 παράδειγμα
583 2243 624 2281 δὲ
645 2245 712 2281 τοῦ
738 2258 926 2292 προτερον
955 2242 1055 2292 (scil.
1080 2259 1149 2292 την
1176 2245 1475 2295 δευτερολογίαν
1503 2243 1714 2283 interdum
1739 2257 1830 2283 esse

318 2299 417 2338 brev
421 2312 485 2337 em
505 2301 604 2337 ante
627 2297 834 2337 (lictorum
856 2298 1260 2350 recapitulationem)
1282 2299 1576 2350 Δημοσθένης’
1560 2317 1602 2339 εν
1623 2300 1673 2354 τῷ
1696 2316 1736 2339 π.
1757 2316 1828 2339 πα-

317 2371 430 2404 ραπρ.
466 2370 509 2393 εν
542 2351 570 2406 ᾧ
602 2354 712 2403 φησί·
746 2354 1066 2403 συλλογισασθαι
1099 2354 1143 2403 δη
1173 2356 1369 2404 βούλομαι
1395 2357 1442 2394 τὰ
1469 2372 1760 2406 κατηγορημενα
1788 2356 1829 2404 ἐξ

319 2411 452 2461 ἀρχης.
486 2408 665 2457 επέδειξα
686 2409 799 2448 οὐδεν
821 2410 963 2458 ἄληθες
984 2411 1272 2461 ἀπηγγελκότα,
1295 2412 1401 2450 ἀλλὰ
1421 2411 1689 2461 φενακίσαντα
1716 2412 1824 2461 ὑμᾶς.

317 2467 519 2505 -οὐκοῦν
549 2467 668 2504 ταῦτα
697 2466 927 2516 ὑπεσχόμην
954 2467 997 2505 ἐν
1023 2467 1121 2517 ἇρχη
1147 2468 1241 2519 (p.
1234 2477 1327 2519 3,97
1355 2466 1450 2519 Ι2.),
1483 2483 1603 2506 ταυτα
1631 2466 1827 2516 ἀπεδειξα.

320 2521 589 2561 Maicellinus
615 2535 654 2574 p.
686 2532 775 2572 174.
808 2520 987 2590 διάφοροι
1018 2523 1058 2561 δε
1087 2523 1126 2561 αἱ
1151 2525 1228 2561 τῶν
1258 2523 1644 2592 ἀνακεφαλαιωσεων
1670 2522 1827 2573 μεθοδοι

317 2594 421 2629 παρα
445 2581 524 2618 τοῖς
545 2578 730 2628 ἀρχαίοις.
765 2577 826 2615 καὶ
852 2579 926 2628 γὰρ
952 2575 974 2627 ὴ
1001 2577 1077 2617 ἀπὸ
1103 2577 1335 2627 πλάσματος
1363 2595 1580 2630 κεχρηνται,
1604 2579 1654 2619 ὡς
1673 2577 1826 2628 Ὑπερί-

318 2632 463 2683 δης-ἳ]
499 2633 574 2672 ἀπὸ
610 2649 674 2682 της
709 2633 844 2677 αἰτίας,
874 2633 923 2674 ὡς
957 2636 1061 2684 παρὰ
1092 2632 1276 2673 Πλάτωνι
1313 2635 1355 2673 ἐν
1386 2633 1622 2687 Φαίδρῳ·-η
1655 2633 1731 2673 ἀπὸ
1762 2636 1827 2683 τῆς

319 2690 569 2740 ἐπαγγελίας,
588 2689 636 2729 ὡς
657 2690 845 2738 πρότερον
862 2689 1190 2740 ἐπαγγειλάμενοι
1211 2691 1253 2729 ἐν
1275 2691 1476 2742 κεφαλαίῳ
1493 2692 1541 2728 τὰ
1563 2689 1827 2740 επαγγελθέν-

317 2761 365 2783 τα
390 2747 562 2794 πληροῦν
592 2743 792 2794 ἐθέλομεν,
816 2745 866 2785 ὡς
894 2745 1037 2797 ἔχομεν
1066 2746 1108 2784 ἐν
1135 2747 1185 2798 τῷ
1215 2746 1548 2796 παραπρεσβείας·
1583 2745 1825 2796 συλλογίσα-

318 2803 410 2838 σθαι
441 2801 485 2848 δὴ
514 2800 712 2849 ,Βούλομαι
742 2802 789 2839 τὰ
822 2800 1130 2851 κατηγορηθέντα
1163 2802 1202 2850 ἐξ
1233 2801 1367 2853 ἀρχῆς,
1391 2801 1466 2846 ἵνα,
1490 2802 1567 2840 ὅσα
1597 2802 1826 2852 ὑπεσχόμην

318 2855 532 2906 ἀρχόμενος
552 2858 619 2894 τοῦ
638 2856 773 2906 λόγου,
797 2856 906 2904 δείξω
927 2858 1152 2907 πεποιηκώς.
1174 2860 1253 2896 ete.
1315 2856 1568 2896 Scholiastes
1588 2856 1642 2895 ad
1659 2856 1824 2896 Aristo-

319 2909 411 2948 telis
435 2910 659 2949 Rhetorica
687 2925 726 2962 p.
748 2923 786 2963 3.
809 2927 835 2950 a
856 2925 974 2951 versu
1002 2923 1068 2964 32.
1131 2911 1313 2964 Apsines
1339 2927 1377 2964 p.
1404 2914 1497 2963 706.
1520 2912 1626 2951 fine:
1660 2915 1824 2962 ζητεῖται
