1914 3184
285 133 342 175 90
708 131 1109 172 OLYNTHIAOA
1142 131 1378 172 TERTIA.

281 235 442 289 Jeetum
463 250 565 285 esse,
589 236 662 276 sed
686 236 977 290 praedicatum
1004 242 1118 277 recte
1149 241 1292 277 monet
1315 237 1628 291 Engelhardtus
1654 237 1695 277 in
1718 237 1800 278 Ob-

285 296 440 332 servat.
458 307 497 345 p.
514 305 582 345 34.
575 322 598 340 .,
614 292 692 332 hoc
710 306 844 341 sensll,
858 293 1080 346 utquisque
1095 293 1143 333 id
1154 293 1216 342 sit,
1234 293 1342 347 qnod
1355 292 1610 347 reipublicae
1625 308 1723 347 opus
1736 295 1800 334 sit.

345 349 411 401 38,
436 350 474 387 6.
495 349 693 400 ἡσυχίως
702 348 717 402 ]
754 349 806 387 V
829 349 945 401 adp.
971 361 1037 402 33,
1065 361 1127 388 12

345 404 379 444 εἶ
415 409 511 457 post
547 405 720 454 βελτίων
751 404 881 444 habet
908 404 1159 458 Dionysius:
1194 405 1398 446 omittunt
1429 405 1476 445 B.
1504 405 1554 445 F.
1586 409 1629 445 et
1659 420 1723 459 pr.
1758 405 1800 446 S.

288 459 380 514 Ego
402 474 549 500 vereor
569 474 621 500 ne
642 475 724 499 non
747 461 879 500 solum
902 460 946 509 εἲ,
970 461 1043 501 sed
1070 461 1200 501 etiam
1220 463 1392 511 βελτίων
1413 461 1706 515 interpolatori
1728 461 1800 501 de-

286 516 465 556 beatur:
514 530 595 569 quo
629 516 796 556 sublato
831 516 960 556 etiam
995 518 1234 567 λαμβανέτω
1267 532 1304 557 v.
1331 530 1394 557 12.
1432 531 1526 557 cum
1560 517 1801 557 melioribus

285 571 402 611 libris
438 572 479 610 in
512 572 732 622 λαμβάνων
766 573 1026 621 mutandum,
1059 573 1291 627 participiis
1325 573 1802 626 μένων-ὑπάρχων--ἐν

285 627 391 677 τάξει
412 628 632 678 λαμβάνων
654 642 705 667 ex
735 629 1013 681 praecedente
1044 630 1212 682 ὑπάρχοι
1241 629 1365 683 aptis,
1388 635 1436 669 ut
1464 630 1553 683 jam
1574 630 1643 669 alii
1665 629 1801 669 volue—

285 688 385 723 runt
407 698 648 738 quanquam
671 689 885 724 servantes
906 687 1090 734 βελτίων,
1114 686 1225 739 quod
1247 685 1319 739 qui
1347 685 1513 725 addidit
1540 686 1654 726 haud
1675 686 1800 726 dubie

284 739 342 779 sie
364 739 538 793 intelligi
560 740 690 780 voluit
710 740 867 781 meliore
887 741 1106 782 conditione
1125 757 1289 782 usurum
1309 756 1383 782 esse
1413 743 1481 782 τὸν
1501 744 1597 781 οἴκοι
1617 741 1800 792 μένοντα.

286 794 396 835 Nam
429 796 540 849 quod
563 796 756 836 Reiskius
787 796 1094 851 interpretatur
1123 798 1261 838 melior
1281 799 1380 838 civis
1407 812 1490 838 non
1522 802 1626 851 puto
1648 798 1801 838 omisso

284 853 447 901 πολίτης
468 851 550 892 diei
572 853 771 905 potuisse.

342 911 410 947 τοῦ
454 909 501 947 δι
502 909 884 963 -απηλλαγμενος]
934 910 1146 965 Theon-nis
1187 925 1223 950 v.
1259 912 1370 963 384:
1424 912 1525 960 ὅμως
1556 911 1695 959 πενίην
1732 928 1800 960 μη-

284 963 361 1014 τέρ
380 965 596 1016 ἀμηχανίης
619 966 770 1010 ἔλαβον
791 968 837 1005 τὰ
859 967 987 1006 δίκαια
1003 971 1223 1018 φιλεῦντες,
1239 966 1294 1016 η’τ’
1318 968 1468 1018 ἀνδρῶν
1490 966 1657 1018 παράγει
1679 967 1801 1016 θυμὸν

286 1021 324 1061 ἐς
346 1021 584 1070 ἀμπλακίην,
606 1020 828 1070 βλάπτουσ’
853 1024 896 1062 ἐν
927 1023 1118 1073 στηθεσσι
1147 1023 1293 1074 φρένας
1325 1039 1507 1074 κρατερης
1531 1022 1591 1062 ὑπ’
1616 1022 1796 1093 ἀνάγκης·

284 1078 411 1128 τολμᾶ
443 1075 474 1115 δ’
497 1077 565 1116 οὐκ
598 1076 744 1116 ἐθέλων
772 1080 917 1130 αίσχεα
951 1081 1085 1118 πολλὰ
1118 1079 1267 1130 φέρειν,
1292 1080 1518 1133 χρημοσύνη
1551 1081 1675 1127 εἴκων,
1698 1078 1720 1128 ὴ
1756 1079 1801 1129 δὴ

285 1134 384 1171 κακὰ
417 1134 552 1172 πολλὰ
585 1133 770 1180 διδάσκει,
799 1134 951 1185 ψεύδεά
987 1136 1016 1173 τ’
1051 1135 1243 1184 ἐξαπάτας
1277 1134 1307 1174 τ’
1343 1134 1560 1184 οὐλομένας
1592 1133 1623 1173 τ’
1659 1135 1798 1185 ἔριδας.

286 1187 505 1228 Demosth.
540 1203 580 1241 p.
612 1201 727 1243 1313,
754 1202 790 1230 2.
824 1193 959 1230 πολλὰ
992 1193 1152 1231 δουλικὰ
1186 1192 1248 1230 καὶ
1279 1193 1443 1230 ταπεινὰ
1475 1192 1683 1242 πράγματα
1715 1191 1801 1233 τοὺς
1825 1198 1832 1203 ’

286 1243 549 1295 ἐλευθέρους(
532 1262 555 1294 η
576 1246 692 1284 πενία
712 1246 888 1295 βιάζεται
904 1251 1031 1287 ποιεῖν
1051 1247 1167 1300 cujus
1190 1246 1249 1286 rei
1265 1252 1384 1287 actor
1400 1246 1594 1300 deinceps
1611 1247 1801 1300 exempla

285 1299 419 1339 addit.
485 1300 697 1340 SAUPP.

342 1356 410 1408 38,
435 1357 472 1396 8.
495 1357 598 1410 οἷον]
623 1358 686 1397 οἶα
708 1358 844 1412 Dion3
847 1358 943 1398 sius

341 1414 410 1465 38,
439 1426 501 1452 10.
526 1413 596 1462 ἔξω
617 1430 683 1463 της
703 1415 874 1469 ἡλικίας]
901 1416 954 1455 V.
976 1416 1030 1455 ad
1051 1429 1180 1469 1129,
1208 1427 1271 1469 25.

341 1469 500 1521 38,11
525 1470 568 1508 ἐν
589 1471 654 1524 ἴση
675 1470 801 1525 τάξει]
836 1471 1057 1525 Aequabilc'
1075 1472 1224 1519 ο7·(ἰ7“,7ῑο
1247 1472 1333 1511 fele
1362 1471 1471 1511 idem
1502 1476 1566 1511 est
1595 1476 1724 1525 atque
1746 1471 1800 1520 id,

285 1524 396 1578 quod
418 1529 545 1564 antea
568 1512 686 1574 dixit,
709 1543 779 1575 την
801 1528 919 1577 αὐτην
942 1530 1126 1577 σύνταξιν
1153 1529 1347 1568 ἁπάντων.
1410 1528 1532 1579 Quod
1555 1527 1801 1567 Demosthe-

285 1594 357 1619 nes
379 1579 482 1620 dicit
504 1581 581 1620 hoc
604 1586 680 1629 est,
704 1596 747 1621 se
769 1583 870 1623 velle
890 1584 1087 1647 pecunias
1111 1584 1200 1624 illas
1226 1584 1387 1637 pariter
1408 1588 1536 1637 atque
1557 1588 1685 1623 antea
1706 1583 1801 1623 civi-

284 1636 362 1676 bus
383 1636 586 1690 permitti,
611 1614 682 1677 sed
714 1638 786 1687 ita,
811 1644 858 1679 ut
888 1640 929 1678 in
960 1654 1063 1693 paee
1095 1640 1408 1693 dispensatione
1438 1655 1583 1680 ealum
1605 1639 1801 1680 ordinata

285 1696 452 1732 tantum
474 1693 698 1746 accipiant,
723 1700 927 1748 quantum
957 1697 1011 1736 ad
1033 1696 1164 1737 vitam
1191 1697 1511 1737 sustentandam
1545 1695 1736 1744 sufficiat,
1760 1696 1801 1735 in

285 1748 392 1788 bello
407 1763 524 1789 arma
539 1749 770 1790 ferentibus
785 1756 827 1791 et
841 1756 1010 1792 strenue
1024 1753 1309 1805 iulgliantibus
1326 1752 1535 1806 stipendia
1549 1752 1800 1806 pendantur,

284 1809 428 1844 aetate
461 1806 646 1858 provecti
673 1812 916 1847 senatorum
951 1813 993 1848 et
1020 1809 1210 1861 judicum
1241 1809 1384 1848 officiis
1407 1808 1537 1848 functi
1568 1809 1802 1848 mercedem

284 1861 484 1901 habeant
537 1862 706 1912 Quum
690 1878 780 1915 Jam
797 1864 949 1904 bellum
970 1865 1036 1913 sit,
1055 1870 1174 1919 patet
1196 1880 1339 1905 omnes
1342 1865 1425 1918 qui
1446 1879 1564 1905 arma
1579 1865 1688 1904 imre
1709 1879 1801 1918 pos-

285 1916 370 1956 sint
391 1922 482 1957 tum
499 1918 665 1957 demum
687 1919 875 1973 aliquid
865 1921 1054 1984 accipere
1076 1921 1239 1969 debere,
1256 1921 1289 1961 si
1312 1920 1423 1974 ipsi
1412 1936 1529 1961 arina
1551 1920 1737 1974 ceperint
1758 1925 1801 1960 et

285 1978 427 2013 castra
457 1974 589 2014 secuti
621 1974 789 2016 fuerint.
843 1976 911 2017 Ita
939 1977 1139 2030 impetrat
1164 1982 1211 2017 ut
1233 1980 1281 2017 τὰ
1302 1980 1466 2028 θεωρικὰ
1487 1991 1595 2016 nunc
1618 1994 1801 2028 στρατιω-

286 2031 373 2069 τικὰ
393 2030 788 2071 fi·t11t.SAUPP.

342 2088 410 2138 38,
442 2098 500 2124 [2
529 2088 786 2140 λαμβανέτω]
821 2088 1040 2138 λαμβάνων
1061 2089 1112 2129 Β.
1138 2090 1186 2129 F.
1210 2090 1251 2129 S.
1275 2089 1523 2129 continuata
1553 2104 1617 2142 pl
1605 2089 1801 2128 ‘receden-

285 2140 391 2181 tium
443 2142 664 2181 xe1b01um
713 2143 841 2193 μένων
850 2145 1095 2198 -ὑπάρχων
1144 2150 1370 2186 structura.
1454 2145 1569 2184 Libri
1612 2145 1800 2198 Dionysii

285 2197 502 2246 λαμβάνων
522 2198 584 2237 vel
605 2199 929 2250 παραλαμβάνων
949 2201 1011 2239 101
1032 2202 1245 2252 λαμβάνει.
1310 2202 1363 2241 V.
1385 2202 1439 2241 ad
1460 2202 1588 2254 1138,
1613 2202 1650 2240 6.

343 2253 414 2305 38,
442 2266 504 2301 14.
527 2254 632 2303 πλην
658 2256 796 2305 μικρὸν
822 2256 940 2306 (πλην
966 2273 1001 2295 τι
1031 2261 1150 2311 μικρῷ
1174 2258 1311 2310 Dion3
1315 2258 1415 2308 ‚5iu5)
1441 2274 1510 2306 την
1531 2258 1693 2306 ἀταξίαν
1715 2258 1803 2296 ἀνε-

286 2307 389 2362 λών]
413 2308 513 2347 Nes&
537 2309 642 2362 quod
652 2310 870 2363 paululum
892 2317 1011 2351 temer
1013 2313 1148 2353 itatem
1169 2313 1424 2353 ωτι-11728
1431 2313 1610 2352 AUPP.

343 2364 513 2416 ἤγαγον]
541 2365 690 2418 Supra,
712 2380 838 2419 quum
860 2369 907 2406 τὰ
929 2370 1093 2419 θεωρικα
1114 2369 1266 2408 nemini
1290 2369 1368 2407 nisi
1392 2369 1440 2412 ei
1461 2368 1530 2421 qui
1554 2382 1674 2407 suum
1695 2368 1800 2407 faee-

287 2424 367 2468 r,et
383 2420 507 2473 pendi
525 2420 739 2473 jubebam.
803 2422 872 2461 Sic
893 2437 1016 2463 mox:
1051 2425 1119 2464 οὐκ
1137 2425 1244 2464 ἔστιν
1266 2424 1545 2464 ὄπου-εἶπον.
1580 2424 1614 2462 F
1620 2424 1800 2462 RANK.

343 2478 411 2529 38,
441 2486 502 2529 15.
525 2493 595 2526 την
617 2477 750 2530 αὐτην]
775 2478 982 2518 Cohaeret
1009 2494 1101 2519 eum
1123 2480 1241 2529 τάξιν.
1265 2495 1347 2519 11011
1378 2480 1619 2533 praemisso,
1644 2479 1752 2519 sed
1742 2495 1801 2518 m-

287 2537 488 2585 sequente
524 2547 560 2571 v.
596 2534 657 2573 18.
718 2534 988 2575 Constructio
1024 2540 1111 2576 est:
1145 2537 1297 2587 ἤγαγον
1333 2536 1403 2586 τὴν
1435 2535 1554 2576 πάλιν
1591 2538 1643 2577 εἰς
1679 2535 1799 2585 τάξιν,

287 2587 452 2637 ποιήσας
476 2588 538 2639 (id
560 2594 624 2629 est
656 2591 718 2629 διὰ
739 2593 809 2629 τοῦ
829 2594 1003 2644 ποιῆσαι)
1029 2592 1098 2642 τὴν
1125 2592 1243 2641 αὐτὴν
1271 2592 1380 2642 τάξιν
1406 2595 1473 2631 τοῦ
1505 2593 1798 2642 στρατεύεσθαι,

288 2648 355 2683 τοῦ
377 2643 599 2694 λαμβάνειν
621 2649 702 2684 etc,
764 2645 958 2686 REISK.

344 2700 411 2752 38,
440 2711 484 2750 17
494 2700 626 2753 .ἑ’χοι]
656 2701 843 2741 Subaudi
866 2707 1006 2748 ποιεῖν,
1019 2704 1160 2755 siloem
1171 2704 1313 2757 posset.
1376 2703 1568 2743 REISK.

345 2756 412 2807 38,
440 2767 503 2794 20.
527 2760 594 2794 τοῦ
612 2759 738 2798 δεῖνος
761 2774 895 2797 νικωσι
912 2748 1033 2811 ξενοι]
1057 2759 1176 2799 Haec
1195 2760 1321 2799 verba
1343 2760 1404 2799 ita
1421 2763 1666 2812 comparata
1688 2765 1798 2805 sunt,

288 2816 335 2849 ut
355 2810 409 2850 ad
431 2825 517 2850 rem
539 2816 640 2850 tune
662 2812 843 2867 ipsumb
820 2818 983 2854 <restam
1005 2815 1215 2868 pertinere
1236 2815 1468 2855 xideantur.
1531 2815 1675 2867 Atque
1689 2814 1798 2854 Cha-

287 2866 434 2905 ridemi
461 2867 614 2906 milites
644 2870 922 2909 mercenarios
955 2870 1245 2924 intelligendo5
1268 2886 1357 2911 esse
1378 2871 1521 2911 haud
1512 2870 1798 2923 11nplob‘tb1h5

288 2926 352 2960 est
376 2922 427 2960 A.
451 2922 667 2962 Ziemanni
692 2925 934 2977 conjectura
959 2926 1025 2977 (de
1045 2927 1152 2966 bello
1176 2927 1343 2980 Ol3i.1th
1367 2942 1404 2979 p.
1437 2928 1514 2979 13.)
1537 2942 1542 2964 :
1578 2940 1673 2966 1111111
1692 2926 1797 2966 Cha
