1934 3179
279 126 361 166 464
838 128 951 168 PRO
985 128 1235 169 CORONA.

335 241 429 283 325,
456 244 521 284 23.
543 233 701 284 τόπους]
729 232 956 279 Euboeam,
980 231 1212 273 Boeotiam.
1238 231 1512 284 Megaridem.
1565 232 1788 272 DISSEN.

332 298 385 338 32
389 300 429 338 5,
455 288 520 326 26.
553 288 730 340 λιμένας]
760 287 911 337 Quales
934 287 1144 334 Euboeae,
1166 287 1215 325 cf.
1237 301 1276 339 p.
1298 299 1396 339 304.
1430 291 1531 335 ναῦς,
1556 302 1651 327 cum
1671 302 1790 340 prae-

277 346 342 381 ter
363 342 579 382 Euboeam
607 342 735 382 etiam
758 343 1010 395 Corcyraeos
1038 347 1080 382 et
1106 341 1336 381 Leucadios
1364 343 1495 382 socios
1522 348 1724 395 parasset,
1748 358 1788 396 p.

276 399 583 450 306.-ἵππους,
606 398 656 436 cf.
682 397 781 436 ibid.
845 398 1080 436 DISSEN.

332 453 505 494 πολλοὺς
535 458 634 492 ante
662 454 799 494 ἵππους
829 453 870 492 in
901 452 1017 492 libris
1047 452 1199 492 lectum
1226 458 1340 492 recte
1369 452 1576 506 judicavit
1598 453 1791 494 Reiskius

275 507 454 547 alienum
476 522 565 547 esse
594 509 647 547 ab
670 508 746 547 hoc
768 508 857 548 loco
879 508 1053 561 ideoque
1074 507 1237 548 delevit.
1299 508 1381 548 Sed
1403 508 1581 549 fortasse
1602 514 1791 562 praestat

275 562 455 602 scribere
478 564 616 604 ἵππους
647 565 707 603 καὶ
739 564 911 605 πολλοὺς
937 564 1024 605 τοὺς
1043 565 1139 614 ὑπὲρ
1161 564 1307 603 τούτων
1328 566 1392 614 ἀμ.
1415 578 1509 603 cum
1532 564 1715 618 Sauppio
1736 565 1790 605 ad

275 633 314 671 p.
337 621 406 666 46‚
437 632 497 657 11.
524 618 585 669 (in
607 619 669 658 ed.
693 618 852 658 minore
873 634 912 672 p.
938 620 1024 667 21.)

331 685 427 727 325,
453 685 517 724 27.
540 674 700 726 τούτων]
725 674 820 713 Scil.
842 674 1077 724 Ἀθηναίων.
1142 673 1501 714 MARKLAND.

330 741 427 781 325,
452 742 516 781 29.
551 729 619 768 τὸν
642 729 800 783 κύκλου]
837 730 1119 782 Opponuntur
1145 729 1255 769 inter
1280 744 1324 769 se
1352 731 1374 779 ἡ
1402 731 1511 782 χώρα
1536 734 1579 769 et
1609 731 1628 769 ὁ
1652 731 1790 772 κύκλος

274 788 342 823 τοῦ
365 789 556 835 Πειραιῶς
579 785 640 824 καὶ
661 789 727 824 τοῦ
749 786 903 826 ἄστεος.
967 784 1218 825 SCHAEF.

331 842 425 892 326,
448 852 489 892 3.
522 842 558 879 οἱ
584 844 659 879 τῶν
687 840 901 892 συμμάχων
927 841 1157 893 στρατηγοί]
1195 840 1353 879 Tamen
1377 839 1656 880 Athenienses
1688 846 1785 894 post

273 895 432 934 cladem
455 895 660 948 Lysiclem
681 900 919 948 praetorem
948 899 1191 935 accusatore
1215 896 1405 948 Lycurgo
1436 895 1585 948 capitis
1614 896 1785 936 damna-

273 956 383 998 runt.
407 951 512 989 conf.
537 951 711 990 Diodor.
739 954 800 997 16,
825 952 890 990 88.
952 951 1071 1001 Quod
1103 951 1328 990 secundum
1359 951 1460 990 haec
1488 952 1614 991 verba
1642 952 1787 992 credas

274 1006 603 1046 Demosthenem
625 1021 707 1045 non
729 1007 939 1059 probasse.
1001 1006 1230 1046 DISSEN.

331 1064 426 1114 326,
458 1074 516 1100 10.
539 1063 626 1103 τοὺς
647 1063 809 1112 ὁμόρους
830 1062 962 1115 ταύτῃ]
992 1062 1273 1115 Megarenses.
1299 1060 1549 1109 Corinthios,
1574 1062 1783 1103 Achaeos,

274 1117 503 1156 DISSEN.

328 1177 424 1225 326,
452 1186 467 1211 1
485 1186 514 1212 1.
538 1173 607 1221 τὴν
629 1172 911 1226 σιτοπομπίαν]
942 1172 1182 1213 Simillimae
1203 1173 1316 1212 locus
1338 1176 1575 1212 structurae
1597 1187 1636 1226 p.
1665 1175 1782 1221 1262,

279 1229 339 1267 16.
371 1230 407 1267 οἱ
427 1230 499 1277 μὲν
521 1230 595 1279 γὰρ
619 1229 852 1278 νόμοι-καὶ
873 1231 941 1270 τὰς
962 1230 1174 1277 ἀναγκαίας
1195 1227 1425 1279 προφάσεις,
1445 1229 1547 1269 ὅπως
1564 1229 1615 1278 μὴ
1636 1230 1787 1278 μείζους

274 1285 496 1334 γίγνωνται,
520 1285 758 1333 προείδοντο.
823 1283 1076 1323 SCHAEF.

328 1342 424 1390 326,
456 1351 515 1391 15.
549 1340 846 1391 Προκόννησον]
884 1339 985 1378 Fuit
1006 1339 1139 1378 insula
1162 1338 1202 1377 in
1228 1338 1499 1392 Propontide,
1523 1339 1646 1379 hodie
1670 1340 1784 1379 Mar-

272 1408 388 1433 mora
429 1393 553 1441 dicta,
592 1394 643 1434 de
683 1409 765 1447 qua
801 1408 933 1447 nuper
964 1394 1158 1447 exposuit
1194 1394 1446 1446 Marquardt
1482 1394 1522 1432 in
1562 1395 1699 1434 libello
1734 1395 1784 1435 de

274 1449 432 1501 Cyzico,
471 1449 650 1488 Berolin.
691 1465 728 1489 a.
769 1451 886 1503 1836.
929 1450 1057 1498 edito,
1092 1465 1131 1503 p.
1172 1461 1216 1499 17
1256 1463 1370 1503 seqq.
1432 1449 1603 1490 Colonia
1646 1450 1784 1490 Mileti

271 1504 412 1551 libera7
449 1505 591 1558 ignoto
628 1509 815 1557 tempore
856 1505 969 1545 socia
1005 1505 1327 1545 Atheniensium
1368 1506 1481 1545 facta
1521 1510 1601 1554 est,
1637 1511 1785 1559 postea

272 1559 419 1611 Cyzico
459 1559 612 1613 paruit.
675 1562 740 1599 Ac
783 1560 881 1599 socii
926 1560 1245 1600 Atheniensium
1285 1560 1482 1600 dicuntur
1514 1561 1783 1601 Proconnesii

271 1615 401 1654 etiam
422 1615 463 1653 in
485 1617 603 1655 Orat.
625 1616 716 1655 adv.
742 1616 952 1668 Polyclem
974 1631 1014 1669 p.
1043 1628 1161 1667 1207.
1223 1615 1449 1655 DISSEN.

327 1672 426 1722 326,
457 1681 516 1722 17.
552 1671 620 1719 τὴν
644 1670 841 1724 Εὔβοιαν]
868 1671 1049 1711 Videtur
1082 1672 1184 1711 haec
1205 1685 1285 1710 vox
1315 1672 1460 1711 abesse
1492 1672 1641 1712 debere
1673 1672 1781 1721 hinc,

272 1740 365 1764 cum
383 1726 558 1766 Euboea
579 1726 702 1765 modo
719 1732 951 1767 memorata
973 1727 1039 1766 sit.
1093 1727 1159 1766 Ex
1182 1741 1310 1780 prava
1328 1727 1537 1780 scriptura
1553 1742 1588 1767 v.
1606 1726 1782 1777 ’Ἄβυδον

269 1795 363 1820 eam
384 1785 521 1820 ortam
542 1785 666 1834 putat
687 1781 894 1820 Reiskius.

326 1838 422 1889 326,
453 1850 513 1889 19.
546 1839 599 1876 ὧν
636 1836 664 1875 δ’
690 1837 868 1876 ἐνέλειπε
901 1839 946 1891 τῇ
975 1838 1108 1889 πόλει]
1149 1837 1205 1876 Η.
1229 1852 1263 1876 e.
1298 1838 1321 1876 ἂ
1352 1838 1424 1889 οὐχ
1455 1839 1616 1890 ὑπῆρχε.
1677 1838 1782 1878 Con-

268 1892 446 1931 structio
479 1892 624 1932 rarior.
686 1892 802 1933 Conf.
831 1907 928 1932 vero
951 1892 1061 1932 Plat.
1087 1893 1185 1945 Leg.
1215 1906 1255 1945 5.
1282 1908 1319 1945 p.
1350 1903 1444 1945 740.
1472 1898 1514 1933 et
1541 1896 1580 1932 8.
1613 1908 1654 1947 p.
1683 1894 1781 1944 844.

273 1948 508 1987 DISSEN.

326 2014 421 2054 327,
457 2015 491 2042 2.
535 2005 568 2042 εἰ
601 2002 646 2049 δ’,
677 2004 757 2045 οἶος
793 2004 840 2052 ἦν
874 2021 906 2042 κ.
929 2019 961 2043 τ.
986 2003 1041 2056 λ.]
1084 2003 1199 2043 Citat
1231 2004 1341 2043 hunc
1374 2004 1509 2043 locum
1540 2003 1782 2043 Alexander

271 2058 432 2097 Rhetor
466 2073 505 2111 p.
531 2070 596 2108 24.
660 2058 928 2098 Marcellinus
962 2059 1015 2098 ad
1040 2058 1348 2113 Hermogenem
1381 2074 1420 2112 p.
1448 2071 1538 2112 173.
1585 2059 1779 2099 REISK.

271 2113 481 2152 Aristides
503 2114 579 2153 vol.
606 2126 640 2154 2.
663 2129 701 2167 p.
724 2115 820 2166 383.

325 2181 421 2220 327,
446 2170 483 2207 6.
521 2169 643 2210 οὐδεὶς
670 2169 853 2208 &zv—nim
885 2168 996 2221 εἵσω]
1031 2169 1198 2209 Citatur
1223 2184 1248 2209 a
1275 2170 1438 2209 Thoma
1466 2169 1526 2208 M.
1556 2183 1587 2208 s,
1616 2184 1652 2209 v.
1675 2171 1779 2209 Ε’ίσω

268 2238 307 2275 p.
361 2233 453 2275 277.
505 2223 763 2263 TAYLOR.
834 2225 886 2263 V.
943 2224 1174 2263 Lobeckius
1223 2226 1277 2264 ad
1324 2224 1547 2278 Phrynich.
1598 2239 1638 2277 p.
1691 2226 1779 2265 128.

270 2278 507 2318 SCHAEF
512 2279 601 2317 ER.

325 2346 421 2386 327,
449 2346 511 2374 12.
550 2333 950 2387 πολλῷ-ἐλάττοσι]
986 2335 1088 2373 πολὺ
1114 2335 1249 2384 ταύτης
1276 2335 1423 2374 ἐλάττω
1451 2337 1548 2374 κακὰ
1572 2335 1641 2384 τὴν
1661 2336 1779 2374 πόλιν

269 2391 467 2440 εἴργασται
491 2403 530 2441 p.
552 2401 647 2441 429,
673 2400 737 2440 27.
770 2391 905 2442 πολλῷ
928 2391 969 2428 δὲ
991 2389 1111 2438 δήπου
1131 2393 1243 2428 τοῦτο
1266 2394 1331 2429 τοῦ
1356 2392 1683 2441 καταψεύσασθαι
1705 2394 1777 2430 δει-

269 2446 428 2495 νότερον
460 2458 500 2496 p.
521 2457 616 2497 431,
640 2457 677 2496 3.
718 2445 854 2497 πολλῷ
891 2444 1255 2484 τούτων-ἐλάττω
1291 2446 1498 2496 πράγματα
1530 2460 1569 2498 p.
1591 2457 1686 2498 573,
1717 2447 1776 2484 16.

270 2499 520 2540 SCHAEF.
582 2500 705 2538 Adde
726 2514 765 2552 p.
787 2501 882 2552 436,
906 2512 972 2551 31.

323 2566 419 2608 327,
445 2568 507 2608 13.
540 2555 849 2606 λέγε-λαβὼν]
890 2555 973 2593 Pro
995 2554 1090 2605 λέγε
1122 2555 1176 2594 A.
1202 2555 1354 2608 aliique
1385 2556 1488 2595 dant
1518 2555 1635 2605 λαβέ,
1666 2556 1777 2608 quod

267 2611 428 2650 malunt
458 2610 527 2649 alii
559 2610 625 2649 hic
647 2616 690 2650 et
712 2625 751 2663 p.
773 2612 869 2663 363,
892 2622 967 2658 10.,
989 2610 1124 2656 credo,
1148 2610 1244 2663 quia
1269 2611 1364 2661 λέγε
1391 2612 1452 2650 καὶ
1479 2611 1687 2661 ἀνάγνωθι,
1711 2611 1776 2650 dic

266 2672 301 2705 et
335 2666 471 2712 recita,
496 2679 752 2718 concoquere
785 2670 1008 2717 nequeunt.
1070 2665 1230 2718 Utique
1260 2665 1451 2705 recitatio
1482 2666 1569 2705 sine
1596 2666 1775 2718 prenun—

268 2720 441 2760 tiatione
466 2721 554 2760 fieri
586 2720 743 2773 nequit.
804 2721 963 2759 Verum
994 2735 1075 2759 non
1107 2735 1227 2760 omne
1256 2721 1365 2773 quod
1396 2721 1702 2773 pronuntiatur,
1733 2721 1775 2760 id

267 2776 374 2815 idem
391 2791 553 2828 quoque
571 2776 782 2823 recitatur,
802 2776 874 2814 sed
896 2776 1027 2815 multa
1047 2781 1221 2829 possunt
1242 2776 1481 2816 memoriter
1498 2776 1589 2815 dici.
1639 2776 1775 2826 Quare

267 2831 370 2870 bene
402 2832 510 2871 inter
535 2846 578 2870 se
607 2837 797 2871 constare
829 2836 1003 2884 possunt
1030 2832 1124 2882 λέγε
1154 2834 1215 2871 καὶ
1241 2831 1447 2883 ἀνάγνωθι,
1472 2832 1693 2871 dummodo
1715 2831 1773 2870 sic
