1914 3184
332 129 416 167 258
845 132 926 171 DE
963 132 1332 172 SYMMORIIS.

332 233 483 286 royetis.
527 233 679 273 Similis
701 248 751 286 pr
754 248 801 273 01²
804 248 873 273 sus
895 234 1055 274 consilii
1077 240 1226 275 auctor
1245 236 1323 275 fuit
1346 241 1491 289 postea
1509 237 1835 278 Atheniensibus

333 288 649 335 Demosthenes
672 289 733 328 uti
754 289 915 344 legatos
937 291 991 330 ad
1014 291 1236 331 Thebanos
1257 292 1484 341 mitterent
1504 293 1573 346 qui
1597 308 1666 333 eos
1687 298 1835 334 contra

334 344 573 398 Philippum
602 345 866 394 suscitalent,
890 346 1008 386 Orat.
1032 361 1072 400 p.
1096 347 1190 387 Cor.
1214 363 1253 401 p.
1278 350 1371 399 287,
1396 360 1460 397 24.
1501 367 1553 399 μη
1589 352 1718 389 δεῖσθε
1755 353 1836 400 Θη-

330 402 457 450 βαίων
477 402 609 451 μηδέν·
653 402 817 453 αἰσχρὸς
842 404 916 453 γὰρ
941 404 961 441 ὁ
984 404 1124 454 καιρός·
1169 403 1257 443 ἀλλ’
1281 405 1579 455 ἐπαγγέλλεσθε
1604 405 1831 455 βοηθήσειν

332 457 401 496 ἐὰν
423 457 759 496 κελεύωσιν-ἵν
782 458 852 496 ἐὰν
871 460 944 508 μὲν
965 458 1148 508 δέξωνται
1172 463 1292 498 ταῦτα
1321 460 1379 498 καὶ
1405 464 1621 500 πεισθῶσιν
1646 462 1748 510 ἡμῖν,
1774 463 1834 501 καὶ

331 529 354 550 α
374 511 645 562 βουλόμεθα
622 517 724 562 ὠμεν
756 516 994 566 διῳκημένοι,
1017 516 1077 554 καὶ
1107 517 1204 564 μετὰ
1234 532 1510 567 προσχηματος
1541 517 1646 565 ἀξίου
1673 533 1737 566 της
1762 519 1830 556 πό-

329 572 429 608 λεως
459 571 578 607 ταῦτα
608 568 823 618 πράξωμεν,
848 571 917 609 ἐαν
948 569 978 609 δ
1002 571 1075 621 ἄρα
1099 588 1150 620 μη
1178 575 1309 625 συμβη
1337 576 1577 623 κατατυχεῖν,
1602 573 1741 612 ἐκεινοι
1761 574 1834 622 μὲν

330 624 480 664 ἑαυτοῖς
514 625 748 674 ἐγκαλῶσιν,
772 625 820 664 ἄν
855 642 890 664 τι
924 629 993 665 νῦν
1026 626 1304 677 ἐξαμάρτωσιν,
1328 628 1417 676 ἡμῖν
1452 629 1493 666 δὲ
1519 629 1639 677 μηδὲν
1667 628 1834 680 αἰσχρὸν

327 680 421 727 μηδὲ
457 680 641 718 ταπεινὸν
673 683 694 729 ἠ
729 682 1005 732 πεπραγμένον
1041 700 1072 722 κ.
1096 699 1127 721 τ.
1145 688 1183 721 λ.
1246 682 1389 735 Neque
1428 682 1551 722 aliter
1580 682 1687 722 Phil.
1720 697 1759 736 3.
1792 699 1832 737 p.

334 745 423 784 129,
444 747 485 787 5-
517 751 636 775 Tavro.
657 736 701 785 δη
722 735 850 775 πάυτα
871 738 977 777 a't’JTOL
997 738 1387 788 wapaO'KffvaffdfikfflaeOL
1415 739 1475 777 Καὶ
1502 755 1733 788 πΟιΊῘσαυΤΕς
1753 745 1833 781 Τοῖς

320 788 496 839 ’Έλλησι
518 793 670 842 φανερα
691 792 776 833 τοὺς
794 793 939 835 ἄλλους
954 794 1023 843 ἤδη
1039 798 1337 844 παρακαλῶμεν.
1370 794 1830 834 AMERSFOORDT.

328 845 392 885 De
414 861 449 886 v.
473 849 624 886 δεῖσθαι
644 862 679 887 ν
703 848 814 888 adv.
838 851 898 888 18.
961 849 1292 890 SCHAEFER.

389 902 479 949 181,
505 914 569 942 21.
602 904 866 966 ἀφαμαρτεῖν]
901 907 1139 956 ἐφαμαρτεῖν
1161 905 1296 959 Dion)
1300 905 1384 944 sius
1407 905 1565 945 vitiose.
1628 905 1818 946 REISK

386 957 497 1012 Lege
532 962 574 998 et
601 958 822 1012 (11811110110,
858 960 1174 1011 παρεσκευάσθαι
1209 964 1256 1000 τὰ
1287 961 1452 1012 ὑμέτερα
1487 962 1612 1001 αὐτῶν
1639 963 1829 1014 επισχεῖν,

326 1014 532 1063 δεομέιους
565 1016 702 1062 σώζειν
738 1016 779 1054 εὖ
816 1017 1298 1057 εἰδέιαι.0011811·1101ἰο
1333 1021 1398 1056 est
1432 1018 1473 1056 εὗ
1507 1017 1649 1057 εἰδέναι
1683 1017 1832 1059 πάντας

324 1070 486 1118 ἥξοντας
507 1073 540 1109 δ.
563 1087 599 1109 σ.
662 1070 833 1110 DOBR.

388 1125 477 1173 181,
503 1138 569 1165 22.
602 1127 795 1178 ἐπισχεῖν,
818 1141 1020 1180 qamscere.
1042 1129 1148 1168 nihil
1165 1128 1338 1182 amplius
1358 1134 1546 1182 sataqere.
1568 1129 1638 1168 sed
1669 1132 1829 1180 καραδο-

327 1185 407 1220 κεῖν
427 1181 470 1220 τὸ
491 1181 656 1231 μέλλον.
718 1182 1049 1224 SCHAEFER.

388 1238 478 1283 181,
504 1250 568 1290 23.
602 1238 805 1288 δεομένους
834 1239 1231 1290 σώζειν--ήξοντάς’
1215 1242 1338 1293 εστιν]
1376 1240 1472 1280 Duo
1500 1240 1602 1279 haee
1630 1239 1830 1292 adipisce-

326 1292 438 1338 mini,
462 1298 508 1333 ut
530 1298 572 1333 et
593 1293 869 1346 sospitatores
891 1300 1020 1348 atque
1040 1296 1224 1336 vindices
1249 1296 1362 1337 fiatis
1389 1310 1546 1344 eorum,
1569 1295 1638 1348 qui
1665 1300 1755 1334 tum
1775 1296 1830 1335 ad

325 1349 502 1388 tutelam
523 1355 635 1389 vestr
637 1364 705 1389 am
735 1351 972 1405 perfugient
1002 1366 1079 1406 1²00·
1081 1356 1202 1392 antes
1226 1367 1251 1392 a
1273 1352 1387 1392 vobis
1409 1351 1572 1414 plotegi
1604 1356 1646 1391 et
1667 1365 1830 1390 conser-

327 1404 428 1452 vari,
451 1410 493 1444 et
514 1411 561 1445 ut
583 1407 686 1446 certi
708 1406 799 1446 sitis
820 1407 898 1446 1100
918 1412 1162 1447 eventurum
1183 1422 1284 1455 esse,
1299 1413 1345 1447 ut
1362 1407 1512 1447 Graeci
1534 1421 1687 1455 omnes7
1705 1406 1828 1454 ultro,

326 1460 514 1512 ipsismet
538 1463 779 1502 auctoribus
807 1467 935 1516 atque
965 1463 1274 1516 impulsoribus,
1295 1464 1348 1504 ad
1369 1478 1441 1503 108
1462 1463 1675 1503 confluant
1696 1462 1829 1502 vobis-

325 1530 405 1569 que
425 1518 595 1571 adjungi
617 1519 827 1558 studeant.
889 1519 1081 1559 REISK.

383 1573 605 1626 δεομένους]
642 1575 695 1613 V.
716 1574 769 1613 ad
791 1589 825 1613 v.
852 1576 911 1613 18.
973 1574 1302 1615 SCHAEFER.

387 1629 477 1676 181.
503 1641 566 1679 27.
600 1630 743 1682 εὑρεῖν]
782 1629 975 1669 Reiskius
1004 1630 1045 1669 in
1067 1630 1161 1671 Iud.
1185 1631 1369 1671 Graecit.
1392 1634 1505 1670 recte
1526 1630 1653 1670 vertit
1674 1631 1827 1670 commi-

324 1683 436 1730 nisci,
469 1685 696 1725 meditando
726 1686 946 1733 effundere,
977 1686 1165 1739 citatque
1195 1701 1234 1740 p.
1260 1699 1352 1738 292,
1381 1687 1418 1725 8.
1453 1692 1494 1726 01
1525 1699 1622 1737 494,
1648 1688 1724 1733 26..
1758 1686 1826 1725 ubi

324 1740 469 1779 eadem
492 1745 555 1780 est
577 1741 744 1781 locutio.
805 1741 1134 1781 SOHAEFER.

387 1797 476 1843 182,
502 1808 537 1836 2.
571 1797 653 1836 ἔστι
693 1799 823 1837 τοίνυν
863 1798 1017 1847 πρῶτον
1055 1798 1299 1846 μὲν-οὐδὲν
1333 1799 1486 1837 πώποτε
1525 1799 1614 1848 ὑμῖν
1655 1797 1825 1850 ἐγένετο]

328 1850 483 1890 Locum
519 1852 628 1891 hunc
661 1853 765 1892 citat
792 1852 1016 1905 Dionysius
1046 1853 1181 1893 Halic.
1206 1853 1281 1892 vol.
1304 1855 1341 1893 6.
1364 1868 1404 1906 p.
1426 1864 1524 1906 947.
1556 1857 1603 1892 ut
1631 1858 1673 1892 et
1700 1852 1826 1905 paulo

322 1907 577 1959 superiorem
599 1923 637 1961 p.
662 1909 750 1955 181,
771 1910 832 1948 16.
894 1908 1086 1948 REISK.

384 1965 474 2010 182,
499 1964 534 2003 8.
568 1964 679 2017 πρὸς]
715 1966 767 2006 εἰς
789 1964 1025 2017 Dionysius.
1059 1964 1252 2004 REISK.
1313 1964 1380 2004 Sic
1401 1963 1529 2003 etiam
1552 1964 1593 2004 S.
1637 1962 1723 2003 Nec
1744 1963 1826 2004 dis-

322 2017 472 2071 plicet:
507 2033 746 2088 quanquam
767 2020 983 2074 vulgatam
1002 2025 1147 2060 tuetur
1168 2020 1281 2059 100118
1302 2035 1340 2073 p.
1365 2032 1454 2068 120,
1475 2031 1510 2071 7.
1573 2018 1823 2060 SOHAEF.

385 2075 476 2121 182,
502 2087 565 2114 ΙΟ
595 2074 810 2130 πράξοντα]
855 2078 900 2115 τὰ
936 2076 1074 2115 δέοντα
1099 2075 1296 2126 πράξοντα
1328 2075 1565 2129 Dionysius.
1613 2077 1659 2115 τὰ
1687 2075 1825 2115 δέοντα

322 2133 424 2182 puto
445 2145 471 2169 a
492 2130 693 2184 Dionysio
714 2132 922 2171 additum:
955 2131 1129 2184 simplex
1147 2130 1254 2170 enim
1275 2130 1472 2182 πράξοντα
1492 2130 1637 2170 melius
1657 2144 1825 2184 respon·

322 2184 393 2224 det
414 2185 588 2238 simplici
609 2203 795 2236 ποιησων.
857 2187 1029 2250 Saepius
1049 2191 1191 2226 autem
1216 2192 1342 2227 ποιεῖν
1363 2191 1405 2226 01
1431 2185 1613 2238 πράττειν
1638 2191 1685 2226 111
1706 2200 1824 2240 syno-

322 2246 793 2294 ny1naponu11tu1²‚quo
814 2242 997 2282 varietur
1018 2242 1167 2282 oratio.
1215 2242 1281 2282 Sic
1302 2257 1341 2295 p.
1364 2255 1454 2293 114,
1475 2255 1540 2283 20.
1564 2243 1686 2281 καίτοι
1705 2245 1824 2282 ταῦτα

321 2295 499 2344 πράττων
520 2298 559 2335 τί
576 2299 715 2343 ἐποίει·
740 2312 779 2350 p
792 2311 807 2336 Ι
821 2308 918 2350 15.r'
874 2326 932 2350 ,3.
957 2298 1018 2337 καὶ
1037 2297 1148 2337 πάνθ’
1164 2299 1239 2337 ὅσα
1259 2297 1417 2348 πράττει
1431 2299 1529 2347 μετὰ
1549 2300 1613 2347 τῆς
1629 2296 1824 2347 δυνάμεως

321 2354 518 2390 ποιοῦντα.
592 2352 699 2402 Quid
728 2353 838 2405 quod
866 2354 990 2392 ambo
1017 2353 1261 2406 junguntm,
1292 2367 1373 2392 non
1406 2358 1609 2406 tanquam
1637 2352 1822 2392 diversae

321 2406 447 2446 verba
469 2407 885 2460 significati011is‚sed
906 2413 954 2448 ut
974 2408 1158 2448 oratoria
1178 2408 1439 2448 abundantia
1459 2422 1536 2448 aur
1538 2422 1581 2447 08
1601 2408 1823 2462 impleant?

323 2460 390 2500 Sic
411 2476 450 2514 p.
469 2474 560 2515 245,
579 2475 642 2513 27.
671 2465 711 2502 τί
727 2481 924 2514 προσηκον
939 2480 987 2513 ην
1009 2463 1170 2503 ἑλέσθαι
1190 2462 1371 2514 πράττειν
1388 2465 1448 2503 καὶ
1464 2468 1589 2504 ποιεῖν
1604 2464 1673 2512 τὴν
1692 2464 1821 2503 πόλιν.

322 2531 443 2569 quem
464 2518 612 2566 locum,
634 2518 890 2559 Boissonado
911 2524 1116 2567 monente,
1135 2519 1299 2559 videtur
1318 2519 1547 2572 respexisse
1570 2518 1760 2558 Tiberius
1780 2534 1820 2572 p.

320 2585 401 2625 53..
423 2574 493 2613 ubi
515 2589 622 2627 quae
649 2575 700 2614 de
721 2575 875 2614 talibus
902 2575 1152 2628 pleonasmis
1180 2579 1222 2614 et
1252 2590 1277 2614 a
1305 2575 1510 2615 Technico
1536 2579 1578 2614 et
1604 2589 1629 2614 a
1657 2574 1820 2613 Boisso-

321 2629 431 2668 naslo
452 2631 690 2677 traduntur,
714 2645 912 2684 compone
934 2645 1026 2670 011111
1049 2635 1149 2670 nota
1170 2631 1224 2670 ad
1244 2646 1282 2683 p.
1306 2644 1371 2684 99,
1392 2643 1428 2682 7.
1490 2629 1818 2670 SOHAEFER.

384 2686 471 2731 182,
495 2697 555 2737 15.
578 2687 801 2735 ἀποδείξητε
823 2686 865 2725 τὸ
886 2687 1049 2738 πλῆθος]
1081 2686 1251 2725 Plenum
1271 2685 1490 2731 eoeltibeat'is,
1508 2690 1555 2724 ut
1576 2685 1675 2724 nihil
1697 2685 1818 2724 desit.

322 2738 508 2779 Verbum
531 2741 607 2779 hoc
628 2741 850 2781 illustravit
869 2741 1222 2795 Wyttenbachius
1242 2742 1295 2781 ad
1313 2742 1474 2781 Selecta
1492 2741 1652 2780 Histor.
1669 2755 1708 2794 p.
1722 2753 1818 2793 439.

320 2796 782 2836 AMERSFOORDT.

377 2851 856 2903 ἐπικλήρων-ἀδύνατος]
895 2852 958 2891 De
993 2852 1056 2891 his
1089 2852 1224 2891 verbis
1257 2852 1412 2892 dictum
1449 2867 1473 2891 a
1510 2850 1744 2891 Parreidtio
1777 2850 1818 2889 in

321 2906 482 2959 Proleg.
508 2921 545 2959 p.
571 2919 620 2956 29
643 2921 703 2958 sq.

375 2961 613 3012 ὀρφανικῶν]
658 2962 929 3001 scribendum
951 2965 1133 3013 ὀρφανῶν
1154 2977 1205 3002 ex
1228 2963 1268 3002 S.
1290 2962 1459 3015 aliisque
1481 2962 1702 3002 codicibus.
