1914 3184
287 132 411 172 xxviii
911 128 1177 168 REISKII

286 255 379 283 μενοι
409 240 461 273 καὶ
489 241 557 274 τοῖς
587 237 827 282 δοκιμωτάτοις
847 240 914 270 τῶν
933 237 1152 282 ἀντιγράφων
1171 234 1457 278 ἀντεξετάσαντές*
1485 248 1543 267 σοι
1571 235 1797 279 προσφωνοῦ-

285 319 359 347 μεν.
418 303 482 339 Sic
511 302 671 351 gloriam
694 300 785 337 editi
805 300 1089 340 Demosthenis,
1114 306 1151 334 et
1181 298 1211 333 si
1242 297 1331 344 quid
1361 297 1606 344 postmodum
1630 296 1800 332 editurus

205 381 271 403 ΧΧῙ
289 374 401 409 esset,
431 366 663 402 Beccatellio
697 377 779 400 esse
814 363 1289 399 tribuendam—Constat
1320 373 1363 395 ex
1395 360 1464 404 his,
1497 361 1799 396 Demosthenem

288 431 454 478 primum
484 443 565 465 esse
595 430 733 464 librum
766 427 938 463 omnium
966 439 988 461 a
1014 423 1131 461 Paulo
1162 423 1341 459 Manutio
1372 424 1624 471 proditorum.
1684 425 1800 459 Com-

287 507 438 542 parasse
461 495 513 529 ait
532 496 574 527 τὰ
594 494 803 536 δοκιμώτατα
826 492 1041 537 ἀντίγριιφαῑ
1076 501 1172 536 quae
1195 496 1322 523 autem
1344 487 1409 522 illa
1429 486 1582 528 fuerint,
1605 487 1706 523 unde
1734 499 1799 534 pe-

288 558 368 599 tita,
391 571 506 593 manu
528 557 678 604 scripta,
701 568 749 590 an
770 555 870 603 typis
892 566 1045 594 excusa,
1068 566 1116 588 an
1138 552 1184 588 ab
1208 552 1282 587 alio
1306 551 1485 599 quopiam
1501 554 1582 600 jam
1603 558 1798 598 usurpata.

288 622 436 657 reticet.
505 619 685 655 Editione
721 617 880 653 Paulina
913 617 1007 652 mihi
1041 615 1149 652 licuit
1184 615 1235 650 uti
1269 615 1506 663 benignitate
1539 615 1599 650 Jo.
1623 612 1800 649 Friderici

288 684 455 720 Fischeri
472 684 517 719 V.
536 684 577 718 C.
595 681 823 718 Professoris
840 681 876 717 in
895 681 1152 717 Universitate
1173 678 1373 727 Lipsiensi,
1394 687 1431 714 et
1448 678 1622 714 Rectoris
1640 677 1801 713 scholae

288 749 522 788 Thomanae,
547 747 690 795 optime
719 747 766 782 de
798 746 904 782 bonis
932 745 1048 782 literis
1075 744 1213 786 meriti,
1238 744 1301 791 qui
1323 756 1405 779 eam
1428 756 1447 779 e
1476 755 1543 778 sua
1571 741 1803 777 bibliotheca

289 825 442 848 mecum
465 809 781 847 communicavit.

1002 917 1031 959 ξ.
1055 915 1089 950 6.

642 991 702 1026 De
722 991 873 1026 editione
898 990 1157 1037 ll‘olfiiprima
1184 988 1448 1023 Graecolatina.

346 1067 468 1104 Venio
491 1079 592 1102 nunc
614 1066 659 1101 ad
682 1065 890 1101 editionem
912 1064 1071 1112 primam
1095 1064 1404 1100 Graecolatinam
1423 1078 1429 1097 :
1464 1075 1552 1098 nam
1583 1061 1756 1109 superius
1783 1073 1805 1095 a

293 1147 353 1169 me
385 1138 705 1168 commemoratae
733 1131 905 1165 Graecae
936 1129 1177 1164 solummodo
1209 1136 1332 1162 sinite.
1390 1127 1537 1162 Primus
1567 1134 1690 1161 totum
1722 1125 1803 1160 De-

293 1198 534 1233 mosthenem
557 1195 740 1230 Latinum
768 1193 857 1230 fecit
879 1192 1140 1241 Hieronymus
1160 1191 1277 1233 Wlolf,
1301 1193 1558 1239 Augustanus,
1580 1189 1636 1225 vir
1656 1189 1701 1225 de
1725 1189 1803 1223 De-

294 1262 493 1297 mosthene
525 1257 792 1294 immortaliter
823 1255 1012 1299 meritusf,
1036 1257 1098 1303 qui
1122 1256 1428 1291 Demosthenem
1460 1254 1578 1289 semel
1599 1254 1805 1293 Graecum,

295 1327 351 1361 bis
379 1322 703 1363 Graecolatinum,
727 1330 784 1357 ter
805 1321 983 1357 Latinum
1012 1320 1142 1361 edidit,
1165 1332 1327 1367 quarum
1358 1318 1566 1354 editionum
1600 1317 1807 1352 successio-

295 1402 363 1425 nes
384 1399 670 1436 persequemur.

194 1464 280 1487 xxn
350 1453 485 1488 Latine
516 1451 681 1499 primum
704 1448 821 1485 edidit
844 1448 954 1484 Wolf
971 1448 1274 1484 Demosthenem
1300 1447 1471 1482 Basileae
1501 1458 1601 1481 anno
1629 1456 1741 1492 1544.
1771 1441 1807 1478 ni

296 1517 418 1556 fallor,
440 1515 476 1551 in
499 1514 602 1555 solio,
625 1513 823 1562 splendide
851 1512 1077 1560 impressum
1099 1524 1206 1559 opus,
1230 1511 1330 1558 quod
1362 1511 1440 1558 ipse
1472 1510 1562 1545 olim
1593 1507 1721 1550 habui,
1744 1508 1809 1543 de-

296 1581 384 1616 inde
405 1592 533 1615 rursus
555 1586 800 1626 praepostero
822 1584 1035 1617 contemtu,
1059 1579 1167 1624 cujus
1189 1588 1249 1610 me
1271 1588 1373 1610 nunc
1394 1574 1578 1622 poenitet,
1600 1573 1768 1608 vendidi.

333 1643 482 1679 Deinde
505 1642 814 1679 Graecolatinam
841 1641 1012 1676 Basileae
1035 1653 1136 1675 anno
1158 1652 1270 1686 1549.
1290 1639 1389 1686 apud
1410 1638 1623 1686 Oporinum
1645 1637 1683 1672 in
1706 1636 1809 1677 folio,

298 1721 373 1755 qna
394 1708 523 1747 carui;
556 1719 672 1754 quare
694 1706 738 1741 (le
767 1719 812 1741 ea
831 1705 949 1740 verbis
972 1704 1133 1740 Fabricii
1157 1702 1271 1748 (Bibl.
1295 1704 1360 1737 Gr.
1381 1702 1456 1738 vol.
1477 1714 1509 1737 1.
1531 1715 1566 1750 p.
1584 1700 1692 1749 926.)
1717 1701 1810 1736 mihi

298 1771 540 1807 referendum
568 1779 646 1811 est;
679 1770 846 1817 quinque
878 1768 1056 1816 partibus,
1080 1780 1239 1814 quorum
1261 1775 1335 1801 tres
1364 1766 1508 1814 priores
1537 1778 1653 1813 opera
1671 1766 1810 1801 Demo-

299 1836 444 1871 sthenis
471 1835 679 1870 secundum
708 1833 1013 1869 distributionem
1037 1832 1143 1866 Pauli
1171 1831 1337 1866 Manutii
1365 1843 1431 1866 seu
1460 1829 1642 1866 Feliciani
1671 1829 1810 1877 potius,

301 1909 435 1947 quarta
461 1900 557 1934 vitas
582 1897 870 1937 Demosthenis,
892 1896 1022 1931 Wolfii
1051 1903 1172 1936 notas,
1195 1903 1232 1930 et
1258 1894 1555 1943 gnomologiam,
1579 1894 1811 1941 Ulpianique

301 1963 608 2005 commentarios,
648 1962 781 2009 quinta
822 1959 1090 1996 translationes
1139 1959 1375 2006 quarundam
1425 1957 1812 1994 Demosthenicarum

301 2036 387 2063 ante
412 2027 592 2062 &Volfium
624 2039 691 2074 per
720 2025 844 2061 varios
874 2024 1010 2060 Latine
1042 2023 1275 2059 redditarum
1306 2022 1491 2058 continet.
1549 2021 1737 2056 Videntur
1769 2033 1813 2056 ex

300 2093 370 2128 hac
398 2091 564 2127 editione
592 2093 835 2139 conjecturae
861 2088 1048 2135 quaedam
1071 2087 1287 2123 W'olfianae
1312 2087 1350 2122 in
1378 2086 1592 2134 marginem
1616 2085 1813 2121 Parisinae

301 2164 338 2191 et
358 2156 393 2190 in
416 2155 581 2191 indicem
604 2154 781 2189 Lambini
805 2153 997 2188 Parisinae
1018 2152 1228 2200 subjectum
1253 2164 1334 2186 esse
1355 2151 1573 2187 translatae.

371 2218 499 2252 Wolfii
537 2217 801 2265 interpretatio
844 2216 985 2263 prodiit
1022 2228 1150 2250 rursus
1189 2214 1364 2250 Venetiis
1403 2227 1504 2250 anno
1543 2225 1653 2261 1550.
1694 2213 1814 2249 tribus

301 2281 572 2323 voluminibus,
594 2281 729 2316 iterum
762 2280 934 2315 Basileae
968 2291 1067 2314 anno
1102 2288 1213 2325 1554.
1241 2279 1279 2312 in
1316 2290 1373 2312 12.
1406 2289 1449 2312 ex
1482 2278 1611 2313 Wolfii
1642 2279 1813 2326 recogni-

303 2345 417 2380 tione.
476 2345 581 2379 Idem
603 2357 702 2379 anno
730 2345 839 2390 1569.
866 2343 1035 2378 Basileae
1063 2343 1255 2389 specimen
1279 2341 1547 2377 Demosthenis
1568 2354 1589 2377 a
1615 2354 1653 2378 se
1674 2343 1812 2378 iterum

347 2456 361 2471 c
387 2450 519 2479 Morhof
537 2449 596 2479 vol.
621 2459 645 2479 1.
670 2460 698 2488 p.
717 2449 790 2489 962.
839 2449 907 2479 Etsi
931 2448 1026 2478 Caro-
1090 2448 1259 2477 doctissimi
1278 2447 1388 2477 Wolfii
1415 2447 1501 2476 labor
1524 2447 1650 2477 calculis
1673 2448 1814 2479 erudito-

305 2503 353 2532 lus
371 2503 518 2532 Clutinus
537 2502 720 2532 Parisiensis
741 2502 897 2532 orationes
919 2512 1026 2532 omnes
1092 2512 1163 2531 rum
1191 2502 1429 2541 approbaretur,
1455 2501 1574 2530 factum
1601 2507 1657 2538 est,
1682 2507 1717 2530 ut
1741 2512 1813 2531 mox

307 2556 528 2585 Demosthenis
546 2566 610 2584 una
626 2565 696 2584 cnm
718 2555 842 2584 Lihanii
859 2565 1027 2593 argumen-
1092 2557 1263 2585 secundum
1289 2561 1383 2593 atque
1407 2554 1481 2584 item
1505 2554 1634 2584 tertium
1657 2555 1811 2584 ederetur.

306 2610 343 2639 tis
357 2616 387 2639 et
400 2609 526 2648 Ulpiani
541 2608 774 2638 commentariis
787 2615 860 2638 ante
871 2608 1027 2638 Wolfium
1094 2608 1236 2638 Tandem
1267 2618 1340 2637 vero
1367 2618 1383 2638 e
1414 2614 1526 2646 quarta
1556 2608 1736 2646 interpretis
1766 2618 1815 2638 re-

306 2663 501 2693 transtulisse
525 2673 542 2692 a
566 2662 724 2692 Michaele
751 2662 899 2691 Neandro
923 2661 1026 2701 perhi-
1092 2662 1270 2701 cognitione
1288 2661 1402 2700 prodiit
1420 2661 1562 2691 Basileae
1585 2662 1668 2699 apud
1687 2661 1814 2700 Episco-

307 2718 416 2746 heatur
433 2716 563 2755 praefat.
584 2716 755 2745 Eroteinat.
776 2714 813 2743 L.
833 2715 872 2743 G.
891 2725 920 2754 p.
941 2723 1024 2751 231.⁷
1092 2715 1179 2754 pium
1198 2725 1282 2744 anno
1304 2723 1391 2753 1572.

306 2771 344 2798 ab
371 2771 478 2799 eodem
506 2778 611 2798 tamen
644 2769 700 2798 has
727 2769 899 2797 immatura
929 2774 1028 2797 morte
1134 2767 1146 2790 f
1170 2769 1278 2798 Vitam
1300 2768 1417 2807 egregii
1433 2768 1503 2806 viri,
1522 2768 1644 2806 abipso
1659 2768 1813 2806 conscrip-

306 2828 493 2860 praeventus
521 2833 583 2851 non
610 2822 740 2851 edidisse
768 2822 892 2851 dicitur.
940 2820 1032 2850 Wolf
1094 2830 1168 2861 tam,
1181 2830 1211 2852 et
1223 2834 1262 2853 ex
1275 2824 1343 2861 ejus
1357 2822 1476 2853 schedis
1489 2833 1505 2851 a
1518 2822 1638 2852 ,Iacobo
1653 2822 1815 2851 Brut-kero

307 2876 412 2914 itaque
436 2877 536 2914 primo
559 2886 643 2905 anno
664 2882 753 2914 1545.
772 2875 864 2905 tomis
888 2875 1028 2914 quinque
1095 2875 1134 2903 V.
1149 2875 1184 2904 C.
1202 2874 1316 2904 editam
1342 2874 1374 2902 in
1399 2873 1479 2903 calce
1502 2873 1598 2910 hujus
1621 2873 1722 2910 operis
1746 2873 1813 2902 red-

308 2930 340 2957 in
366 2930 395 2957 8.
421 2930 502 2968 apud
525 2929 786 2968 .10.Op‹›1·inum,
811 2936 850 2966 et,
876 2939 948 2959 cum
978 2929 1029 2958 ille
1093 2929 1175 2956 dam.
