1935 3205
515 942 569 1001 P
606 940 664 1001 R
696 939 754 999 A
793 939 847 999 1⁴:
889 938 937 998 F
969 937 1028 998 A
1057 935 1115 996 T
1157 936 1175 995 l
1215 936 1296 995 (⁷).

219 1342 294 1386 IN
329 1341 660 1386 Demosthenis
694 1341 979 1385 orationibus
1012 1340 1370 1398 interpretandis
1403 1340 1489 1383 etsi
1522 1354 1673 1398 gram-

151 1420 346 1463 maticos
387 1416 732 1461 Alexandrinos
773 1417 981 1461 nonnihil
1031 1432 1197 1476 operae
1239 1417 1443 1475 posuisse
1489 1416 1672 1465 scimus,

152 1494 354 1539 multum
389 1501 544 1538 tamen
579 1494 708 1538 abest
745 1500 797 1537 ut
833 1503 913 1537 aut
951 1494 996 1537 in
1034 1493 1158 1537 hunc
1195 1499 1275 1537 aut
1314 1493 1359 1535 in
1396 1507 1563 1535 novem
1602 1508 1675 1534 ce-

154 1578 292 1624 teros,
317 1585 431 1629 quos
464 1571 508 1613 in
544 1586 767 1614 canonem
791 1575 1087 1629 receperant,
1117 1577 1321 1614 oratores
1354 1568 1542 1612 Atticos
1576 1575 1676 1611 tan-

155 1655 225 1691 tas
273 1647 584 1705 exquisitioris
639 1647 876 1691 doctrinae
924 1647 1078 1705 copias
1131 1646 1382 1690 contulisse
1435 1645 1679 1688 videantur

155 1723 341 1782 quantis
388 1728 631 1781 poetarum
679 1723 914 1781 epicorum
964 1723 1344 1781 sccnicorumque
1392 1737 1529 1780 opera
1576 1720 1680 1763 illu-

157 1804 373 1844 strarunt.
447 1797 579 1841 Nihil
612 1799 734 1842 enim
762 1806 1178 1843 commemoratum
1213 1800 1466 1857 reperimus
1499 1804 1681 1856 practer

158 1875 431 1920 Callimachi
466 1875 641 1923 πίνακας
673 1875 933 1936 ῥητορικοὺς,
965 1877 1022 1920 ab
1051 1875 1272 1935 Dionysio
1308 1875 1679 1919 Halicarnasensi

158 1958 418 2011 excerptos,
444 1952 489 1995 in
516 1952 683 2010 quibus
713 1953 770 1996 de
797 1953 1083 2011 temporibus
1118 1954 1378 1997 orationum
1414 1952 1680 2011 diligentius

159 2044 297 2087 quam
334 2028 391 2072 de
424 2029 691 2072 auctoribus
720 2030 979 2087 quaesitum
1009 2030 1148 2072 fuisse
1175 2030 1370 2073 videtur.
1399 2028 1681 2087 Didymiqne

162 2104 469 2148 Alexandrini
517 2105 801 2155 ὑπομνήματα
853 2105 899 2147 in
947 2105 1331 2155 Demosthenem,
1381 2105 1681 2155 Aeschinem,

162 2179 466 2229 Dinarchum,
495 2179 800 2238 Hyperidem,
835 2180 1033 2233 Isaeum,
1066 2181 1346 2241 Lycurgum,
1384 2182 1550 2240 passim
1588 2180 1685 2224 lau-

163 2257 271 2301 data
313 2256 371 2300 ab
414 2255 799 2315 Ifflarpocratione,
842 2273 981 2316 quem
1023 2258 1112 2303 alia
1161 2258 1291 2317 plura
1338 2259 1480 2302 tacite
1526 2273 1584 2301 ex
1632 2258 1686 2301 iis

163 2332 380 2391 petivisse
428 2332 655 2390 conjicere
702 2333 824 2383 licet,
868 2335 990 2392 quod
1038 2335 1150 2380 alios
1198 2351 1381 2394 quoque
1430 2335 1685 2379 lexicorum

164 2408 498 2452 rhetoricorum
529 2410 806 2464 conditores,
840 2426 1034 2468 quorum
1068 2411 1311 2464 hodievel
1348 2412 1580 2469 epitomae
1613 2410 1686 2453 vel

166 2484 426 2542 fragmenta
458 2493 705 2544 supersunt
738 2503 818 2546 per
849 2489 1258 2547 grammaticorum
1297 2488 1436 2532 libros
1472 2488 1688 2545 dispersa,

166 2560 329 2604 fecisse
372 2561 611 2619 probabile
652 2569 736 2607 cst.
817 2563 926 2607 Post
972 2564 1225 2623 Didymum
1270 2565 1347 2623 qui
1393 2564 1691 2607 nominantur

167 2637 267 2680 aevi
294 2635 531 2696 Augustei
565 2640 967 2698 posteriorumque
994 2646 1259 2699 temporum
1291 2642 1566 2698 interpretes
1598 2655 1689 2682 11011

170 2713 316 2771 pauci,
343 2713 399 2757 (le
425 2714 594 2771 quibus
619 2716 664 2758 in
691 2731 809 2760 nova
842 2716 1122 2760 scholiorum
1157 2717 1362 2760 editione
1387 2716 1537 2774 aptior
1565 2715 1692 2759 locus

170 2789 259 2832 erit
292 2788 490 2841 (licendi,
525 2789 734 2848 plerique
767 2807 927 2836 omnes
963 2793 1007 2835 in
1047 2793 1275 2836 rhetorica
1311 2792 1693 2850 interpretatione

173 2864 320 2908 multo
369 2866 514 2925 magis
562 2867 779 2911 videntur
818 2867 1075 2912 elaborasse
1119 2883 1258 2926 quam
1300 2868 1345 2910 in
1393 2868 1696 2927 grammatica

173 2948 220 2983 et
268 2939 501 2986 historica.
589 2942 761 2987 Eorum
812 2944 1046 2988 nonnullis
1093 2959 1201 2988 usus
1250 2950 1317 2987 est
1369 2945 1446 3001 qui
1494 2943 1695 3002 amplam

884 3036 909 3063 a
935 3024 962 3064 2
1024 3052 1025 3055 η
