1914 3184
266 153 348 193 166
766 154 843 193 DE
877 152 1278 193 CHERSONESO.

321 269 386 308 97,
410 271 448 307 4.
470 262 615 307 λαβεῖν
638 258 708 297 ὑπὸ
730 261 809 300 τοῖς
831 257 981 311 νόμοις]
1007 259 1039 298 Ι.
1062 274 1096 299 e.
1119 262 1264 308 λαβεῖν
1285 259 1387 298 ὥστε
1408 258 1506 298 εἶναι
1526 258 1601 298 ὑπὸ
1624 261 1702 300 τοῖς
1723 274 1770 305 ν.,

265 311 410 365 leyibus
430 327 608 361 coercere,
631 317 678 353 ut
700 313 807 365 ἔχειν
826 314 900 353 ὑπὸ
921 315 965 367 τῇ
987 314 1110 369 ψήφῳ
1135 314 1311 367 Lycurg.
1337 326 1375 352 2.
1440 313 1658 353 FRANK.

324 379 389 419 97,
413 369 452 408 6.
486 371 546 407 δεῖ
564 370 626 408 καὶ
647 370 860 420 ἀναγκαῖόν
881 370 979 422 ἐστι]
1020 373 1088 416 δεῖ,
1113 369 1210 423 quia
1239 369 1364 409 aliter
1386 374 1498 409 recte
1519 369 1608 409 fieri
1630 368 1774 422 nequit

269 423 467 474 (mittendi
481 425 604 475 sunt),
623 425 836 475 ἀναγκαῖόν
858 426 953 471 ἐστι,
973 425 1071 479 quia
1087 425 1253 465 omnino
1275 439 1355 463 non
1378 429 1519 478 potest
1540 425 1663 465 aliter
1683 424 1772 464 fieri

268 480 428 529 (necesse
454 480 539 531 est).
600 479 781 519 Aristot.
802 480 891 519 Pol.
918 480 994 529 IV,
1016 494 1077 521 12.
1099 496 1139 534 p.
1166 491 1243 534 145
1267 480 1318 520 Gr.
1352 482 1420 520 ἐὰν
1442 482 1510 520 οὖν
1537 481 1689 532 ἔχωμεν
1708 481 1773 519 λέ-

265 551 365 585 γειν,
399 536 525 575 πόσας
560 535 721 587 (ἀρχὰς)
757 537 1004 586 ἀναγκαῖον
1035 537 1225 589 ὑπάρχειν
1257 536 1363 586 πάσῃ
1396 537 1522 584 πόλει,
1556 537 1617 575 καὶ
1649 536 1775 576 πόσας

265 590 334 628 οὐκ
365 591 588 640 ἀναγκαῖο
602 607 635 636 ν,
660 594 720 630 δεῖ
750 591 779 630 δ’
804 591 1003 643 ὑπάρχειν,
1026 594 1123 644 ῥᾷον
1156 593 1204 632 ἄν
1234 609 1290 634 τις
1323 593 1429 633 εἰδὼς
1460 596 1578 631 ταῦτα
1609 590 1773 641 συνάγοι

267 663 298 684 κ.
322 661 353 684 τ.
377 650 416 684 λ.
480 645 701 685 FRANK.

323 711 388 752 97,
414 702 451 739 8.
484 701 676 755 πάραλος]
713 701 903 750 Πάραλον
934 717 1097 742 sacram
1125 703 1337 742 triremem
1359 702 1485 742 fuisse
1515 701 1661 741 scribit
1684 701 1773 741 Sui-

265 756 353 803 das,
376 761 466 796 tum
488 757 541 796 ad
563 757 666 796 alios
687 757 873 810 publicos
895 772 993 797 usus
1021 759 1393 806 accommodatam,
1416 762 1506 798 tum
1528 772 1623 797 vero
1645 756 1772 797 etiam

264 812 319 851 ad
341 812 465 851 duces
487 826 660 866 peregre
681 814 967 853 accersendos.
1030 814 1222 853 WOLF.

322 879 388 920 97,
417 881 477 918 14.
499 867 768 921 Ἀριστοφῶν]
794 868 1051 922 Oollytensis,
1075 870 1125 908 de
1147 884 1227 922 quo
1249 884 1282 909 v.
1306 869 1358 909 ad
1382 884 1420 922 p.
1446 868 1537 917 248‚
1562 867 1599 907 8.

323 933 390 975 97,
415 935 480 962 20.
516 925 565 965 ὡς
583 925 656 973 μὲν
677 925 1047 978 οὐκ-ἀντιλέγειν]
1086 925 1201 964 Idem
1234 930 1298 964 est
1329 940 1378 964 ac
1410 924 1443 963 si
1475 923 1671 963 dixisset:
1706 923 1773 962 οὐκ

266 978 378 1030 ἔχετε
399 980 547 1020 τούτοις
563 979 796 1030 ἀντιλέγειν,
816 981 903 1019 οὔτε
925 980 1105 1030 φάσκειν,
1125 982 1174 1022 ὡς
1194 982 1261 1020 οὐκ
1279 981 1388 1020 ἔστιν
1409 981 1545 1029 ἀληθῆ.
1579 978 1772 1018 REISK.

322 1044 388 1086 97,
414 1047 478 1075 21.
502 1036 634 1085 ὥσπερ
657 1036 877 1074 ἀπολλύναι
897 1037 950 1088 τι]
976 1036 1094 1082 Eam,
1113 1037 1181 1089 qui
1202 1050 1335 1075 foemam
1355 1036 1475 1082 dicat,
1494 1033 1774 1088 ‘rempublicam

265 1089 429 1129 laedere.
491 1090 549 1129 Et
570 1090 811 1144 coarguisse
839 1095 881 1130 et
902 1090 1140 1143 opinionem
1163 1091 1240 1131 sibi
1263 1096 1613 1144 praeconceptam
1635 1094 1772 1129 extor-

265 1145 381 1197 queri
410 1145 623 1198 jacturam
645 1147 855 1198 quandam
876 1160 965 1185 esse
998 1151 1164 1199 putant.
1227 1147 1427 1186 Tenerius
1449 1151 1595 1186 amant
1616 1144 1772 1198 opinio-

263 1214 336 1240 nes
358 1215 455 1240 suas
479 1216 603 1253 quam
624 1202 833 1254 pecunias.
900 1202 1090 1241 WOLF.

324 1267 390 1308 97,
415 1269 480 1309 23.
503 1257 602 1296 ἔστω
624 1259 835 1309 παρρησία]
863 1257 1104 1296 Alexander
1125 1258 1175 1297 de
1198 1257 1364 1311 Figuris
1385 1255 1619 1296 sententiae
1640 1270 1679 1308 p.
1707 1267 1772 1294 22.

264 1311 399 1351 locum
421 1312 529 1351 hunc
551 1312 734 1352 recitans
756 1313 811 1352 ad
827 1314 1022 1363 παρρησία
1043 1313 1161 1352 addit
1182 1317 1248 1352 τοῦ
1265 1314 1411 1364 λέγειν,
1431 1313 1482 1351 de
1503 1326 1577 1350 suo
1599 1325 1768 1364 nempe:

265 1367 376 1421 quod
397 1367 475 1420 ipsi
497 1373 561 1407 est
582 1368 909 1420 relinquendum.
971 1368 1163 1407 REISK.

321 1433 387 1474 97,
413 1425 477 1463 28.
512 1423 557 1462 ὃν
578 1426 662 1462 ἴστε
686 1425 742 1463 ὅτι
764 1423 962 1476 λήψεσθε]
999 1424 1120 1473 Quem
1142 1437 1205 1463 ‘2703
1226 1430 1409 1477 capturos
1428 1423 1552 1463 scitis.
1576 1421 1618 1460 id
1640 1426 1714 1470 est,
1738 1422 1771 1461 si

264 1478 362 1517 civis
383 1478 530 1531 aliquis
553 1484 785 1526 accusetur,
809 1479 877 1532 qui
900 1479 1014 1518 vobis
1037 1479 1143 1518 elabi
1168 1494 1249 1517 non
1270 1484 1424 1532 potest.
1480 1477 1670 1517 WOLF.

320 1536 420 1584 φατὲ
444 1535 505 1573 καὶ
525 1534 744 1588 βούλεσθε]
769 1537 869 1585 φατὲ
891 1538 1027 1573 τοῦτον
1049 1535 1148 1573 εἶναι
1173 1535 1240 1574 τὸν
1263 1536 1385 1574 αἴτιον
1407 1535 1468 1573 καὶ
1487 1535 1687 1584 βούλεσθε
1709 1534 1773 1572 αὐ-

263 1589 331 1628 τὸν
363 1589 598 1638 λαμβάνειν,
632 1590 671 1628 h.
694 1604 727 1628 c.
758 1589 947 1637 κολάζειν.
971 1590 1056 1628 vel:
1091 1592 1190 1640 φατὲ
1223 1590 1437 1641 λήψεσθαι,
1460 1590 1568 1635 aitis,
1592 1602 1656 1627 2¹03
1687 1602 1773 1627 eum

261 1644 321 1683 ad
340 1658 490 1697 poenas
510 1645 666 1683 «landas
687 1659 763 1684 esse
790 1651 1039 1692 retraetmos,
1064 1647 1125 1685 καὶ
1146 1647 1359 1695 βούλεσθε,
1381 1652 1414 1684 et
1431 1645 1573 1698 ραναίί
1594 1645 1682 1683 estis
1706 1644 1773 1683 Ιιοο

251 1700 405 1752 facere.
467 1700 659 1739 REISK.

320 1754 385 1805 98,
414 1768 446 1793 1.
481 1755 527 1794 ὃν
549 1755 814 1805 κρατήσαντας
836 1761 915 1797 τοῖς
947 1757 1101 1809 ὅπλοις]
1140 1756 1359 1796 Sententia
1393 1760 1482 1795 est:
1519 1754 1769 1808 Philippum,

264 1811 467 1849 malorum
502 1810 684 1849 omnium
717 1816 944 1851 auctorem«
968 1826 1048 1850 non
1080 1811 1201 1850 minis
1230 1816 1305 1851 aut
1326 1811 1517 1854 dec-retis,
1541 1811 1613 1849 sed
1643 1810 1771 1850 armis

263 1865 507 1905 vincendum
530 1880 619 1905 osse
641 1871 682 1906 et
704 1866 970 1919 puniendum.
1028 1867 1217 1907 WOLF.

322 1923 388 1973 98,
421 1934 479 1961 ¹2.
503 1923 545 1960 ἐν
565 1924 637 1971 μὲν
658 1927 741 1963 ταῖς
764 1921 1300 1975 ἐκκλησίαις-κινδυνεύειν]
1325 1921 1483 1962 Eadem
1514 1922 1710 1975 leguntur
1730 1936 1769 1974 p.

268 1989 359 2023 ΙΙΙ,
389 1990 448 2028 15.
512 1977 842 2016 SOHAEFER.

321 2034 387 2083 98,
412 2046 469 2081 ¹4·
490 2034 532 2071 ἐν
554 2033 914 2087 δὲ-γιγνομένοις]
936 2036 996 2072 Τὰ
1013 2034 1219 2085 πράγματα
1235 2038 1332 2073 sunt
1354 2032 1624 2086 respublicae,
1643 2033 1771 2072 admi-

263 2088 447 2126 nisrratio
468 2087 719 2141 reipublicae,
743 2091 790 2128 τὰ
811 2091 1024 2139 γιγνόμενα
1045 2103 1094 2128 ea
1115 2103 1214 2142 quae
1233 2088 1347 2141 forte
1361 2090 1470 2140 fisum
1491 2089 1553 2128 vel
1570 2088 1771 2128 accidunt.

266 2142 301 2180 F
306 2143 424 2181 ΒΑΝ
433 2143 485 2181 K.

322 2199 388 2247 98,
420 2201 480 2236 16.
517 2198 612 2249 φέρε
634 2199 976 2252 γὰρ-ῥᾳθυμίαν]
1014 2200 1129 2239 (Ῐὶῖεῑὺ
1156 2199 1344 2238 Tiberius
1375 2214 1412 2252 p.
1440 2209 1503 2250 25.
1525 2214 1555 2238 s.
1619 2199 1700 2238 Sed
1731 2214 1769 2252 p.

267 2264 331 2303 29.
365 2253 528 2292 initium
560 2254 682 2305 hujus
714 2255 805 2301 loci,
838 2255 947 2293 inter
977 2255 1330 2307 1‘›1·aeclarissimos
1354 2254 1771 2294 Demosthenicorum

264 2308 521 2352 numerandi„
546 2308 696 2361 insigni
719 2324 811 2348 cum
833 2310 1038 2349 varietate
1072 2310 1129 2349 sic
1151 2310 1351 2362 scriptum
1374 2310 1496 2349 affert
1514 2325 1522 2347 ε
1557 2311 1625 2348 ἐὰν
1645 2310 1714 2348 οὖν
1735 2311 1771 2349 οἱ

257 2361 458 2412 (Έλληνες
479 2364 658 2412 πέμπωσι
680 2364 772 2414 πρὸς
800 2367 895 2413 ὑμᾶς
917 2366 978 2404 καὶ
999 2365 1160 2415 λέγωσι,
1183 2366 1365 2414 πέμπετε,
1389 2364 1417 2404 ὦ
1436 2364 1653 2413 Ἀθηναῖοι,
1675 2365 1772 2416 πρὸς

263 2418 360 2466 ἡμᾶς
383 2418 567 2457 ἑκάστοτε
598 2419 786 2469 πρέσβεις
806 2420 1008 2470 λέγοντας,
1033 2421 1081 2460 ὡς
1109 2421 1358 2469 ἐπιβουλεύει
1380 2421 1577 2460 Φίλιππος
1597 2421 1687 2469 ἡμῖν
1709 2420 1771 2458 καὶ

262 2477 359 2512 πᾶσι
386 2477 464 2514 τοῖς
483 2472 670 2522 ’Έλλησμ
733 2474 797 2512 En
829 2475 1061 2527 exemplum
1093 2474 1282 2527 inprimis
1305 2474 1490 2513 notabile
1511 2474 1770 2514 diversitatis

263 2527 509 2581 scripturae,
532 2529 648 2581 cujus
671 2529 757 2568 sola
780 2544 927 2569 caussa
949 2534 1012 2568 est
1031 2530 1178 2568 labans
1200 2529 1398 2568 memoria
1420 2529 1604 2569 citantis.
1653 2530 1770 2569 Conf.

263 2597 370 2635 quae
406 2598 536 2637 nuper
570 2584 716 2637 scripsi
751 2585 803 2624 ad
838 2584 1022 2637 Euripid.
1048 2585 1196 2623 Hecub
1236 2585 1413 2623 Porsoni
1444 2599 1483 2637 p.
1511 2597 1574 2624 12.
1655 2584 1771 2624 Oitat

262 2639 393 2677 etiam
415 2640 661 2678 scholiastes
692 2640 1043 2693 ad'Arist-ophan.
1068 2640 1174 2679 Nub.
1202 2652 1292 2691 219.
1317 2655 1447 2693 usque
1468 2640 1523 2679 ad
1543 2654 1579 2679 v.
1603 2644 1768 2690 καιρῶν;

264 2708 396 2746 nequo
418 2694 483 2733 ille
505 2694 592 2733 sine
614 2694 846 2747 scripturae
867 2695 1123 2734 diversitate.
1185 2695 1421 2735 SOHAEF
1425 2695 1515 2733 ER.

324 2751 357 2787 εἰ
388 2750 586 2802 λόγον-]
623 2750 833 2802 Apodosis
866 2751 988 2803 hujus
1022 2750 1252 2790 sententiae
1288 2755 1351 2789 est
1383 2750 1424 2788 in
1458 2749 1535 2789 illis
1567 2765 1606 2803 p.
1630 2763 1696 2803 99,
1731 2760 1768 2800 7.

265 2803 313 2842 ἂν
334 2808 454 2843 ταῦτα
488 2805 648 2855 λέγωσι,
672 2806 711 2843 τί
739 2807 982 2855 ἐροῦμεν-ς
1018 2805 1210 2845 REISK.
1271 2805 1469 2852 Adverte,
1492 2805 1769 2845 conditionem

264 2858 305 2896 in
328 2858 405 2897 illis
428 2858 485 2898 sic
507 2860 664 2907 iterari,
688 2864 735 2899 ut
756 2861 865 2899 nullo
887 2861 941 2900 ad
963 2875 1129 2900 sensum
1151 2860 1388 2899 discrimine
1408 2874 1484 2913 pro
1505 2860 1713 2912 particula
1736 2862 1770 2899 εἶ

265 2917 446 2964 ponatur
479 2914 541 2962 ἂν,
562 2929 638 2967 pro
659 2916 847 2967 optativo
869 2917 921 2955 ob
950 2920 1157 2955 mutatam
1190 2915 1437 2968 particulam
1469 2915 1766 2967 conjunctivus.
