1934 3179
285 144 369 187 „⁶296
705 146 941 187 DISSENI
968 147 1377 188 INTRODUCTIO

286 251 322 301 ξ.
340 263 437 303 314.
500 251 681 291 Emensa
702 252 809 291 hunc
831 266 969 291 rerum
991 266 1155 290 cursum
1178 252 1313 291 oratio
1330 253 1418 305 jam
1439 267 1544 293 nova
1564 254 1788 295 incremen—

284 310 330 345 ta
362 307 475 359 capit
507 321 557 346 ex
590 307 681 346 aliis
713 307 927 347 calumniis
960 307 1191 346 Aeschinis.
1254 308 1537 349 Accusaverat
1558 311 1788 350 Aeschines

282 362 492 401 fortunam
515 363 809 402 Demosthenis
840 368 887 402 ut
908 363 1058 403 malam
1080 368 1122 402 et
1153 363 1388 411 infaustam,
1410 365 1613 405 malorum
1633 366 1787 420 gravis-

283 417 479 456 simorum
502 418 592 457 urbi
615 433 816 465 caussam,
840 433 968 471 quare
999 433 1106 458 nunc
1127 423 1273 458 auctor
1294 419 1454 473 longius
1474 435 1716 475 progressus
1737 422 1788 462 de

281 473 450 513 fortuna
481 474 671 526 explicat,
696 474 955 528 distinguens
988 475 1195 528 publicam
1226 475 1340 514 urbis
1370 482 1413 515 et
1441 477 1553 516 orbis
1580 482 1788 517 terrarum
1831 494 1837 500 ‘

281 529 490 568 fortunam
521 544 546 568 a
574 544 648 569 sua
679 529 853 582 privata,
877 545 969 569 cum
991 545 1072 583 qua
1094 530 1314 570 Aeschinis
1335 532 1545 571 fortunam
1576 533 1787 573 miserabi-

281 584 361 623 lem
382 590 611 638 comparat.
634 587 670 639 ξ.
693 599 787 638 339.
849 586 1026 626 Dixerat-
1058 601 1181 640 porro
1207 587 1435 627 Aeschines
1464 588 1691 628 identidem
1712 589 1783 629 fai-

282 639 410 679 lacem
442 645 484 680 et
515 641 699 680 dolosam
733 642 1011 694 eloquentiam
1035 642 1341 682 Demosthenis.
1403 643 1518 693 Quae
1550 644 1786 684 criminatio

281 709 374 734 cuin
409 710 491 735 non
528 697 658 735 solum
694 697 841 736 harum
877 698 1160 737 defensionum
1192 698 1316 737 fidem
1350 699 1556 739 minutum
1588 699 1680 747 iret,
1714 701 1787 740 sed

279 751 407 790 etiam
429 752 613 805 priorum
633 753 895 792 consiliorum
917 768 1083 793 suorum
1111 754 1367 807 probitatem
1388 760 1622 808 suspectam
1642 756 1787 796 redde-

280 811 356 853 ret,
380 808 604 860 respondet
625 809 752 848 etiam
773 810 827 849 ad
859 810 964 850 hanc
982 826 988 849 :
1022 810 1177 861 regerit
1208 810 1391 850 convicia
1413 811 1454 849 in
1476 811 1558 850 vim
1579 825 1697 851 suam
1727 812 1785 851 di-

279 863 397 901 cendi
415 864 530 916 jacta
552 864 593 903 in
615 865 897 905 adversarium
928 871 970 905 et
992 862 1176 906 ostendit
1197 871 1244 906 ut
1266 867 1352 919 ipse
1380 866 1448 906 illa
1468 867 1521 906 ad
1543 867 1784 915 utilitatem,

282 919 513 958 Aeschines
529 934 626 959 vero
646 921 700 960 ad
722 921 947 974 perniciem
968 921 1131 975 patriae
1148 927 1189 962 et
1211 922 1397 961 inimicos
1413 922 1667 962 ulciscendos
1688 937 1786 962 usus

281 974 334 1013 sit
349 991 358 1020 ;
384 988 585 1014 summam
600 976 797 1016 virtutem
811 977 989 1016 oratoris
1006 977 1046 1016 in
1060 992 1156 1017 vero
1169 992 1309 1017 amore
1327 977 1487 1030 patriae
1504 993 1591 1018 esse
1606 979 1786 1031 positam

279 1043 358 1082 —3
365 1043 431 1083 52.
494 1033 637 1084 Atque
658 1032 718 1072 ita
742 1039 934 1085 postremo
964 1033 1091 1072 denuo
1112 1039 1311 1087 provocat
1331 1034 1384 1073 ad
1412 1034 1611 1087 judicium
1633 1034 1786 1087 populi,

280 1086 349 1138 qui
373 1100 464 1125 cum
486 1086 767 1127 laudationem
798 1088 955 1141 proelio
985 1089 1039 1128 ad
1062 1090 1346 1129 Chaeroneam
1376 1104 1601 1136 caesorum,
1624 1094 1671 1129 ut
1692 1104 1785 1143 cog-

281 1142 368 1181 nati
391 1143 554 1195 epulum
576 1144 760 1191 funebre,
784 1144 875 1191 sibi,
899 1159 981 1183 non
1002 1144 1107 1192 aliis,
1128 1144 1398 1191 mandaverit,
1417 1145 1544 1185 etiam
1566 1146 1641 1185 hoc
1662 1146 1786 1185 modo
1827 1197 1830 1201 ι

280 1197 510 1238 luculenter
531 1199 755 1239 declaravit
777 1201 892 1253 cujus
915 1200 1049 1239 verbis
1077 1205 1120 1240 et
1140 1201 1342 1240 voluntati
1366 1201 1588 1254 plurimum
1609 1201 1785 1241 confide-

279 1258 356 1299 ret,
380 1268 501 1306 quem
523 1269 598 1307 pro
620 1270 715 1294 vero
737 1256 869 1296 amico
890 1256 1054 1309 patriae
1075 1257 1405 1309 haberet—352.

336 1310 495 1363 Accipe
516 1325 623 1350 nunc
645 1311 784 1350 ‘ultima
803 1312 1016 1359 orationis,
1038 1313 1075 1364 ξ.
1092 1312 1301 1365 352.—-—ad
1317 1312 1454 1352 finem.
1506 1312 1625 1352 Haec
1648 1312 1786 1353 omnia

278 1378 371 1403 cum
393 1365 452 1405 ita
474 1366 569 1413 sint,
592 1367 664 1411 ait,
683 1371 823 1407 tamen
847 1367 1076 1407 Aeschines
1097 1368 1195 1407 mihi
1217 1368 1379 1421 culpam
1401 1368 1602 1407 malorum
1623 1367 1785 1416 tribuit,

279 1420 347 1472 qui
376 1421 463 1473 ipse
488 1422 541 1461 ab
564 1422 746 1462 hostium
775 1423 964 1476 partibus
995 1424 1127 1471 stetit,
1150 1428 1276 1476 atque
1301 1424 1405 1463 adeo
1427 1428 1689 1474 φιλιππισμοΰ
1720 1438 1786 1463 1116

279 1482 462 1516 accusat.
525 1477 748 1518 Enimvero
769 1479 878 1518 dabo
900 1479 1014 1518 vobis
1036 1494 1249 1519 recensum
1282 1479 1542 1532 proditorum
1563 1493 1637 1532 per
1658 1479 1786 1519 Grae-

278 1531 480 1585 ciam—3³.
504 1535 599 1585 367.
661 1534 767 1572 Tum
798 1535 982 1574 ostendit
1011 1540 1169 1587 quanta
1199 1535 1436 1575 constantia
1466 1535 1553 1588 ipse
1584 1549 1787 1575 summam

280 1588 575 1641 rempublicam
608 1589 828 1629 retinuerit
852 1595 979 1642 atque
1011 1590 1252 1637 defenderit,
1277 1591 1424 1644 quibus
1448 1590 1665 1643 praesidiis
1695 1605 1787 1630 eam

280 1648 427 1683 contra
449 1644 630 1697 Philippi
653 1659 750 1698 opes
780 1646 1074 1699 munierit—33.
1096 1648 1192 1699 378.
1251 1647 1280 1685 J
1284 1661 1351 1686 am
1373 1646 1436 1685 his
1468 1646 1679 1686 laboribus
1709 1661 1785 1699 pro

278 1699 416 1750 patria
437 1700 638 1754 susceptis
660 1701 831 1754 opponit
856 1702 1076 1740 Aeschinis
1107 1701 1307 1741 malitiam
1339 1706 1381 1741 et
1403 1716 1526 1755 segne
1548 1702 1690 1749 otium,
1715 1702 1785 1755 qui

279 1754 381 1793 nihil
410 1770 580 1808 prorsus
611 1757 716 1795 bene
746 1757 994 1809 reipublicae
1012 1758 1168 1804 fecerit,
1192 1757 1500 1797 benevolentiae
1531 1758 1648 1811 signa
1673 1758 1785 1798 nulla

281 1810 469 1855 ediderit,
493 1818 538 1850 at
558 1811 747 1851 hostibus
769 1812 907 1851 omnia
922 1813 1183 1866 gratificatus
1205 1813 1358 1864 sit—§.
1377 1814 1472 1866 387.
1534 1814 1654 1863 Quod
1675 1814 1787 1853 deni-

280 1880 359 1918 que
389 1867 593 1919 majorum
624 1868 873 1907 mentionem
906 1869 1033 1908 faciat
1055 1869 1294 1915 Aeschines,
1319 1883 1407 1908 sese
1427 1868 1683 1908 vohmtatem
1714 1869 1785 1909 ha-

280 1922 377 1961 bere
398 1922 462 1961 his
484 1923 667 1971 similem,
689 1923 815 1963 istum
837 1938 934 1963 vero
955 1924 1323 1964 calumniatoribus
1344 1939 1485 1964 eorum
1506 1929 1596 1964 tum
1617 1924 1785 1965 viventi-

280 1978 357 2016 bus
378 1980 714 2032 conmarandum,
737 1994 784 2019 ac
807 1980 903 2018 dum
926 1980 1004 2020 iste
1025 1980 1193 2020 civitate
1215 1980 1453 2020 calamitate
1475 1995 1673 2034 oppressa
1693 1981 1785 2020 hos-

280 2033 391 2072 tibus
422 2034 674 2081 blandiatur,
697 2050 786 2074 sese
806 2036 904 2075 forti
936 2036 1073 2075 animo
1095 2037 1291 2076 virtutem
1323 2041 1364 2076 et
1385 2036 1713 2076 benevolentiam
1743 2036 1786 2075 in

280 2090 574 2142 rempublicam
616 2091 806 2137 retinere,
850 2092 1056 2131 servilium
1097 2092 1243 2131 civium
1293 2106 1429 2131 mores
1468 2097 1786 2132 aversantem——

282 2147 317 2197 ᾧ.
339 2146 434 2197 398.
498 2147 545 2185 111
577 2147 723 2199 epilogare
754 2147 931 2200 denique
952 2153 1147 2200 precatur
1168 2148 1266 2187 deos
1288 2152 1335 2187 ut
1355 2148 1430 2187 hos
1452 2148 1631 2187 nefarios
1652 2148 1782 2187 homi-

280 2215 351 2239 nes
374 2202 433 2240 vel
456 2202 657 2241 reducant
678 2203 731 2241 ad
762 2203 970 2242 meliorem
992 2204 1164 2256 frugem,
1188 2204 1249 2243 vel
1275 2204 1306 2242 si
1329 2203 1584 2250 obnitantur,
1607 2204 1786 2256 perdant

277 2256 477 2305 funditus,
500 2258 680 2310 patriam
702 2272 798 2297 vero
819 2258 882 2296 his
912 2258 1030 2297 malis
1061 2259 1297 2312 explicitam
1327 2264 1370 2298 et
1399 2259 1618 2298 liberatam
1648 2259 1785 2312 pristi-

280 2326 356 2351 nae
378 2312 561 2352 libertati
584 2318 626 2352 et
647 2313 920 2353 incolumitati
950 2315 1187 2354 restituant.
1251 2315 1317 2354 Ita
1340 2315 1654 2361 Demosthenes,
1677 2329 1784 2354 nunc

279 2368 474 2407 nonnulla
496 2369 545 2407 de
563 2368 625 2407 his
646 2383 897 2408 moneamus.
959 2370 1073 2419 Quae
1089 2370 1392 2409 Demosthenes
1408 2384 1537 2422 usque
1559 2370 1612 2409 ad
1632 2371 1667 2423 ᾇ.
1688 2383 1710 2421 3
1715 2382 1783 2423 52.

280 2423 331 2462 de
352 2424 474 2462 rebus
495 2424 624 2477 gestis
657 2424 740 2462 suis
771 2425 964 2477 exposuit
985 2425 1188 2465 trifariam
1211 2425 1351 2471 divisa,
1376 2426 1628 2478 respondent
1650 2425 1784 2465 tribus

280 2478 470 2530 partibus
490 2479 600 2519 vitae
621 2479 827 2532 prioribus
858 2481 910 2519 ab
935 2481 1144 2520 Aeschine
1175 2481 1406 2533 descriptis,
1429 2495 1476 2520 ac
1503 2496 1595 2520 cum
1626 2480 1785 2520 libellus

279 2534 470 2573 archonti
497 2534 677 2574 traditus
709 2535 763 2574 sit
795 2540 952 2588 septem
984 2551 1144 2576 menses
1176 2542 1271 2590 post
1302 2537 1500 2589 proelium
1530 2536 1584 2576 ad
1606 2536 1785 2576 Chaero-

280 2603 410 2633 neam,
434 2589 546 2629 vides
568 2590 847 2630 defensionem
869 2592 921 2630 ad
948 2593 1107 2643 justum
1129 2592 1352 2631 terminum
1380 2593 1613 2640 deductam,
1636 2596 1784 2644 utpote

279 2646 534 2697 complexam
557 2646 695 2686 omnia
717 2652 907 2700 tempora
938 2653 980 2687 et
1008 2653 1219 2688 momenta
1251 2663 1356 2701 quae
1377 2648 1533 2698 γραφὴν
1553 2652 1783 2687 antecesse—

282 2705 387 2740 rant.
451 2701 570 2751 Quod
597 2702 823 2741 Aeschines
855 2708 1070 2755 praeterea
1092 2708 1284 2756 quartam
1315 2708 1477 2756 partem
1504 2717 1641 2742 rerum
1669 2702 1784 2742 addi-

280 2755 353 2800 dit,
378 2758 488 2809 quod
520 2758 570 2796 de
601 2767 733 2797 morte
758 2758 935 2811 Philippi
968 2764 1010 2798 et
1034 2759 1262 2798 Alexandri
1294 2759 1426 2812 primo
1448 2763 1633 2812 tempore
1655 2758 1783 2811 loqui-

280 2816 359 2858 tur,
384 2813 638 2852 contendens
658 2813 783 2853 etiam
807 2819 896 2853 tum
917 2815 1023 2854 male
1054 2829 1096 2853 se
1116 2815 1291 2868 gessisse
1314 2815 1646 2861 Demosthenem,
1671 2827 1782 2866 egre-

280 2865 392 2904 ditur
411 2868 631 2908 manifesto
653 2869 875 2909 terminum
902 2870 1037 2917 libelli,
1060 2885 1134 2909 nec
1156 2871 1279 2923 positi
1301 2874 1422 2910 erant
1442 2870 1484 2908 hi
1507 2871 1649 2918 ἔξωθεν
1668 2867 1782 2918 λόγοι

279 2920 319 2961 in
342 2922 528 2961 oratione
549 2924 690 2963 habita
714 2925 766 2963 ab
789 2939 836 2963 eo
858 2930 955 2965 ante
976 2926 1145 2978 judices.
1170 2926 1365 2978 quoniam
1387 2925 1540 2964 nullum
1561 2924 1671 2977 apud
1695 2924 1776 2962 De-
