1935 3205
640 140 1036 180 1’RA1‹]1·‘A'1‘1‹›.
1522 139 1587 177 xix

81 248 274 289 tarditate,
304 249 340 284 in
372 249 502 296 primis
533 248 715 284 bonarum
749 248 960 284 litterarum
995 247 1171 289 exordiis,
1201 247 1237 281 iu
1270 254 1377 281 tanta
1405 246 1658 282 subsidio-vii

80 325 162 348 rum
185 313 402 348 criticorum
435 313 606 360 penuria,
630 320 882 360 exspectetur.
944 314 1025 348 Imo
1048 313 1176 348 insunt
1198 312 1229 347 ci
1256 311 1397 346 multae
1419 310 1591 357 egregiae

81 377 276 417 lectiones,
300 389 393 424 quas
414 385 557 412 temere
578 377 624 412 ab
645 377 825 413 insecutis
846 377 1057 413 editoribus
1087 377 1280 423 neglectas
1304 387 1458 410 ncccssc
1481 372 1550 408 fuit
1572 386 1593 407 a

81 453 142 476 me
163 453 291 476 rursus
312 441 357 477 ad
380 441 503 476 lucem
527 449 565 476 et
585 454 695 476 usum
724 442 895 478 revocari
917 449 1029 489 atque
1050 441 1246 475 vindicari.
1306 438 1471 474 I'racfuit
1491 437 1591 472 cuim

82 505 241 540 editioni
262 505 328 545 illi,
351 505 386 541 id
410 506 509 552 quod
532 506 746 553 suspicione
776 519 852 542 non
884 519 1037 554 prorsus
1059 503 1299 552 improbabili
1321 516 1340 538 e
1362 502 1486 538 verbis
1509 501 1593 536 Aldi

82 569 232 617 colligo,
255 569 588 609 Carteromachus,
611 570 668 604 vir
689 570 837 606 Graece
860 570 1072 617 Latineque
1103 568 1368 609 doctissimus;
1402 579 1512 613 quem
1545 565 1591 600 ab

82 645 183 668 anno
205 645 316 681 1500.
339 634 384 669 ad
409 645 515 681 1507.
538 634 800 682 typographeo
822 634 960 669 Aldino
981 642 1169 669 rectorem
1194 644 1393 679 operarum
1417 639 1454 666 et
1476 630 1592 665 eden-

82 697 216 733 dorum
249 710 406 745 operum
443 706 640 733 auctorem
672 698 1016 744 inspectoremque,
1047 710 1159 744 quem
1193 697 1305 732 hodie
1337 703 1592 731 correctorem

82 761 290 809 appellant,
327 760 533 809 praefuisse
572 769 735 797 constat.
806 763 884 796 Cur
922 762 1088 796 thermas
1127 760 1294 808 appellet
1329 760 1448 794 Aldus
1486 771 1591 794 suam

81 826 269 861 officinam
293 826 621 874 typographicam,
644 825 681 860 id
701 837 792 860 vcro
823 837 898 860 non
929 824 1114 873 intelligo.
1173 825 1255 859 Nisi
1283 824 1309 858 si
1337 824 1371 859 id
1404 836 1507 858 more
1538 823 1592 858 sni

81 890 223 925 saeculi
245 889 347 931 fecit,
367 902 440 936 quo
462 889 657 937 probabile
679 897 736 924 est
757 889 936 924 balneum
953 889 1014 924 vel
1035 889 1202 924 thermas
1223 889 1457 936 appellatum
1478 887 1593 923 fuisse

81 954 197 995 idem,
219 954 319 1001 quod
342 966 410 989 nos
430 953 544 989 hodie
565 953 753 989 officinam
780 953 1029 1001 appellamuS,
1052 954 1242 988 interdum
1265 966 1413 1000 quoque
1435 965 1595 1000 vapora-

81 1019 193 1059 rium,
214 1018 315 1066 quod
336 1017 522 1067 ejusmodi
543 1017 716 1053 officinae
737 1016 954 1052 fornacibus
974 1017 1012 1051 in
1034 1029 1143 1052 usum
1166 1029 1365 1064 operarum
1388 1017 1596 1052 instructae

82 1090 221 1123 essent,
257 1094 304 1118 ne
338 1094 407 1130 per
436 1082 615 1128 hyemem
651 1082 699 1116 ob
733 1081 881 1127 frigoris
915 1081 1114 1116 saevitiem
1150 1081 1196 1116 ab
1231 1094 1344 1129 opere
1380 1081 1593 1117 feriandum

82 1155 195 1183 esset.
254 1145 542 1181 Subobscurum
576 1145 669 1180 mihi
700 1146 792 1181 item
824 1145 895 1180 hoc
927 1153 997 1185 est,
1030 1145 1131 1191 quod
1164 1145 1211 1180 de
1244 1146 1436 1192 paucitate
1467 1157 1593 1181 exem-

82 1211 258 1258 plarium,
273 1223 371 1258 quae
389 1210 523 1246 excudi
540 1210 742 1251 curaverit,
757 1209 951 1245 admonet.
996 1209 1148 1244 Inducit
1170 1222 1229 1245 me
1247 1217 1375 1245 tamen
1398 1209 1468 1244 iste
1489 1210 1595 1245 locus

81 1276 120 1310 in
150 1275 419 1322 suspicionem,
446 1286 544 1321 quae
579 1274 736 1309 dubium
772 1274 963 1321 expediat,
993 1286 1059 1308 cur
1086 1272 1207 1308 Aldus
1239 1273 1373 1309 eodem
1407 1285 1506 1308 anno
1538 1273 1594 1308 bis

84 1339 384 1376 Demosthenem
416 1338 598 1378 ediderit;
635 1337 681 1373 de
712 1350 788 1384 quo
824 1345 929 1372 certo
961 1345 1123 1378 constat,
1155 1337 1329 1384 quamvis
1362 1348 1439 1372 rem
1473 1337 1594 1384 ipsam

83 1404 242 1440 mireris.
300 1405 407 1439 Duae
436 1403 568 1450 utique
599 1410 687 1437 sunt
712 1402 871 1438 Aldinae
897 1401 1197 1437 Demosthenisb
1223 1413 1300 1436 non
1331 1414 1463 1448 parum
1495 1401 1596 1437 inter

83 1479 122 1502 se
143 1467 416 1514 discrepantes,
438 1466 503 1502 sed
529 1466 692 1502 eundem
723 1466 858 1501 ambae
889 1478 1032 1500 annum
1062 1464 1333 1513 praeferentes,
1356 1465 1596 1513 eandemque

83 1530 373 1578 praefationem,
394 1530 542 1579 paginis
566 1530 658 1565 item
680 1537 719 1565 et
738 1542 916 1565 versuum
938 1542 1098 1565 numero
1118 1529 1220 1564 inter
1240 1541 1278 1564 se
1298 1530 1595 1566 consentientes.

84 1596 128 1630 In
157 1594 386 1631 lectionibus
416 1601 545 1629 autem
576 1605 689 1641 saepe
719 1606 741 1629 a
770 1606 809 1629 se
840 1593 1001 1628 multum
1025 1592 1249 1634 diseedunt3
1281 1593 1317 1629 id
1340 1594 1440 1641 quod
1466 1594 1595 1629 statim

82 1659 239 1707 planum
270 1658 407 1694 faciam
438 1658 618 1706 exemplis
647 1657 865 1705 prodendis,
888 1669 984 1705 quae
1013 1657 1169 1693 dubium
1200 1657 1272 1693 hac
1302 1658 1348 1693 de
1378 1670 1418 1694 re
1449 1659 1595 1693 nullum

82 1724 313 1771 relinquant.
362 1722 526 1759 Videtur
554 1734 693 1770 nempe
716 1722 831 1758 Aldus
861 1734 919 1764 eo,
942 1722 1041 1769 quod
1071 1733 1193 1769 pauca
1222 1722 1490 1758 tantummodo
1520 1723 1595 1758 De-

83 1787 292 1823 mosthenis
321 1786 556 1835 exemplaria
584 1793 754 1822 curasset
783 1785 931 1827 excudi,
955 1785 1136 1826 effecisse,
1160 1794 1201 1820 ut
1231 1785 1306 1821 cito
1336 1798 1381 1821 ea
1410 1786 1595 1822 distrahe-

83 1859 227 1887 rentur.
286 1849 584 1898 Requirentibus
615 1849 743 1896 itaque
774 1857 812 1885 et
839 1849 1100 1898 flagitantibus
1130 1849 1362 1896 exemplaria
1390 1862 1411 1884 a
1440 1862 1478 1886 se
1508 1850 1597 1886 satis

83 1915 164 1950 fleri
193 1915 303 1950 aliter
328 1926 404 1950 non
435 1926 546 1962 posse
566 1914 700 1949 videns
720 1914 854 1955 Aldus,
877 1926 991 1961 quam
1022 1926 1122 1948 nova
1151 1914 1387 1949 instituenda
1416 1914 1594 1955 editione,

83 1991 213 2014 rursus
234 1978 370 2014 eodem
395 1990 494 2013 anno
516 1978 817 2013 Demosthenem
845 1977 972 2025 praelo
994 1989 1061 2012 suo
1083 1977 1269 2018 submisit,
1292 1977 1355 2012 sed
1378 1977 1597 2026 diligentius
1610 1991 1684 2014 v111

84 2049 122 2078 et
149 2055 168 2078 e
199 2042 421 2077 melioribus
450 2041 646 2078 codicibus
677 2041 949 2076 emaculatum.
1008 2041 1145 2076 Prioris
1174 2041 1353 2076 editionis
1383 2041 1598 2089 exemplum

84 2118 202 2154 penes
231 2106 480 2153 Obsopoeum
516 2104 598 2146 fuit,
631 2113 669 2140 et
698 2105 1020 2152 Mounteneyum,
1053 2112 1102 2145 et,
1134 2104 1232 2151 quod
1269 2105 1451 2151 suspicor,
1483 2106 1597 2140 etiam

84 2182 202 2218 penes
232 2169 464 2217 Taylorum3
502 2169 595 2204 mihi
625 2169 772 2204 nullum
802 2169 911 2204 licuit
939 2181 1147 2216 usurpare;
1183 2170 1401 2216 posterioris
1430 2170 1507 2205 vidi
1538 2183 1600 2205 ex-

85 2235 211 2282 empla
239 2234 327 2275 duo,
350 2246 483 2275 unum,
505 2233 604 2280 quod
622 2233 832 2269 VVeimaria
852 2233 1171 2269 Bartholomaeus
1189 2232 1238 2268 V.
1263 2233 1304 2268 C.
1328 2233 1373 2268 ad
1396 2246 1456 2269 mc
1480 2234 1596 2277 misit,

85 2311 160 2345 quo
180 2311 257 2334 non
277 2298 386 2333 licuit
407 2297 499 2333 mihi
520 2297 604 2345 plus
621 2310 736 2345 quam
758 2297 913 2333 octiduo
934 2297 988 2332 uti
1005 2312 1011 2337 ;
1045 2297 1222 2337 alterum,
1239 2297 1340 2344 quod
1360 2298 1598 2346 indulgentia

84 2362 239 2398 Ordinis
257 2362 492 2410 Amplissimi
516 2362 737 2409 Lipsiensis,
759 2374 803 2397 ex
828 2365 908 2410 ejus
938 2361 1173 2396 bibliotheca
1200 2361 1366 2408 publica,
1387 2369 1469 2396 toto
1491 2361 1596 2397 bien-

84 2427 148 2462 nio
168 2439 286 2475 penes
307 2439 367 2462 me
388 2426 517 2462 habui.
565 2426 691 2469 Quam
712 2426 878 2473 plurima
896 2425 1008 2474 hujus
1028 2425 1082 2460 rei
1104 2425 1280 2472 exempla
1300 2435 1338 2460 et
1358 2433 1597 2474 argumenta,

87 2491 187 2526 unde
214 2498 377 2532 constet,
398 2490 445 2525 ab
466 2489 583 2532 Aldo,
605 2490 741 2525 eodem
772 2501 887 2530 anno,
910 2489 1016 2530 duas,
1039 2489 1140 2524 inter
1168 2501 1207 2524 se.
1237 2489 1506 2536 discrepantes,
1528 2490 1597 2524 sub

85 2554 221 2590 eodem
251 2554 378 2595 titulo,
406 2553 591 2601 prodiisse
613 2553 883 2589 Demosthenis
912 2554 1077 2594 ἐκδόσεις,
1101 2552 1246 2588 dabunt
1275 2553 1447 2601 singulae
1476 2565 1598 2599 paene

85 2620 246 2668 paginae
280 2619 380 2662 libri,
410 2631 484 2666 quo
514 2619 739 2654 varietatem
774 2617 949 2653 lectionis
983 2618 1305 2653 Demosthenicae
1343 2617 1597 2663 undecunque

85 2683 340 2730 conquisitam
362 2682 571 2722 exhibeb0;
603 2695 714 2729 quem
736 2682 890 2723 librum,
915 2681 1014 2729 quod
1037 2681 1074 2716 in
1103 2681 1242 2716 molem
1272 2680 1512 2728 grandiorem
1535 2693 1598 2715 ex-

87 2747 252 2787 cederet,
268 2746 355 2782 ideo
375 2745 519 2792 placuit
535 2758 556 2780 a
576 2746 722 2792 reliquo
738 2757 896 2792 corpore
918 2753 1133 2780 nostrarum
1156 2744 1449 2779 annotationum
1472 2757 1597 2793 segre-

130 2890 147 2912 b
177 2889 242 2928 [De
257 2889 379 2919 duabus
395 2888 469 2918 Aldi
491 2889 680 2919 editionibus
704 2888 782 2919 falsa
806 2888 959 2918 nonnulla
979 2888 1029 2917 hic
1048 2887 1176 2918 tradidit
1195 2887 1352 2925 Reiskius,
1371 2899 1449 2926 :piae
1465 2889 1599 2918 correxit

88 2943 171 2972 iufra
188 2945 213 2980 ξ
233 2942 280 2972 28.
315 2942 354 2972 G.
382 2942 525 2981 DIND]

813 2997 834 3030 l)
860 3008 875 3030 2
