1934 3179
307 154 389 195 562
707 158 784 197 DE
818 158 1015 197 FALSA
1050 157 1410 198 LEGATIONE.

308 258 488 300 Aristot.
513 260 637 300 Rhet
663 273 842 314 2,11,7.
864 275 903 315 3,
928 274 964 312 7,
989 275 1025 314 7.
1053 275 1092 325 3,
1121 275 1182 310 12,
1212 264 1269 311 2.)
1340 262 1450 301 Such
1483 275 1654 315 persons
1680 262 1813 302 would

308 315 411 367 prob
414 315 508 368 ale
530 293 747 356 introduce
768 318 857 357 into
878 318 988 357 their
1011 294 1182 357 W¹⁷1itten
1201 318 1395 370 speeches
1420 332 1543 370 many
1564 317 1813 357 far-fetched

308 369 519 419 allusions,
541 372 623 410 and
653 387 850 435 passages
881 373 986 412 from
1016 373 1089 412 the
1116 373 1182 412 old
1213 378 1332 426 poets
1359 373 1449 412 who
1470 387 1576 412 were
1606 373 1814 427 generally

308 403 524 479 neglected
555 426 596 465 in
623 428 742 467 those
764 428 937 482 stirring
961 428 1045 467 and
1072 428 1221 476 active,
1242 429 1325 468 and
1351 429 1558 468 therefore
1584 429 1815 482 unreading

308 480 442 521 times
506 484 649 522 Hence
683 484 755 523 the
777 484 889 522 word
911 484 1043 523 would
1076 484 1216 536 nearly
1236 489 1307 537 get
1339 484 1412 523 the
1443 484 1636 538 meaning
1669 484 1714 523 of
1739 499 1815 524 ou1¹

298 537 465 589 pedani.
529 538 624 587 (See
645 539 775 578 below
798 540 834 590 ᾧ.
860 540 973 591 280.)
1036 540 1150 579 That
1176 539 1210 579 it
1232 554 1313 579 was
1340 540 1476 579 used
1467 554 1509 578 1n
1535 554 1589 579 an
1615 539 1814 593 omorobri-

307 606 374 631 ous
407 606 521 639 suase,
549 593 582 631 is
623 595 762 634 stated
798 595 852 648 by
879 595 1026 634 Thom.
1063 596 1179 649 Mag.
1212 609 1251 647 p.
1273 597 1368 647 580.
1405 596 1495 634 who
1528 599 1675 648 quotes
1709 595 1815 634 from

305 661 489 700 memory
522 648 606 687 this
639 664 814 704 passage
850 665 896 690 as
932 651 1037 690 flom
1073 651 1123 689 de
1153 650 1326 697 Corona,
1359 651 1442 690 and
1474 650 1508 689 is
1540 651 1726 690 attested
1761 651 1816 704 by

308 703 431 743 Plato
454 693 634 743 Phaedr.
657 720 695 758 p.
713 718 788 758 257
813 706 856 746 C.
890 707 950 745 καὶ
972 708 1045 757 γαρ
1067 723 1122 747 τις
1144 707 1260 745 αὐτόν
1285 706 1364 758 (Ly
1367 706 1522 756 sias)..
1537 706 1720 758 ,ἔναγχος
1739 710 1816 746 τῶν

305 763 514 799 πολιτικῶν
544 760 642 799 τοῦτ’
667 762 758 800 αὐτὸ
785 765 973 812 λοιδορῶν
1005 762 1171 808 ὠνείδιζε
1204 778 1264 800 και
1291 764 1352 801 διὰ
1378 761 1505 811 πάσης
1530 778 1595 811 της
1619 763 1816 813 λοιδορίας

307 814 437 854 ἐκάλει
464 815 732 866 λογογράφον,
756 817 837 856 and
860 817 909 855 D.
935 819 1051 866 δόξαν
1077 817 1427 867 φοβούμενοι...μὴ
1450 818 1637 868 σοφισταὶ
1664 821 1813 857 καλῶν-

307 886 382 915 ται,
412 870 543 909 which
578 871 707 911 shews
744 873 839 912 that
869 873 1121 924 λογογράφος
1155 872 1238 912 and
1275 873 1467 924 σοφιστης
1497 887 1602 912 11010
1637 873 1737 912 used
1770 877 1815 912 to

307 939 460 979 convey
482 927 553 966 the
585 941 698 967 same
728 928 832 968 idea.
894 928 1036 981 (⁴omp.
1059 928 1146 967 also
1170 928 1314 967 Alexis
1348 943 1414 980 ap.
1437 929 1594 968 Athen.
1619 942 1657 980 9.
1679 944 1717 982 p.
1732 929 1813 982 383

307 982 359 1020 E.
393 985 530 1034 πολλῷ
552 981 586 1033 γ’
611 984 791 1033 ἀμεινων,
816 983 864 1025 ὥς
891 984 1028 1033 ἔοικας,
1051 983 1137 1033 ι”Ῑσθ
1161 984 1234 1034 ἄρα
1260 984 1264 1033 Ι
1292 984 1577 1035 λογογράφος
1567 1002 1588 1034 η
1619 984 1814 1036 μάγειρος.

307 1037 620 1078 SHILLETO

363 1105 458 1143 417,
485 1106 549 1145 29
584 1095 808 1148 ἀποκαλῶν]
846 1096 1073 1136 C'ontemtim
1104 1110 1256 1143 vocans,
1279 1096 1544 1148 conjunctum
1573 1109 1665 1134 cum
1693 1097 1742 1137 ὡς
1774 1097 1817 1135 ἐν

306 1150 446 1188 ὀνείδει
467 1164 533 1202 ap.
558 1149 721 1189 Platon.
747 1151 861 1205 Gorg
865 1167 934 1205 p.
951 1162 1033 1205 512
1057 1152 1101 1192 C
1161 1151 1473 1190 SHILLETO.

362 1205 457 1254 418,
485 1218 520 1245 2.
544 1205 711 1259 τούτοις]
736 1206 901 1247 Scilicet
922 1212 1001 1249 τοῖς
1023 1209 1228 1257 σκώμμασι
1245 1207 1306 1246 vel
1328 1209 1509 1252 ὀνείδεσι,
1527 1206 1628 1246 lais
1612 1207 1708 1260 zpsz‘s
1720 1220 1816 1259 pro-

305 1259 397 1308 biis,
417 1260 540 1300 scilic.
563 1265 614 1314 τῷ
638 1261 735 1300 εἶναι
757 1263 1007 1314 λογογράφος
1029 1264 1089 1302 καὶ
1111 1263 1317 1313 σοφιστής.
1379 1262 1546 1315 Colligit
1567 1262 1637 1301 Sic.
1701 1262 1816 1302 Solet

308 1316 539 1355 Aeschines
569 1302 671 1356 alios
702 1318 970 1366 subsannare,
994 1318 1027 1358 si
1057 1319 1126 1371 qui
1158 1323 1358 1365 orator,es
1382 1317 1423 1356 id
1451 1318 1561 1371 quod
1591 1332 1668 1371 ego
1693 1318 1814 1365 facio,

306 1371 417 1411 locos
438 1377 658 1412 auctorum
676 1372 869 1413 lectiores
885 1374 1072 1426 salesque
1094 1388 1143 1413 ex
1160 1373 1415 1426 antiquitate
1432 1373 1610 1421 erudita,
1628 1373 1817 1426 inprimis

307 1427 487 1480 poetica,
508 1428 591 1467 suis
623 1429 882 1468 orationibus
913 1430 1183 1483 adspergant,
1209 1429 1519 1482 ludimagistros
1550 1443 1619 1468 eos
1649 1428 1816 1482 appelli-

307 1488 401 1522 tans
419 1483 664 1536 jejunosque
686 1489 812 1537 atque
834 1485 1054 1532 famelicos,
1074 1485 1308 1524 mercedula
1330 1484 1572 1524 victitantes
1591 1499 1641 1523 ex
1663 1484 1816 1524 oratio-

308 1538 429 1577 nibus
451 1539 636 1586 collecta,
652 1554 754 1592 quas
775 1540 918 1579 alienis
939 1541 980 1579 in
1002 1540 1157 1580 caussis
1179 1556 1204 1579 ξι
1224 1555 1266 1579 se
1289 1540 1548 1593 conscriptas
1568 1539 1816 1593 rogantibus

308 1594 503 1641 vendunt,
526 1594 742 1634 immemor
762 1610 920 1649 nempe,
943 1596 1086 1649 culpae
1108 1596 1242 1648 hujus,
1267 1596 1299 1634 si
1322 1610 1404 1648 qua
1426 1601 1504 1642 est,
1526 1595 1749 1648 ipsummet
1772 1610 1815 1635 se

308 1654 543 1689 consortem
564 1664 663 1689 esse.
718 1651 1133 1713 Ludimagistr¹o1um
1155 1651 1263 1690 enim
1290 1651 1322 1690 si
1350 1656 1415 1690 est
1441 1655 1658 1690 auctorum
1679 1651 1816 1690 classi-

309 1718 463 1753 corum,
487 1719 590 1758 quos
611 1706 749 1758 p11e1is
779 1706 1257 1760 interpretantur,locos
1285 1706 1369 1745 suis
1397 1706 1817 1746 commentationibus

308 1759 508 1809 intexere,
528 1761 817 1815 ludimagister
838 1767 902 1802 est
928 1762 1015 1815 ipse
1038 1777 1201 1825 quoque
1223 1761 1463 1809 Aeschines,
1487 1761 1555 1814 qui
1578 1776 1628 1800 ex
1653 1761 1816 1815 Euripi-

310 1815 372 1855 dis
391 1816 599 1878 Phoenice
615 1817 749 1856 locum
766 1818 989 1881 J‘udicibus
996 1833 1063 1857 1e(
1067 1818 1196 1865 itant
1215 1818 1240 1856 f
1233 1818 1356 1857 ι11111ξι
1372 1817 1432 1857 ita
1448 1831 1595 1870 parum
1613 1817 1815 1871 populari,

311 1876 358 1911 ut
374 1871 441 1911 vix
459 1872 698 1912 doctissimo
716 1874 864 1926 cuique
881 1873 1045 1913 nomine
1061 1878 1183 1913 tenus
1199 1878 1302 1913 nota
1321 1873 1399 1913 sit:
1432 1887 1555 1926 quem
1574 1872 1707 1912 locum
1724 1887 1817 1912 cum

309 1942 330 1966 e
367 1928 529 1968 scenica
569 1929 748 1980 quadam
788 1929 1001 1969 auditione
1042 1944 1123 1968 non
1163 1929 1364 1976 hauserit,
1400 1942 1565 1968 necesse
1605 1933 1668 1968 est
1707 1933 1755 1969 ut
1794 1942 1817 1968 0

308 1983 483 2023 lectione
505 1984 667 2023 fabulae
693 1984 798 2023 illius
818 1989 1029 2025 vetustate
1051 1985 1262 2025 obsoletae
1283 1989 1325 2024 et
1353 1998 1404 2023 ex
1432 1984 1645 2023 hominum
1664 1998 1817 2023 memo-

310 2038 373 2078 ria
403 2039 592 2078 sublatae
613 2045 786 2080 venatus
813 2040 881 2080 sit.
943 2041 995 2080 V.
1018 2056 1059 2094 p.
1078 2054 1173 2091 420,
1199 2053 1234 2080 2.
1257 2055 1310 2079 ss.
1344 2040 1538 2079 REISK.
1602 2039 1732 2079 Simul
1757 2040 1817 2079 in-

310 2094 471 2147 telligas
503 2109 627 2147 quam
659 2110 808 2148 parum
848 2096 1018 2135 honoris
1054 2102 1226 2136 actuosa
1267 2096 1430 2135 illorum
1465 2102 1701 2148 temporum
1731 2095 1817 2136 vita

310 2150 463 2189 litteris
485 2150 782 2204 doctrinaeque
803 2151 1010 2191 habuerit.
1076 2151 1325 2192 SOHAEF.

369 2207 464 2255 418,
487 2216 526 2258 5.
561 2209 609 2245 τὰ
630 2208 737 2256 τρίτα
757 2206 903 2259 λέγων]
944 2207 1123 2260 Egregie
1149 2207 1331 2260 explicat
1354 2206 1562 2254 Valesius,
1584 2206 1682 2245 dum
1708 2220 1816 2246 com-

312 2265 526 2300 mentatur
558 2262 611 2300 ad
639 2276 677 2314 p.
701 2273 789 2314 197.
851 2262 1055 2302 Notarum
1079 2262 1291 2302 Maussaci
1323 2263 1377 2302 ad
1399 2262 1607 2315 Harpocr.
1667 2261 1817 2301 Simili-

312 2321 377 2355 ter
401 2316 454 2354 H.
480 2316 718 2368 Stephanus
741 2317 864 2356 Thes.
891 2317 937 2356 L.
957 2318 1029 2357 Gr.
1051 2318 1127 2357 vol.
1156 2332 1184 2357 1.
1207 2318 1281 2357 col.
1302 2331 1409 2367 104,
1431 2317 1500 2369 qui
1522 2317 1649 2357 etiam
1669 2316 1817 2357 antici-

313 2371 427 2424 pavit
459 2372 739 2423 conjecturam
762 2372 918 2412 Valesii
952 2372 993 2411 in
1026 2373 1103 2412 hoc
1134 2374 1224 2412 loco
1248 2373 1462 2412 Plutarchi
1496 2373 1549 2412 de
1574 2373 1678 2425 Rep.
1712 2373 1817 2412 bene

311 2427 506 2480 gerenda,
544 2427 628 2466 scil.
663 2429 809 2466 ἄτοπον
844 2427 918 2479 γάρ
953 2430 1036 2467 ἐστι
1077 2428 1145 2467 τὸν
1182 2430 1224 2468 ἐν
1259 2429 1451 2480 τραγῳδίᾳ
1489 2428 1817 2478 πρωταγωνιστὴν

314 2484 523 2531 Θεόδωρον
554 2482 576 2531 ἢ
600 2486 745 2522 Πῶλον
777 2485 871 2522 ὅντα
899 2486 1078 2537 μισθωτῷ
1111 2486 1162 2537 τῷ
1193 2486 1241 2523 τὰ
1267 2485 1374 2533 τρίτα
1402 2487 1502 2535 (non
1529 2485 1630 2533 τρία)
1658 2483 1817 2534 λέγοντι

312 2538 503 2578 πολλάκις
535 2538 698 2577 ἕπεο-θαι
730 2539 791 2577 καὶ
817 2539 1173 2589 προσδιαλέγεσθαι
1202 2542 1400 2585 ταπεινῶς,
1424 2538 1471 2578 ἂν
1498 2540 1642 2580 ἐκεῖνος
1675 2539 1746 2592 ἔχῃ
1773 2539 1816 2577 τὸ

313 2594 475 2642 διάδημα
497 2594 558 2632 καὶ
573 2594 617 2631 τὸ
641 2596 850 2644 σκῆπτρον.
912 2594 1152 2647 Adjungere
1168 2594 1292 2634 liceat
1310 2594 1538 2647 Ulpianum
1559 2594 1611 2633 ad
1630 2593 1748 2633 Orat.
1766 2594 1817 2633 de

315 2650 436 2695 Pace,
465 2652 512 2687 ut
550 2648 705 2701 optime
738 2649 985 2688 emendatur
1017 2664 1042 2688 a
1073 2649 1301 2689 Lambino:
1337 2651 1388 2688 Οἱ
1423 2651 1578 2700 ἀρχαῖοι
1611 2650 1818 2698 ὑποκριτὰς

314 2705 480 2743 ἐκάλουν
501 2704 588 2744 τοὺς
611 2708 679 2742 νῦν
702 2705 900 2756 κωμῳδοὺς
923 2705 983 2743 καὶ
1004 2706 1220 2757 τραγῳδοὺς
1244 2704 1493 2755 λεγομένους·
1527 2705 1631 2742 οὗτοι
1652 2705 1693 2742 δὲ
1714 2704 1817 2753 ἦσαν

315 2764 426 2808 τρεῖς,
450 2760 469 2796 ὁ
501 2760 572 2806 μὲν
604 2760 938 2808 πρωταγωνιστὴς,
963 2761 982 2797 ὁ
1014 2762 1054 2798 δὲ
1081 2760 1444 2810 δευτεραγωνιστὴς,
1468 2761 1488 2798 ὁ
1522 2760 1563 2798 δὲ
1595 2774 1816 2809 τριταγωνι-

316 2814 420 2862 στής.
482 2814 540 2852 Et
560 2818 711 2859 tamen,
734 2814 829 2854 licet
850 2814 1055 2854 tertianus
1084 2815 1150 2853 ille
1176 2819 1295 2854 actor
1316 2814 1479 2853 infimae
1508 2818 1616 2853 esset
1641 2813 1816 2852 conditi-

315 2869 415 2913 onis,
442 2869 668 2907 Aeschines
685 2874 837 2916 noster,
857 2869 924 2922 qui
948 2869 1049 2909 istas
1071 2875 1212 2922 partes
1233 2870 1330 2919 egit,
1348 2870 1568 2909 Creontem
1589 2868 1629 2907 in
1651 2873 1815 2921 tragoe-

315 2924 383 2962 dia
400 2924 572 2976 fingitur
588 2930 938 2976 repraesentasse.
989 2926 1005 2963 I
1011 2926 1035 2963 d
1053 2925 1287 2964 enucleabit
1303 2924 1481 2977 scriptor
1498 2924 1812 2971 vetustissimus,
