1934 3179
284 127 368 165 330
840 126 955 166 PRO
987 125 1238 167 CORONA.

283 226 394 280 lippo
416 232 562 281 pactus
584 233 690 268 erat.
722 228 964 268 resistentes
985 232 1126 268 tamen
1147 228 1271 267 urbes
1293 227 1358 267 hic
1374 227 1411 267 vi
1428 227 1539 281 cepit
1559 243 1607 269 ac
1629 226 1791 276 delevit,

282 282 372 322 aliis
403 283 611 336 praesidia
642 283 850 337 imposuit.
914 282 1132 336 Epistolab
1158 283 1315 336 scripta
1337 287 1400 323 est
1431 288 1527 336 post
1547 289 1792 337 occupatam

282 353 309 378 a
343 352 439 392 rege
477 338 716 386 Phocidem,
755 339 852 377 dum
888 338 1245 392 Amphictyonum
1280 338 1498 378 concilium
1543 339 1790 386 habebatur,

282 394 483 433 archonte
517 393 664 433 Attico
701 394 859 434 Archia
894 394 977 445 (Ol.
1007 395 1096 441 108
1119 395 1193 446 3..)
1230 408 1371 433 mense
1408 394 1792 434 Hecatombaeone.

284 448 623 489 BOEHNECK.
685 449 856 500 Quaest.
879 449 956 489 vol.
983 463 1016 489 1.
1039 464 1078 503 p.
1101 451 1197 497 418.
1249 449 1484 502 Epistolam
1524 454 1659 490 totam
1701 464 1792 504 spu-

283 503 388 543 iiam
420 518 507 543 esse
539 504 758 558 disputant
788 505 1038 545 Brueckner.
1062 519 1102 558 p.
1123 506 1219 558 387
1252 505 1453 558 Droysen.
1477 520 1516 558 p.
1541 518 1789 558 921—924:

284 559 467 599 defendit
490 560 728 600 Voemelius
750 574 787 614 3.
811 576 850 615 p.
874 574 935 614 13.

343 618 435 667 238,
462 617 526 654 26.
559 618 606 655 τὰ
627 619 724 656 κατὰ
744 633 813 665 την
834 616 1007 669 Φωκίδα]
1046 615 1211 669 Oppida
1235 615 1445 656 Phocidis.
1509 616 1734 656 DISSEN.

344 672 436 721 238,
462 683 525 722 27.
557 672 634 710 ὅσα
655 673 727 721 μὲν
750 673 934 714 ἑκουσίως
954 674 1205 720 προσετίθετο
1228 676 1302 710 τῶν
1323 672 1589 721 πολισμάτων.
1643 671 1794 712 Utitur

283 725 436 765 leniore
452 727 590 772 verbo,
608 741 684 779 pro
700 741 737 766 se
756 726 999 780 subjecerunt
1020 726 1161 766 dicens
1181 741 1218 766 se
1237 727 1508 779 adjunxerunt
1519 726 1708 780 partibus
1728 742 1794 767 ozo-

282 781 388 829 stris,
412 781 462 820 cf.
484 796 523 834 p.
551 794 643 834 293.
674 786 718 822 et
740 783 859 823 Orat.
881 783 975 823 adv.
1000 782 1136 836 Epist.
1162 782 1344 836 Philippi
1366 797 1404 835 p.
1430 793 1518 835 154.
1566 783 1790 823 DISSEN.

343 837 435 890 238,
462 838 525 877 28.
559 838 654 877 αὐτὰ
675 842 771 891 post
793 839 1075 890 εἰσαγηοχότας
1102 838 1349 891 typothetae
1371 838 1491 891 culpa
1518 838 1720 878 remansit
1741 853 1791 879 ex

283 898 422 932 vetere
443 892 620 932 lectione
643 895 696 935 εἰς
717 893 824 933 αὐτά.
886 893 1096 933 Deleatur.

342 960 362 987 2
368 961 435 1001 39,
459 961 492 988 1.
521 951 616 988 κατὰ
637 948 1157 1002 κράτος-κατεσκάψαμεν]
1183 948 1319 1000 Aliter
1336 949 1639 989 Demosthenes
1660 949 1792 989 tradit

283 1003 333 1043 de
362 1003 465 1043 falsa
494 1004 618 1058 legat.
641 1019 678 1057 p.
696 1008 793 1058 360.
826 1005 869 1044 τὸ
899 1007 1087 1054 μηδεμίαν
1118 1009 1194 1043 τῶν
1223 1006 1379 1044 πόλεων
1409 1008 1485 1044 τῶν
1517 1006 1560 1044 ἐν
1590 1008 1793 1044 Φωκεῦσιν

283 1061 432 1099 ἁλῶναι
455 1061 659 1113 πολιορκίᾳ
679 1059 763 1110 μηδ’
787 1062 828 1100 ἐκ
854 1063 1085 1111 προσβολῆς
1111 1062 1206 1099 κατὰ
1237 1060 1384 1110 κράτος,
1408 1059 1498 1099 ἀλλ’
1523 1062 1564 1099 ἐκ
1585 1064 1651 1099 τοῦ
1683 1062 1792 1100 σπεί-

283 1118 431 1154 σασθαι
463 1115 610 1157 πάντας
645 1117 764 1166 ἄρδην
796 1117 1031 1161 ἀπολέσθαι,
1067 1115 1255 1166 μέγιστόν
1296 1117 1380 1154 ἐστι
1421 1120 1584 1164 σημεῖον
1623 1119 1690 1154 τοῦ
1730 1118 1792 1155 διὰ

282 1172 439 1212 τούτους
471 1170 704 1212 πεισθέντας
737 1172 872 1212 αὐτοὺς
905 1173 954 1212 ὡς
979 1171 1052 1210 ὑπὸ
1080 1175 1147 1210 τοῦ
1174 1172 1372 1210 Φιλίππου
1404 1170 1648 1220 σωθήσονται
1674 1174 1793 1210 ταῦτα

283 1229 436 1265 παθεῖν.
491 1225 600 1266 Vide
621 1226 747 1266 etiam
772 1226 944 1266 Diodor.
974 1228 1033 1273 16,
1050 1240 1117 1277 59.
1178 1225 1221 1265 Si
1247 1226 1324 1265 hae
1347 1225 1609 1266 narrationes
1630 1226 1683 1265 ad
1705 1240 1792 1266 ver—

284 1281 381 1320 bum
419 1282 627 1334 urgendae
668 1286 776 1329 sunt,
815 1282 924 1335 quod
964 1296 1047 1321 non
1088 1281 1224 1328 credo,
1262 1282 1312 1321 cf.
1350 1281 1408 1319 W
1412 1281 1595 1320 iniewski
1630 1296 1670 1334 p.
1697 1295 1789 1330 114.

286 1336 511 1376 DISSEN.
573 1337 772 1377 Jacobsio
802 1337 1105 1377 Demosthenes
1138 1337 1271 1376 altero
1301 1337 1391 1375 loco
1422 1337 1607 1376 nonnihil
1634 1352 1660 1376 a
1687 1337 1790 1377 veri-

284 1396 374 1431 tate
397 1392 615 1432 descivisse
637 1393 801 1433 videtur
822 1398 868 1433 ut
890 1393 1052 1446 culpam
1075 1392 1295 1431 Aeschinis
1316 1397 1502 1446 augeret.

343 1460 438 1499 239,
464 1459 498 1485 2.
533 1450 594 1487 καὶ
632 1448 748 1501 ὑμᾶς]
782 1449 924 1488 Etiam
963 1463 1038 1494 vos.
1080 1448 1121 1486 h.
1157 1462 1191 1487 e.
1230 1463 1302 1487 vos
1342 1462 1435 1487 culn
1476 1447 1567 1487 aliis
1609 1447 1792 1487 Graecis.

286 1502 536 1542 SOHAEF.
598 1504 797 1543 Fortasse
831 1504 956 1544 etiam
993 1503 1323 1551 Lacedaemonii,
1352 1503 1423 1557 qui
1451 1503 1655 1549 abierant.
1687 1503 1792 1542 conf.

285 1558 336 1597 de
376 1558 465 1597 fals.
500 1559 625 1612 legat.
659 1574 698 1611 p.
734 1562 845 1612 356..
880 1560 1014 1599 denuo
1055 1559 1106 1598 de
1141 1559 1295 1598 auxilio
1330 1559 1500 1598 ferendo
1537 1558 1793 1611 cogitabant.

289 1613 513 1653 DISSEN.

345 1682 437 1721 2139,
460 1683 500 1720 ¹3·
534 1668 797 1722 τοῖς-ὅλοις]
823 1670 1003 1709 καθόλου.
1041 1669 1233 1709 WOLF.
1296 1669 1350 1708 V.
1381 1669 1794 1722 Schweighaeuserus

290 1724 388 1763 Lex.
408 1724 550 1777 Polyb.
567 1739 598 1763 s.
615 1739 652 1763 v.
671 1726 773 1771 ὅλος,
795 1725 990 1763 Machon.
1008 1739 1074 1777 ap.
1091 1725 1246 1764 Athen.
1265 1726 1301 1763 8
1317 1739 1355 1777 p.
1373 1724 1514 1777 349C.
1541 1724 1792 1764 SOHAEF.

343 1780 455 1819 οὐδὲν
475 1780 631 1830 μέτριόν
651 1796 716 1829 μοι
737 1783 882 1819 δοκεῖτε
900 1780 1047 1842 protem]
1079 1781 1173 1819 Non
1195 1780 1388 1819 mdemim'
1409 1779 1496 1820 bene
1516 1793 1641 1833 affere,
1654 1780 1794 1842 facere

284 1835 328 1873 in
349 1849 421 1887 quo
442 1836 529 1887 quis
549 1849 787 1888 acqzozescere
798 1835 949 1888 possit:
983 1835 1093 1887 quod
1114 1835 1244 1874 lenius
1265 1835 1420 1874 dictum
1442 1849 1517 1888 pro
1541 1835 1642 1874 male
1661 1835 1793 1888 affixis.

287 1890 511 1930 DISSEN.

345 1958 366 1984 2
371 1959 437 1998 39,
462 1948 498 1985 6.
531 1947 668 1995 ὁμοίως
699 1945 1091 1998 ἀντιπαρεξάγοντες]
1130 1945 1273 1984 Mhilo
1293 1946 1432 1993 secius,
1455 1945 1570 1999 quasi
1596 1960 1636 1984 re
1657 1944 1793 1992 libera,

285 2002 495 2041 ‹werce'tum
521 2008 716 2054 parantes
748 2001 907 2040 educere
939 2006 1074 2040 contra
1105 2014 1174 2039 me.
1238 2000 1301 2039 De
1322 2016 1357 2040 v.
1381 2003 1519 2050 ὁμοίως
1546 2001 1595 2039 cf.
1621 2000 1730 2040 infra
1756 2015 1795 2053 p.

289 2058 382 2109 263,
407 2059 465 2096 18.
499 2056 722 2096 DlSSEN.
785 2057 838 2095 V.
863 2055 1240 2109 Schweighaeuseri
1265 2056 1404 2095 Lexic.
1426 2056 1629 2095 Herodot.
1654 2055 1731 2094 vol.
1755 2067 1792 2095 2.

286 2127 326 2164 p.
354 2113 440 2160 ¹48·
504 2112 755 2152 SOHAEF.

346 2169 406 2206 καὶ
438 2171 557 2207 ταῦτα
593 2168 680 2207 οὐδὲ
716 2167 1127 2217 συμπεριειλημμένων
1157 2171 1233 2206 τῶν
1260 2166 1429 2206 Φωκέων
1465 2167 1508 2205 ἐν
1538 2169 1620 2206 ταῖς
1651 2169 1796 2206 κοιναῖς

287 2223 393 2270 ἡμῶν
433 2223 656 2275 συνθήκαις]
698 2223 812 2262 Nam
855 2222 1070 2275 Philippus
1111 2236 1193 2260 non
1234 2226 1449 2274 receperat
1483 2221 1720 2260 Phocenses
1754 2220 1795 2259 in

286 2277 430 2316 foedus
460 2278 586 2329 pacis,
613 2278 838 2329 speciosam
870 2277 1074 2317 rationem
1106 2277 1294 2319 afferens.
1318 2278 1368 2315 cf.
1391 2277 1442 2316 de
1471 2276 1576 2316 falsa
1606 2276 1732 2329 legat.
1756 2290 1794 2328 p.

287 2346 384 2382 444.
449 2332 675 2372 DISSEN.

348 2401 439 2438 239,
469 2401 528 2427 11.
562 2388 755 2433 Ἀκούετε,
781 2389 829 2429 ὡς
861 2392 996 2438 σαφῶς
1028 2388 1214 2439 δηλοῖ-]
1256 2386 1522 2427 Marcellinus
1543 2386 1597 2425 ad
1619 2385 1795 2425 Hermo-

288 2457 379 2496 gen.
403 2458 441 2496 p.
467 2455 510 2482 21
528 2456 559 2482 2.
612 2445 645 2482 εἰ
666 2444 707 2481 δὲ
727 2442 809 2492 μηδ’
834 2444 926 2491 αὕτη
948 2444 970 2491 ἡ
993 2443 1168 2491 ἐξέτασις
1194 2444 1284 2492 ἡμῖν
1305 2441 1567 2491 συμβάληται,
1590 2442 1612 2490 ἡ
1633 2444 1697 2490 τῆς
1718 2444 1797 2480 δια-

290 2499 409 2542 νοίας,
434 2499 496 2537 ἐπὶ
523 2498 592 2547 τὴν
620 2499 812 2546 διαβολὴν
840 2501 904 2546 τῆς
930 2499 1095 2548 γνώμης,
1120 2499 1278 2537 ἐπειδὰν
1305 2497 1437 2548 καιρὸν
1466 2497 1630 2548 ἔχωμεν,
1654 2497 1798 2547 τρεψό-

287 2557 398 2602 μεθα,
437 2553 608 2603 καθάπερ
649 2555 669 2591 ὁ
712 2553 967 2602 Δημοσθένης
1007 2555 1050 2592 ἐν
1085 2556 1137 2605 τῷ
1169 2554 1256 2603 περὶ
1292 2552 1490 2603 στεφάνου
1532 2552 1798 2602 παρεχόμενος

289 2611 486 2648 Φιλίππου
509 2609 721 2657 ἐπιστολὴν
743 2609 829 2658 ἔφη·
872 2607 1102 2653 Ἀκούσατε,
1127 2607 1155 2647 ὦ
1182 2609 1329 2658 ἄνδρες,
1353 2609 1401 2649 ὡς
1431 2611 1567 2657 σαφῶς
1594 2610 1708 2655 δηλοῖ
1737 2606 1798 2645 καὶ

288 2665 558 2714 διορίζεται-.
621 2663 872 2704 Scholiastes
893 2677 1121 2716 anonymus
1142 2663 1195 2702 ad
1220 2663 1473 2716 Hermogen.
1496 2677 1535 2715 p.
1557 2674 1653 2711 402.
1702 2663 1797 2700 κατὰ

332 2808 348 2830 ¹¹
367 2811 433 2839 llas
446 2809 567 2848 publice
583 2812 711 2847 scriptas
723 2807 842 2839 litteras
856 2819 910 2838 rex
923 2807 1007 2837 haud
1075 2807 1328 2837 comnmnicavit.
1352 2806 1391 2835 cf.
1416 2804 1578 2835 Demus-th.
1601 2804 1695 2834 verba
1720 2812 1798 2841 quac

289 2853 382 2881 dubie
405 2853 498 2882 etiam
522 2862 593 2881 cum
612 2852 773 2881 Thebanis
796 2857 826 2880 et
851 2850 1008 2880 Thessalis
1076 2855 1252 2887 sequuntur
1268 2848 1287 2877 l.
1304 2847 1325 2876 l.
