1935 3205
670 144 749 183 PR
763 143 794 183 A
812 142 846 182 E
859 142 892 182 F
905 143 936 182 A
951 142 1074 181 Tm.
1574 141 1627 180 liii

818 293 847 334 ξ.
879 292 933 325 1().

166 367 224 402 De
243 366 418 401 codicibus
443 367 561 401 illStis
587 365 841 404 lkmosllwnis,
863 365 986 412 quihus
1005 377 1067 411 eqo
1088 365 1122 397 in
1145 363 1209 397 lem·
1229 364 1378 397 editione
1399 376 1480 396 usus
1499 376 1584 397 sitm.

179 441 389 487 profligatis
416 441 543 488 itaque
572 441 638 481 his,
661 453 758 487 (luae
785 439 1065 487 praemittenda
1086 437 1325 476 videbantur,
1350 450 1450 472 nune
1478 437 1631 471 tandem

123 505 168 541 ad
197 504 347 541 codices
376 504 509 540 MStos
536 505 711 543 devenio,
735 504 871 551 quihus
898 504 977 551 ipse
1006 516 1087 537 snm
1117 515 1215 543 usnS,
1241 510 1303 536 ant
1330 509 1410 548 post
1441 501 1545 542 alios,
1569 509 1634 535 aut

123 569 236 605 solus.
295 569 382 604 Non
412 577 492 604 erat
517 568 667 604 animus
693 568 801 603 initio
822 567 1125 603 Demosthenem
1156 566 1279 606 edere,
1303 565 1366 600 sed
1394 565 1635 600 solummodo

124 632 472 668 animadversiones
503 633 547 668 ad
580 645 678 667 enm.
739 632 824 666 Post
858 631 1000 666 editum
1033 629 1206 677 quintum
1239 628 1418 664 volumen
1452 627 1635 663 Animad-

126 696 342 732 versionnm
372 697 416 732 ad
438 696 604 732 Graecos
625 703 799 731 auctores
827 708 914 730 cum
936 695 1186 730 decrevissem
1210 703 1359 729 sextum
1383 694 1506 733 edere,
1529 693 1636 728 dubi-

126 761 267 802 tabam,
304 768 431 796 utrum
470 761 507 795 in
549 759 582 795 id
622 758 996 794 animadversionum
1037 759 1082 793 ad
1123 757 1363 793 Constantini
1406 757 1637 805 porphyrog.

128 824 392 861 ('eremoniale
426 825 586 872 Byzant.
616 823 774 870 reliqua,
807 834 903 869 quae
938 822 1110 856 nondum
1142 829 1229 856 sunt
1264 820 1363 868 typis
1397 821 1562 870 vulgata,
1594 833 1640 856 an

126 888 476 924 animadversiones
505 887 552 923 ad
582 887 882 923 Demosthenem
913 885 1158 934 conjicerem.
1218 883 1293 919 Sed
1325 884 1470 927 videns,
1500 885 1640 919 Demo-

126 952 300 988 sthenica
324 964 399 987 non
422 963 532 999 posse
555 963 629 986 uno
656 963 774 998 parvo
796 948 992 985 volumine
1019 948 1304 995 comprehendi,
1327 948 1482 995 otioque
1510 960 1643 982 carens

126 1016 189 1051 illa
211 1015 531 1051 Constantiniana
556 1013 855 1063 recognoscendi
883 1021 921 1048 et
947 1012 1178 1060 expoliendi,
1201 1010 1329 1047 distuli
1358 1012 1395 1046 in
1424 1011 1525 1047 aliud
1548 1019 1642 1047 tem-

128 1092 198 1127 pus
227 1079 434 1114 editionem
466 1079 576 1128 hujus
605 1078 703 1114 sexti
732 1077 950 1118 voluminis,
982 1077 1232 1123 animumque
1264 1082 1387 1110 totum
1422 1076 1467 1111 ad
1501 1076 1643 1111 Demo-

128 1144 302 1179 sthenem
332 1142 545 1178 ornandum
576 1141 747 1177 conferre
775 1141 894 1188 coepi.
953 1141 1081 1184 Quare
1110 1140 1274 1187 primum
1305 1139 1422 1174 literis
1450 1139 1495 1173 ad
1517 1140 1643 1175 Oeffc-

130 1208 222 1243 lium
247 1208 290 1242 V.
314 1207 383 1249 Ill.,
406 1206 673 1242 Consiliarium
703 1205 945 1241 Serenissimi
968 1204 1153 1240 Electoris
1176 1204 1358 1239 Bavariae
1383 1212 1419 1238 et
1443 1203 1641 1238 bibliothe-

129 1284 197 1308 cae
229 1270 464 1310 Electoralis,
487 1282 584 1317 qnae
615 1269 811 1304 Monachii
843 1268 1018 1304 dedicata
1049 1275 1118 1308 est,
1147 1267 1392 1314 praefectum,
1421 1267 1517 1302 datis
1547 1280 1647 1302 anno

138 1336 248 1382 1765.
284 1342 445 1370 exeunte
479 1334 619 1381 rogavi,
655 1341 696 1368 ut
727 1332 1000 1368 Demosthenis
1035 1331 1207 1367 codicem
1245 1331 1470 1366 Bavaricum
1507 1330 1550 1365 ad
1586 1343 1647 1366 me

132 1399 312 1435 mitteret.
370 1397 609 1445 Aecepcram
630 1397 774 1432 scilieet
796 1397 842 1431 ab
871 1396 994 1431 amico
1015 1408 1101 1430 meo
1123 1395 1286 1437 Cobero,
1309 1395 1373 1442 qui
1401 1407 1501 1429 nune
1521 1394 1649 1429 literas

131 1464 168 1499 in
199 1462 398 1511 gymnasio
422 1461 631 1496 Budissano
660 1460 785 1501 docet,
816 1472 901 1495 cum
934 1460 1044 1507 paulo
1076 1467 1165 1494 ante
1195 1459 1230 1494 id
1260 1467 1410 1506 tempus
1439 1471 1458 1493 e
1486 1457 1650 1506 peregri-

134 1527 288 1563 natione
310 1524 492 1561 Bavariea
513 1533 550 1560 et
572 1524 703 1560 Italica
724 1523 881 1559 domum
905 1523 1075 1563 redisset,
1098 1523 1238 1557 servari
1260 1522 1455 1558 Monac-hii
1477 1521 1649 1557 codicem

133 1589 403 1626 Demosthenis
441 1589 648 1637 egregium,
690 1589 796 1635 cujus
835 1586 984 1634 copiam
1023 1598 1084 1620 me
1124 1585 1233 1621 facile
1273 1586 1563 1632 impetraturum
1605 1584 1651 1619 ab

133 1654 309 1695 Oeffelio,
331 1654 412 1688 viro
441 1652 598 1687 mirifice
627 1651 795 1686 humano
826 1658 864 1686 et
893 1651 939 1686 ad
969 1650 1334 1685 communicandum
1366 1649 1494 1697 copias
1523 1649 1650 1684 litera-
1667 1657 1711 1679 Lx

133 1719 220 1760 rias,
243 1718 379 1766 quibus
400 1717 581 1757 abundet,
605 1714 718 1751 facili.
776 1715 912 1762 Neque
934 1713 1067 1750 fefellit
1089 1726 1150 1750 me
1172 1714 1244 1749 ista
1265 1726 1362 1761 spes.
1422 1712 1527 1747 Misit
1549 1712 1650 1747 enim

134 1783 180 1819 ad
211 1795 272 1818 me
302 1780 497 1823 Oeffelius.
529 1782 636 1829 cujus
663 1779 940 1828 benignitatem
976 1786 1014 1814 et
1043 1777 1320 1814 officiositatem
1357 1777 1529 1812 oratione
1564 1776 1653 1811 satis

136 1845 355 1894 praedicare
389 1857 466 1879 non
498 1856 665 1891 possum,
696 1855 829 1879 mense
858 1842 982 1890 Aprili
1018 1842 1107 1877 anni
1143 1843 1251 1889 1766.
1283 1841 1468 1881 codicem,
1500 1841 1546 1876 de
1578 1853 1652 1887 quo

136 1909 264 1945 statim
289 1909 459 1957 pluribus
485 1908 621 1944 dicam.
681 1908 756 1944 Hic
778 1907 895 1943 codex
917 1907 1061 1954 primus
1083 1914 1137 1942 est
1161 1902 1362 1941 MStorum
1385 1904 1652 1940 Demostheni-

137 1985 282 2014 corum,
312 1972 448 2020 quibus
478 1985 568 2007 usus
599 1984 695 2007 sum.
754 1971 827 2006 Hic
857 1983 919 2006 me
950 1971 1077 2018 eoepit
1107 1970 1244 2006 docere
1279 1969 1466 2003 rationem
1498 1968 1652 2003 criticae

138 2036 459 2073 Demosthenicae
494 2035 746 2077 exercendae,
777 2033 875 2069 illius
909 2041 1015 2081 puta,
1047 2046 1144 2080 quae
1180 2033 1280 2068 cirea
1313 2031 1496 2067 lectiones
1531 2031 1653 2066 varias

140 2108 312 2136 versatur
339 2111 358 2134 e
377 2098 482 2135 libris
503 2099 662 2134 vetustis
688 2110 754 2132 seu
775 2096 899 2132 MStis
923 2110 990 2132 seu
1012 2097 1204 2144 impressis
1233 2096 1429 2131 eruendas
1490 2095 1655 2142 Prosper

140 2165 176 2200 in
199 2165 269 2199 hac
288 2176 329 2199 re
350 2174 546 2198 successus
567 2160 735 2197 animum
757 2161 846 2196 mihi
870 2160 1014 2196 addidit
1035 2161 1141 2208 plura
1162 2160 1350 2207 praesidia
1371 2160 1481 2208 hujus
1505 2158 1655 2207 generis

139 2226 480 2276 circumspiciendi.
538 2226 636 2262 Cum
657 2226 786 2273 itaque
814 2225 1026 2261 didicissem
1048 2224 1320 2272 praestantiam
1349 2223 1655 2258 membranarum

142 2291 540 2332 Demostheniearum‚
562 2302 658 2337 quae
679 2292 875 2339 Augustae
898 2289 1184 2324 vindelicorum
1208 2296 1419 2324 servantur,
1442 2299 1527 2322 cum
1550 2299 1656 2333 prae-

140 2355 332 2398 dicatione
352 2354 525 2396 aliorum,
546 2362 625 2389 tum
647 2367 716 2390 usu
738 2366 836 2395 meo,
858 2353 988 2402 rogavi
1010 2353 1132 2388 virum
1154 2351 1444 2388 celeberrimum
1466 2350 1656 2385 ,Iacobum

143 2418 388 2461 Bruekerum,
409 2426 452 2454 ut
478 2430 607 2454 earum
629 2418 779 2465 copiam
807 2417 899 2452 mihi
921 2416 1076 2452 faceret.
1135 2415 1253 2451 Dedit
1274 2415 1346 2450 hoc
1367 2414 1544 2461 precibus
1564 2413 1659 2449 meis

141 2483 196 2517 vir
230 2482 536 2523 humanissimus,
569 2481 635 2517 sed
665 2493 732 2528 per
767 2493 932 2516 errorem
968 2478 1096 2515 nescio
1132 2491 1260 2526 quem,
1296 2481 1403 2526 cujus
1437 2486 1564 2513 tamen
1602 2489 1658 2512 se-

143 2546 291 2582 cundae
321 2545 493 2581 fortunae
524 2544 681 2594 gratiam
717 2545 853 2587 habeo,
883 2543 1027 2579 factum
1059 2550 1127 2581 est,
1160 2549 1201 2577 ut
1231 2554 1297 2589 pro
1328 2541 1559 2576 membranis
1588 2540 1660 2574 illis

144 2609 308 2657 antiquis
329 2609 448 2645 codex
469 2608 604 2656 aliquis
624 2608 747 2643 multo
775 2607 979 2648 recentior,
1002 2619 1115 2654 quem
1137 2606 1321 2640 secundum
1345 2604 1508 2652 appello,
1531 2603 1577 2639 ad
1599 2615 1659 2638 me

144 2674 359 2709 mitteretur
386 2673 452 2707 sub
474 2672 620 2708 exitum
647 2672 736 2707 anni
764 2671 873 2717 1766.
931 2669 1147 2706 Defunctus
1167 2669 1297 2703 labore
1325 2680 1411 2702 eum
1440 2665 1659 2702 conserendi

145 2737 271 2773 remisi
305 2744 343 2771 et
377 2736 502 2771 denuo
535 2735 664 2783 rogavi
703 2734 853 2782 copiam
886 2734 986 2768 illius
1024 2731 1247 2779 antiquioris
1283 2739 1319 2766 et
1359 2730 1659 2779 praestantioris,

145 2813 259 2849 quem
282 2811 382 2834 anno
402 2810 523 2846 paene
545 2805 626 2832 toto
652 2797 764 2844 1767.
787 2809 938 2832 mecum
960 2796 1085 2831 habui.
1133 2795 1306 2830 Remisso
1328 2794 1418 2828 item
1442 2794 1526 2835 hoc,
1549 2793 1661 2828 simul

146 2873 222 2900 tres
252 2865 425 2912 Angusta
453 2861 498 2897 ad
529 2872 589 2896 me
620 2859 723 2896 missi
753 2868 853 2901 sunt,
876 2859 913 2901 ii,
936 2871 1030 2906 quos
1061 2859 1215 2898 tertium,
1248 2863 1408 2904 quartum
1441 2865 1479 2893 et
1507 2858 1663 2904 quintum

148 2928 312 2977 appello.
