1934 3179
276 105 360 144 358
834 106 948 145 PRO
981 106 1231 146 CORONA.

276 207 465 259 στροφήν.
516 209 610 247 οἷον·
648 211 752 259 παρὰ
779 209 842 248 σοὶ
871 208 1070 255 κατέλυον,
1095 210 1278 261 Αἰσχίνη,
1303 209 1364 248 καὶ
1391 210 1441 249 σὺ
1469 210 1686 261 προύξένεις
1717 211 1782 251 αὗ-

274 266 362 302 τῶν.
409 263 518 304 Item
553 277 590 316 p.
615 265 724 316 306„
748 263 818 304 ubi
855 263 1030 327 quaerit
1065 263 1174 304 sitne
1205 265 1437 316 ἀποστροφὴ
1469 265 1702 315 methodus,
1731 281 1787 308 an

274 318 454 359 schema.
506 318 791 372 Quodcunque
812 326 888 367 est,
910 319 983 366 ait,
1005 323 1082 359 τῶν
1102 321 1316 360 ποιούντων
1338 321 1421 360 ἐστὶ
1443 322 1504 360 καὶ
1526 322 1619 372 αὐτὴ
1642 322 1787 375 γοργὸν

273 375 343 414 τὸν
362 375 500 425 λογον,
525 376 586 415 καὶ
605 375 792 424 μάλιστα,
817 377 850 415 εἰ
871 379 1045 428 συνεχῶς
1070 375 1237 426 γένοιτο.
1282 376 1304 425 ἡ
1326 377 1401 446 γὰρ
1420 377 1650 427 μετάβασις,
1672 379 1695 428 ἡ
1718 381 1787 418 νῦν

272 432 345 479 μὲν
367 431 429 470 ἐπὶ
451 431 538 471 τοὺς
559 433 752 476 δικαστὰς,
778 435 847 470 νῦν
868 430 898 470 δ’
923 432 986 470 επὶ
1010 431 1080 470 τὸν
1100 431 1295 471 ἀντίδικον
1325 430 1347 481 ἢ
1372 433 1561 479 ὁντινοῦν,
1586 437 1685 473 κινεῖ
1708 450 1787 476 πως

275 486 335 525 καὶ
357 486 504 538 γοργὸν
524 490 629 526 ποιεῖ
646 486 714 526 τὸν
734 488 871 538 λόγον.
923 486 1117 526 REISK.

333 553 425 592 252,
454 543 520 581 26.
553 542 619 583 οὓς
655 543 677 591 ἡ
708 544 781 591 μὲν
817 543 1191 595 πόλις-ἀπήλασε]
1230 542 1375 583 Oitant
1408 544 1565 583 Anecd.
1590 543 1721 585 Bekk.
1745 559 1785 598 p.

280 597 757 647 121,15.SGHAEF.

332 665 425 706 252,
451 653 592 693 28.οὐ
613 655 930 708 τοίνυν-οὐδὲν]
965 654 1081 694 Idem
1112 659 1176 694 est
1204 669 1251 694 ac
1280 654 1313 693 si
1346 654 1541 694 dixisset:
1580 656 1624 695 οὐ
1655 657 1785 696 τοίνυν

271 710 417 748 τούτων
440 711 535 759 (τῶν
563 713 640 751 τοῖς
671 709 872 760 τυράννοις
903 710 1326 762 πεπραγματευμένων)
1351 710 1525 762 ἐπράχθη
1556 711 1670 750 οὐδὲν
1699 714 1785 762 (eo-

272 778 363 803 rum
385 764 569 804 omnium
589 765 690 804 nihil
719 766 958 817 confiebat),
983 767 1027 805 οὐ
1058 769 1119 805 διὰ
1150 767 1195 804 σὲ
1220 770 1321 816 (11011
1344 780 1424 818 quo
1446 771 1492 805 tu
1514 766 1783 819 obstitisses),

272 820 379 859 ἀλλὰ
400 819 444 859 δι’
469 822 535 870 ἐμὲ
560 821 651 872 (sed
679 822 790 876 quod
822 836 898 876 ego
924 822 1104 871 obstiti),
1127 823 1214 871 περὶ
1236 822 1280 861 οὗ
1309 822 1358 861 σὺ
1378 825 1633 873 βλασφημῶν
1653 822 1785 874 λέγεις

271 876 399 915 ὄτι-.
452 876 648 917 REISK.

330 942 423 984 252
451 945 514 984 29.
548 934 596 974 ὡς
617 938 748 973 σιωπῶ
768 934 916 986 μὲν-]
956 933 1071 973 Conf.
1098 933 1293 973 Aeschin.
1318 949 1356 986 p.
1382 935 1445 985 85,
1471 934 1507 973 8.
1554 933 1724 973 DOBR.

330 999 351 1026 2
355 1000 422 1040 53,
449 1001 485 1028 2.
521 990 782 1039 ἀτιμωσαντες
815 989 995 1042 τημερον]
1030 989 1138 1028 Ν11111
1165 989 1228 1028 cui
1258 1004 1339 1028 non
1371 989 1606 1043 contigerat
1637 989 1784 1042 quinta

270 1057 367 1105 pals
403 1044 705 1098 suffragiorum,
741 1044 774 1084 is
807 1046 963 1094 ἀτιμίαν
995 1045 1205 1098 quandam
1238 1045 1416 1092 subibat,
1448 1045 1784 1099 quandoquidem

271 1098 311 1137 in
333 1104 547 1152 posterum
568 1115 650 1139 non
677 1105 846 1154 poterat
874 1100 1092 1140 instituere
1119 1101 1407 1140 accusationes
1432 1102 1519 1154 ejus
1544 1101 1718 1155 geneiis,
1741 1101 1783 1141 in

270 1169 352 1207 quo
373 1157 661 1205 0110011111101·,111
684 1157 734 1196 cf.
756 1157 938 1196 Boeckh.
961 1157 1011 1196 de
1035 1157 1186 1196 Oecon.
1205 1156 1360 1196 Athen.
1382 1170 1414 1196 1.
1437 1172 1476 1210 p.
1495 1170 1608 1209 409.,
1635 1157 1782 1197 Meier.

270 1216 312 1250 et
335 1211 609 1252 Schoemann.
632 1213 683 1252 de
699 1213 826 1266 judic.
852 1212 1008 1252 Athen.
1030 1228 1069 1266 p.
1095 1224 1188 1265 734.
1240 1212 1466 1252 DISSEN.

329 1279 351 1306 2
355 1278 421 1320 53,
444 1281 483 1321 5.
520 1269 583 1308 ἐπὶ
613 1269 778 1321 τούτοις]
818 1269 938 1319 Quod
959 1283 1036 1322 ego
1059 1268 1257 1308 0111110111
1280 1274 1321 1310 et
1346 1268 1594 1309 Philistidae
1615 1269 1782 1310 fraudes

270 1323 493 1369 elusissem
517 1324 657 1364 irritas
678 1325 878 1364 fecissem.
912 1324 964 1363 V.
988 1339 1024 1363 v.
1048 1325 1165 1364 18..
1217 1324 1410 1364 REISK.

329 1391 421 1433 253,
446 1381 482 1418 8.
515 1380 671 1434 τούτου]
698 1381 965 1434 Ambiguum,
988 1385 1084 1420 utra
1104 1380 1425 1433 praeconizatio
1447 1386 1493 1420 ut
1515 1379 1678 1429 dicitur,
1697 1380 1782 1421 sue—

269 1434 324 1474 rit
345 1436 538 1481 secunda,
562 1451 617 1475 an
639 1436 707 1476 illa
730 1436 970 1484 Aristonici,
987 1451 1040 1476 an
1062 1436 1163 1476 hacc
1181 1436 1476 1489 Ctesiphontis.
1538 1436 1709 1489 Aliquid
1730 1437 1781 1477 de

270 1490 346 1530 hac
367 1505 411 1530 re
436 1491 643 1544 Ulpianus
664 1507 747 1531 11011
775 1492 1141 1545 praetereundum.
1203 1492 1246 1531 Si
1268 1506 1349 1545 qua
1371 1492 1474 1531 fides
1497 1491 1781 1532 Pseudo-Plu-

268 1547 428 1591 tarcho
456 1562 576 1587 nemo
605 1548 702 1588 tulit
730 1549 805 1587 hos
835 1548 1014 1587 honores
1047 1548 1320 1587 Demostheni
1351 1553 1450 1588 ante
1480 1547 1780 1588 Aristonicum.

268 1606 427 1653 πρῶτος,
465 1603 600 1656 inquit
640 1604 717 1651 1110,
756 1605 909 1655 ἔγραψε
944 1606 1242 1654 στεφανωθηναι
1276 1604 1393 1643 αὐτὸν
1428 1604 1560 1657 χρυσῷ
1595 1603 1781 1658 στεφάνῳ

267 1657 532 1708 Ἀριστόνικος
563 1660 811 1711 Νικοφάνους
830 1659 1125 1710 Ἀναγυράσιος.
1160 1659 1193 1698 Τ
1199 1659 1285 1698 2ss
1294 1659 1419 1699 LOR.
1481 1661 1617 1699 τούτου
1637 1659 1780 1712 procul

269 1714 394 1753 dubio
414 1715 469 1754 ad
497 1715 763 1768 praeconium
794 1716 883 1762 hoc,
907 1716 957 1754 do
979 1730 1060 1768 quo
1082 1730 1190 1754 nunc
1212 1720 1413 1761 certatur,
1435 1714 1780 1767 Ctesiphonteum

269 1770 541 1810 referendum.
604 1772 710 1822 Quia
734 1772 822 1824 jam
853 1776 978 1811 antea
1010 1771 1146 1818 semel,
1176 1776 1347 1810 auctore
1380 1770 1622 1810 Aristonico
1652 1770 1777 1819 facto,

269 1826 442 1878 populus
469 1841 662 1867 coronam
690 1842 859 1867 auream
885 1826 985 1865 mihi
1007 1827 1217 1866 decretam
1248 1826 1287 1865 in
1310 1827 1478 1866 theatro
1505 1840 1579 1879 per
1610 1840 1779 1879 praeco-

268 1896 362 1921 nem
403 1883 747 1936 promulgandam
788 1882 960 1929 curavit,
997 1897 1048 1922 ex
1086 1897 1134 1922 eo
1166 1882 1215 1922 fit.
1251 1888 1298 1922 ut
1338 1882 1439 1921 haec
1479 1882 1779 1935 Ctesiphontea

267 1938 498 1978 auctoritas
531 1939 630 1978 mihi
666 1939 933 1993 praeconium
968 1939 1146 1978 alterum
1180 1953 1271 1978 cum
1307 1938 1443 1977 altera
1474 1952 1628 1977 corona
1657 1952 1779 1991 pepe-

267 1994 381 2034 rerit.
428 1995 623 2035 REISK.
686 1996 815 2035 Recte
850 1994 1053 2034 Reiskius.
1129 1995 1210 2034 Sed
1247 2009 1329 2033 non
1365 1994 1513 2033 mirum
1549 1994 1674 2033 fuisse
1707 1993 1777 2047 qui

267 2052 402 2089 τούτου
424 2065 541 2090 secus
567 2051 856 2105 intelligerent.
919 2050 1085 2090 Scilicet
1107 2056 1250 2090 orator
1278 2050 1407 2090 solam
1432 2054 1595 2089 sectans
1620 2049 1778 2102 periodi

267 2106 590 2146 concinnitatem
617 2122 846 2160 palumque
877 2121 1026 2146 curans
1057 2107 1231 2160 logicam
1260 2107 1539 2145 membrorum
1572 2105 1778 2145 rationem

267 2161 416 2200 ceteris
456 2164 652 2202 membris
687 2163 917 2217 syntactice
953 2162 1093 2215 junxit
1130 2163 1240 2215 quod
1274 2162 1435 2202 variata
1470 2160 1777 2201 constructione

267 2216 542 2257 dirimendum
562 2224 683 2259 esset.
745 2220 864 2269 Quod
891 2218 924 2257 si
948 2219 1255 2258 Demosthenes
1282 2218 1496 2270 aliquanto
1517 2217 1778 2268 λογικώτερον

267 2272 498 2325 scripsisset
523 2276 623 2314 ὥστε
655 2277 834 2326 δεύτερον
864 2274 1035 2325 κηρυγμά
1065 2291 1129 2324 μοι
1159 2278 1271 2313 τοῦτο
1305 2275 1521 2324 γίγνεσθαι,
1544 2286 1664 2312 nemo
1685 2276 1777 2312 erat

267 2329 431 2367 futurus
452 2329 520 2381 qui
542 2334 654 2369 τοῦτο
676 2345 893 2383 perperam
916 2330 1276 2382 interpretaretur.
1330 2328 1582 2369 SCHAEF.

326 2397 418 2437 253,
446 2398 503 2424 11.
536 2386 808 2437 ΨΗΦΙΣΜΑ]
839 2392 861 2406 “
880 2385 944 2424 Ex
968 2385 1044 2423 hoc
1066 2385 1347 2437 psephismate
1368 2384 1407 2422 d.
1435 2397 1498 2434 24.
1523 2383 1777 2423 Gamelionis

266 2440 353 2480 lato
378 2441 681 2481 Demosthenes
703 2441 886 2494 ejusdem
907 2440 1002 2480 anni
1035 2440 1243 2493 Dionysiis
1269 2439 1431 2494 magnis
1453 2443 1676 2479 coronatus
1698 2443 1774 2487 est,

266 2501 313 2536 ut
335 2496 421 2550 ipse
444 2496 554 2537 dicit.
610 2497 715 2537 Erat
735 2501 877 2537 autem
901 2496 1129 2536 Aristonici
1154 2496 1325 2546 κήρυγμα
1344 2496 1571 2542 secundum,
1593 2509 1673 2534 non
1695 2494 1775 2548 pri-

266 2563 414 2593 mumn.
477 2553 782 2592 Demosthenes
807 2552 894 2605 ipse
922 2551 1138 2591 contendit
1160 2566 1204 2591 se
1237 2551 1350 2604 prius
1381 2565 1504 2604 saepe
1531 2554 1775 2590 coronatum

266 2622 367 2647 esse.
429 2608 495 2647 lta
516 2608 626 2661 loqui
649 2623 729 2648 non
753 2608 976 2654 debuisset,
1000 2607 1031 2646 si
1054 2607 1117 2647 bis
1139 2612 1304 2647 tantum
1327 2607 1387 2646 vel
1408 2612 1474 2646 ter
1495 2606 1559 2646 hic
1585 2606 1718 2645 honor
1737 2605 1774 2645 ei

268 2663 524 2716 contigisset.
577 2665 737 2714 Quater
752 2669 892 2704 autem
915 2663 1081 2703 omnino
1103 2668 1326 2703 coronatus
1343 2667 1418 2709 est,
1437 2662 1469 2701 si
1486 2662 1555 2715 H)
1558 2661 1710 2715 peridis
1731 2665 1775 2701 et

271 2720 536 2759 Demomelae
558 2720 806 2774 rogationes
825 2721 969 2760 eodem
992 2724 1178 2772 tempore
1199 2719 1320 2766 latas,
1344 2733 1419 2772 pro
1441 2733 1523 2757 una
1544 2721 1770 2770 computas

269 2775 429 2814 Ultima
457 2776 670 2815 coronatio
692 2776 800 2815 sacta
831 2780 893 2815 001
916 2790 963 2814 ex
989 2774 1272 2828 Ctesiphontis
1294 2762 1462 2814 decreto
1487 2774 1540 2813 ab
1565 2772 1772 2812 Aeschine

543 2908 560 2923 '¹
587 2903 634 2931 De
650 2913 710 2932 (¹01
730 2914 755 2941 p.
799 2903 847 2940 (1.7
884 2914 924 2929 nn
933 2901 1063 2931 >xxi-[mx
1093 2903 1324 2941 εοτεφαιᾱσραι
1347 2900 1499 2941 πρότεροι.
