1934 3179
315 113 398 151 384
875 108 989 147 PRO
1022 105 1271 146 CORONA.

375 217 468 268 267,
492 229 531 265 4.
564 215 716 254 Οὐκοῦν
744 214 767 252 ἃ
788 214 860 262 μὲν
889 211 1062 250 ἐπέδωκα
1091 228 1122 248 κ.
1146 227 1176 247 τ.
1201 208 1260 261 λ.]
1295 207 1409 248 citat
1432 208 1469 247 h.
1493 208 1517 247 l.
1542 207 1828 262 Hermogenes

314 287 353 325 p.
378 274 473 323 9364.
506 271 587 309 fine
618 269 659 308 in
683 267 881 320 exemplis
902 271 978 306 τῶν
999 266 1342 316 περινενοημένως,
1365 268 1500 312 acute,
1523 264 1709 313 solerter,
1733 265 1827 303 sub-

314 328 458 375 tiliter,
482 326 702 371 dictorum,
724 328 767 363 et
787 323 868 362 alio
891 322 986 361 hine
1014 321 1145 361 citato
1167 320 1257 359 loco
1279 319 1470 372 subjicit:
1503 320 1603 360 πάνυ
1624 322 1698 371 γὰρ
1720 337 1825 370 περι-

316 382 557 432 νενοημένως
574 383 706 420 διόλου
727 382 774 432 τῷ
792 380 898 431 λόγῳ
923 379 1115 430 κέχρηται.
1177 375 1443 415 Minucianus
1464 390 1503 428 p.
1528 388 1614 426 ¹44·
1635 375 1697 415 ait
1719 376 1828 414 huno

315 440 451 478 locum
482 453 508 477 a
530 435 632 476 ταῦτ’
658 437 766 474 ἐστὶν
786 435 840 473 ad
862 435 1098 484 παρανόμων
1127 432 1257 483 γράφῃ
1277 446 1301 471 a
1331 431 1577 484 quibusdam
1609 431 1663 470 ad
1683 431 1827 483 enthy-

315 498 498 534 memata
519 491 677 539 referri.
696 491 767 530 sed
789 490 986 529 dubitans
1007 489 1055 528 iis
1072 488 1282 528 accedere.
1346 487 1453 527 Item
1472 487 1652 539 Apsines
1673 502 1712 540 p.
1732 497 1826 540 703.

315 550 426 589 eirca
461 549 531 587 fin.
594 548 753 586 Rursus
790 545 895 585 citat
930 545 1217 597 Hermogenes
1252 559 1292 596 p.
1333 556 1422 595 294.
1460 548 1542 583 ταῖς
1575 543 1708 592 μέντοι
1745 541 1826 582 καθ’

315 608 411 644 ὅλον
433 609 560 643 κῶλον
576 603 822 653 παρισώσεσι
845 602 905 640 καὶ
926 601 1027 640 πάνυ
1044 604 1181 651 χρῆται
1203 601 1223 638 ὁ
1243 598 1510 648 Δημοσθένης.
1544 601 1590 638 τὰ
1612 601 1685 649 γὰρ
1705 601 1827 637 τοιαῦ-

315 679 361 700 τα
392 664 459 699 τοῦ
494 660 664 699 κάλλους
697 659 764 696 οὐκ
798 656 1085 707 ἀπηλλαγμένα
1113 655 1156 694 τὸ
1186 655 1334 706 γοργὸν
1365 655 1478 693 οὐδὲν
1509 654 1624 704 ἧττον
1652 654 1734 705 ἔχει
1768 654 1828 693 καὶ

316 717 471 766 ἀληθές.
504 716 599 754 οἷον·
635 715 678 752 τὸ
701 717 846 763 λαβεῖν
868 713 935 752 οὖν
966 715 1013 751 τὰ
1034 712 1213 761 διδόμενα
1245 712 1448 761 ὁμολογῶν
1474 711 1640 759 ἔννομον
1662 710 1761 749 εἶναι
1782 709 1825 748 τὸ

315 773 430 824 χάριν
452 773 597 810 τούτων
619 771 830 808 ἀποδοῦναι
863 770 1099 818 παρανόμων
1126 767 1269 818 γράφῃ.
1302 768 1404 816 τρισὶ
1432 768 1506 816 γὰρ
1541 767 1677 806 κώλοις
1699 766 1759 804 καὶ
1781 764 1825 804 δι’

315 831 420 867 ὅλων
442 829 539 867 ἴσοις
562 825 772 875 κομμάτιον
790 825 833 863 ἓν
855 826 1041 874 ἐπήγαγε,
1062 823 1103 861 τὸ
1126 824 1360 873 παρανόμων
1382 821 1527 875 γράφῃ.
1561 822 1621 860 καὶ
1642 822 1827 870 πεποίηκε

316 883 462 924 κάλλος
484 883 683 929 δαιμόνιον
706 882 802 929 ὁμοῦ
835 881 881 933 τῷ
915 882 1043 932 γοργῷ
1067 879 1127 918 καὶ
1150 881 1306 930 σφοδρῷ
1342 879 1437 916 κατὰ
1469 878 1537 925 τὴν
1558 876 1825 927 ἀποστροφήν.

316 939 431 979 Citat
464 938 565 976 item
589 937 771 975 Thomas
795 936 856 974 M.
879 951 915 974 v.
951 936 1197 983 παρανόμων.
1240 933 1433 972 REISK.
1496 933 1559 972 De
1582 932 1742 971 Thoma
1767 932 1827 970 M.

315 1009 351 1033 v.
373 1008 470 1032 mox
496 993 550 1033 ad
581 1007 617 1031 v.
642 996 681 1030 6.
731 990 1062 1030 SCHAEFER.
1124 989 1353 1028 Aeschines
1386 989 1597 1041 impensae
1630 1002 1654 1027 a
1678 988 1828 1026 Demo-

315 1051 462 1090 sthene
483 1048 684 1102 pecuniae
716 1047 755 1085 in
788 1047 924 1085 libello
945 1045 1197 1085 mentionem
1220 1045 1373 1083 nullam
1393 1044 1562 1091 fecerat,
1587 1043 1710 1083 eredo
1732 1043 1829 1096 quia

316 1106 437 1159 hujus
459 1105 517 1143 rei
540 1104 693 1142 nullam
716 1102 797 1141 vim
819 1117 906 1142 esse
938 1102 1117 1154 putabat
1140 1100 1179 1138 in
1203 1100 1446 1153 quaestione
1462 1099 1567 1152 juris
1598 1099 1826 1152 proposita.

317 1162 398 1201 Sed
422 1160 725 1199 Demosthenes
759 1158 903 1198 callide
938 1162 1058 1210 urget
1093 1157 1170 1195 hoo
1204 1156 1349 1209 ipsum,
1374 1155 1491 1208 quasi
1524 1170 1597 1208 per
1627 1154 1828 1194 malitiam

314 1217 474 1257 feeerit.
536 1216 599 1254 Do
617 1214 776 1253 verbis:
810 1215 853 1253 τὸ
876 1218 1020 1263 λαβεῖν
1043 1214 1111 1251 οὖν
1134 1215 1178 1251 τὸ.
1200 1214 1380 1261 διδόμενα
1403 1229 1435 1250 κ.
1453 1228 1485 1250 τ.
1503 1217 1541 1249 λ.
1604 1209 1828 1263 Dionysius

316 1274 366 1312 de
394 1271 621 1324 Composit.
646 1270 825 1310 Verbor.
859 1285 898 1322 p.
934 1283 1001 1321 45.
1026 1268 1166 1307 Reisk.
1203 1272 1324 1307 notat
1359 1267 1484 1306 haee:
1518 1267 1557 1305 τί
1586 1267 1659 1314 δαὶ,
1696 1268 1728 1305 εἰ
1759 1266 1829 1314 τὴν

317 1330 596 1378 Δημοσθένους
617 1326 726 1375 λέξιν
748 1328 902 1373 ταύτην·
935 1326 978 1364 τὸ
1000 1328 1144 1374 λαβεῖν
1165 1325 1234 1362 οὖν
1264 1325 1311 1362 τὰ
1339 1324 1520 1372 διδόμενα
1541 1324 1747 1372 ὁμολογῶν
1770 1321 1829 1360 ἔν-

317 1401 434 1434 νομον
458 1384 570 1429 εἶναι,
588 1383 630 1421 τὸ
653 1383 796 1421 τούτων
816 1382 931 1434 χάριν
952 1382 1174 1424 ἀποδοῦναι,
1198 1380 1433 1429 παρανόμων
1454 1378 1585 1429 γράφῃ
1605 1396 1612 1423 ;
1649 1379 1682 1416 εἰ
1701 1378 1826 1418 λύσας

315 1458 371 1481 τις
395 1440 455 1478 καὶ
475 1439 653 1488 μεταθεὶς
675 1440 721 1476 τὰ
744 1442 861 1482 κῶλα,
880 1439 1017 1475 τοῦτον
1040 1436 1107 1474 τὸν
1131 1436 1271 1485 τρόπον
1288 1434 1499 1485 ἐξενέγκαι·
1533 1435 1739 1484 ὁμολογῶν
1760 1433 1829 1472 οὗν

316 1498 483 1544 ἔννομον
512 1494 609 1533 εἶναι
644 1493 683 1531 τὸ
717 1497 862 1542 λαβεῖν
895 1494 941 1531 τὰ
972 1495 1153 1540 διδόμενα
1186 1491 1419 1541 παρανόμων
1451 1490 1583 1540 γράφῃ
1614 1488 1656 1527 τὸ
1684 1489 1829 1528 τούτων

315 1550 431 1602 χάριν
451 1551 674 1594 ἀποδοῦναι,
698 1548 757 1598 ἆρ’
780 1548 919 1597 ὁμοίως
947 1548 1056 1586 ἔσται
1088 1546 1259 1594 δικανικὴ
1290 1546 1351 1583 καὶ
1373 1546 1620 1596 στρογγύλη;
1658 1545 1733 1595 ἐγὼ
1754 1545 1827 1593 μὲν

316 1607 384 1645 οὐκ
405 1608 547 1654 οἴομαι.
613 1604 756 1643 Recte.
820 1603 927 1642 Nam
961 1602 993 1641 si
1028 1600 1264 1654 praemittis
1290 1600 1403 1639 oola:
1438 1602 1641 1650 ὁμολογῶν
1663 1600 1828 1648 ἔννομον

319 1662 430 1708 εἶναι,
465 1660 699 1711 παρανόμων
731 1659 875 1710 γράφῃ,
899 1673 1023 1711 qnam
1055 1657 1134 1695 vim
1166 1656 1416 1695 rhetoricam
1450 1659 1624 1707 possunt
1658 1654 1824 1699 habere,

319 1731 412 1756 cuin
434 1716 617 1754 nondum
639 1714 878 1767 cognoveris
901 1728 983 1766 quo
1004 1712 1241 1766 pertineant
1255 1713 1267 1751 ’Ξ
1328 1710 1551 1750 DISSEN.

379 1774 471 1824 267,
490 1774 527 1810 6.
550 1773 754 1820 ὁμολογῶν
776 1770 941 1818 ἔννομον
959 1767 1075 1821 εἶναι]
1101 1769 1264 1817 ἔννομον
1283 1766 1380 1805 εἶναι
1402 1768 1606 1816 ὁμολογῶν
1629 1764 1826 1817 Syl'iallus

317 1829 341 1866 l.
366 1842 424 1867 C.:
460 1841 581 1879 quem
603 1826 821 1864 verborum
843 1825 1029 1863 ordinem
1050 1829 1137 1863 tres
1159 1823 1277 1861 codd.
1299 1822 1469 1861 habent.
1521 1820 1768 1860 SOHAEF.

375 1884 418 1922 τὸ
439 1883 848 1934 χάριν-παρανόμων
869 1881 1000 1934 γράφῃ
1017 1880 1046 1933 3]
1070 1879 1252 1918 Thomas
1277 1878 1337 1916 M.
1360 1893 1396 1930 p.
1416 1878 1510 1915 686.
1533 1890 1564 1915 s,
1583 1892 1590 1915 :
1625 1875 1827 1925 Δημοσθέ-

322 1957 387 1988 νης
410 1941 452 1978 ἐν
473 1939 523 1991 τῷ
547 1938 632 1988 περὶ
654 1939 843 1977 ἀτελείας·
875 1936 918 1974 τὸ
941 1936 1054 1987 χάριν
1075 1937 1219 1974 τούτων
1236 1934 1459 1972 ἀποδιδόναι
1480 1933 1715 1982 παρανόμων
1736 1947 1826 1981 γρα-

319 1996 388 2046 φῇ.
422 2007 639 2046 perperam
670 1992 734 2031 ille
765 1991 898 2031 citans
924 1991 1182 2043 Leptineam.
1245 1989 1330 2027 Nec
1358 1987 1618 2041 probandum
1650 1986 1827 2025 ἀποδιδό-

322 2068 395 2089 ναι.
458 2050 538 2088 Sed
572 2062 646 2101 pro
668 2047 817 2086 vitioso
839 2050 971 2101 γραφῇ
994 2046 1155 2085 codices
1177 2058 1318 2084 verum
1348 2044 1479 2095 γράφῃ
1500 2041 1650 2082 editori
1671 2042 1828 2081 frustra

320 2105 575 2145 obtulerunt.
637 2102 969 2143 SOHAEFER.

378 2160 491 2212 χάριν
522 2160 683 2210 τούτων]
722 2160 866 2197 τούτων
899 2157 1015 2209 χάριν
1037 2155 1260 2209 Dionysius
1284 2154 1433 2201 Halia..
1457 2153 1526 2206 qui
1559 2153 1685 2193 etiam
1718 2166 1826 2199 mox,

320 2217 402 2261 ubi.
426 2220 472 2254 ut
494 2214 721 2254 oratoriam
742 2218 876 2253 artem
907 2213 1028 2265 hujus
1059 2211 1233 2250 membri
1260 2210 1467 2256 ostendat,
1492 2210 1617 2248 verba
1638 2208 1679 2246 in
1700 2208 1827 2247 alium

320 2271 508 2310 ordinem
530 2269 780 2321 transponit.
842 2267 1174 2307 SOHAEFER.

377 2328 469 2374 267,
496 2338 532 2375 7.
568 2327 587 2363 ὁ
610 2327 651 2363 δὲ
674 2321 1169 2374 παμπόνηρος-τοιοῦτος]
1211 2321 1405 2360 Imitatur
1427 2319 1607 2372 scriptor
1626 2317 1827 2358 orationis

318 2382 517 2421 adversus
541 2379 761 2432 Aristogit.
790 2392 822 2417 1.
845 2393 882 2431 p.
908 2390 1001 2430 794,
1029 2390 1092 2417 22.
1156 2376 1323 2415 Monuit
1346 2376 1574 2414 Dobraeus.

382 2438 473 2479 267,
517 2449 575 2474 ΙΟ.
610 2436 671 2473 καὶ
701 2434 775 2483 μὴν
807 2435 893 2483 περὶ
924 2437 989 2472 τοῦ
1018 2431 1051 2483 γ’
1091 2451 1122 2471 κ.
1159 2449 1190 2470 τ.
1225 2432 1282 2483 λ.]
1332 2430 1447 2470 Citat
1480 2430 1519 2468 h.
1557 2430 1581 2468 l.
1617 2427 1827 2467 blaximus

323 2491 521 2545 Sophista
542 2491 592 2529 de
615 2489 898 2528 insolubilibus
921 2503 953 2527 c.
982 2501 1039 2540 15.
1064 2503 1102 2540 p.
1125 2490 1220 2539 583.
1284 2486 1475 2525 REISK.

383 2552 473 2597 267,
507 2560 563 2584 11.
596 2546 636 2583 τὸ
671 2545 859 2585 πολλάκις
893 2544 1005 2584 αὐτὸς
1039 2545 1337 2591 ἐστεφανῶσθαι
1369 2538 1577 2592 πρότερον]
1611 2539 1738 2578 Vitae
1768 2538 1826 2577 X.

323 2603 489 2641 Orator.
513 2616 550 2654 p.
575 2603 654 2649 846
680 2603 731 2639 A.
756 2604 928 2639 narrant
950 2614 1042 2638 eum
1064 2598 1241 2651 primum
1263 2612 1287 2636 a
1305 2595 1554 2640 Demomele,
1574 2593 1825 2641 Aristonico,

326 2657 538 2710 Hyperide
569 2660 825 2701 coronatum,
849 2654 1025 2707 denique
1046 2669 1070 2693 a
1093 2653 1375 2705 Ctesiphonte.
1440 2651 1571 2689 Immo
1600 2654 1647 2689 ut
1672 2648 1827 2688 videbis

323 2713 430 2751 infra
451 2727 489 2764 p.
513 2725 607 2764 302.
635 2716 734 2750 ante
766 2711 1079 2763 Ctesiphontem
1109 2709 1222 2761 prius
1253 2709 1305 2747 ab
1339 2705 1591 2750 Aristonico,
1625 2704 1772 2743 deinde
1802 2717 1827 2742 a

326 2767 563 2806 Demomele
585 2771 625 2805 et
649 2766 874 2819 Hyperide.
939 2765 1165 2803 Praeterea
1196 2763 1319 2802 semel
1350 2766 1397 2801 ut
1418 2761 1581 2800 videtur
1610 2763 1709 2799 ante
1730 2757 1826 2797 Ari-

324 2822 543 2866 stonicum,
566 2822 615 2860 of.
634 2835 759 2874 supra
779 2836 818 2873 p.
844 2832 936 2873 253.
979 2819 1203 2859 DISSEN.

382 2880 475 2927 267.
504 2889 560 2915 12.
583 2878 688 2915 ἀλλὰ
710 2876 802 2925 πρὸς
823 2876 939 2927 θεῶν]
978 2874 1281 2914 Demosthenes
1307 2871 1480 2925 opponit
1509 2871 1610 2910 haee
1638 2869 1698 2915 iis,
1721 2881 1825 2920 quae

324 2932 552 2971 Aeschines
584 2931 690 2970 dixit
721 2935 851 2969 contr.
875 2930 1059 2981 Ctesiph.
1088 2944 1127 2981 p.
1155 2931 1221 2981 58.
1284 2927 1376 2966 Etsi
1407 2940 1503 2965 vero
1539 2938 1619 2963 non
1655 2923 1824 2962 dubium
