1950 3210
547 141 621 180 DE
656 142 731 182 FA
740 142 843 181 LSA
884 142 1240 183 LEGATIONE.
1567 148 1649 185 :3823

136 247 180 286 οὐ
198 249 271 298 γὰρ
288 247 309 297 ἡ
329 248 553 287 Μακεδονία
577 249 712 289 κακοὺς
733 247 754 298 ἦ
776 249 967 300 χρηστοὺς
988 253 1104 294 ποιεῖ,
1123 248 1212 288 ἀλλ’
1229 250 1251 299 ἡ
1274 250 1405 299 φύσις·
1436 249 1511 289 οὐδ’
1530 251 1650 299 ἐσμὲν

137 304 264 354 ἕτεροί
285 319 386 345 τινες
412 304 570 352 ἥκοντες
592 304 667 343 ἀπὸ
691 306 754 353 τῆς
774 305 1003 355 πρεσβείας,
1028 304 1116 344 ἀλλ’
1136 306 1239 347 οἵους
1261 304 1521 355 ἐξεπέμψατε.
1567 306 1650 345 aud

135 372 180 409 31
199 379 239 394 =
252 371 347 412 209.
365 358 556 409 Ἀθήνησι
576 361 648 408 μὲν
664 360 760 410 ἦμεν
777 361 876 410 ἄξιοι
897 364 959 410 τῆς
980 360 1163 412 ὑμετέρας
1184 362 1349 401 πίστεως
1357 393 1458 400 ......
1468 363 1652 403 ἐλθόντες

137 413 166 454 δ’
191 417 244 456 εἰς
280 416 529 455 Μακεδονίαν
566 415 752 467 ἐξαίφνης
789 418 1004 468 ἐγενόμεθα
1043 418 1240 467 προδόται.
1302 417 1532 456 Aeschines
1568 417 1650 457 had

135 471 223 510 also
252 471 453 524 probably
474 471 559 511 this
579 472 733 525 charge
761 472 801 511 in
825 472 889 511 his
911 472 1010 512 view
1032 473 1071 512 in
1095 473 1167 512 the
1188 472 1434 525 concluding
1456 478 1650 513 sentence

136 528 182 566 of
198 527 293 567 that
314 541 411 580 ver)v
426 527 633 567 histrionia
653 528 766 581 pieee
789 529 835 567 of
851 534 1032 582 oratory.
1052 529 1211 569 (10001.
1228 544 1267 582 p.
1286 530 1352 581 65.
1374 530 1434 569 St.
1458 532 1561 581 (470
1579 528 1649 580 R.)

137 582 213 622 οὐδ’
236 584 343 624 ὅστις
379 585 487 623 ἐστὶν
518 586 614 623 οἴκοι
644 588 808 634 φαῦλος,
848 585 1021 624 οὐδέποτ’
1045 585 1092 634 ἦν
1125 587 1167 624 ἐν
1200 586 1425 638 Μακεδονίᾳ
1457 587 1553 625 κατὰ
1583 585 1653 634 τὴν

136 640 355 690 πρεσβείαν
378 640 497 681 καλὸς
522 641 703 690 κάγαθός·
741 641 785 680 οὐ
806 643 881 692 γὰρ
903 641 972 680 τὸν
993 642 1149 692 τρόπον,
1174 642 1280 680 ἀλλὰ
1301 641 1368 681 τὸν
1389 642 1510 681 τόπον
1531 643 1653 691 μόνον

135 695 370 745 μετήλλαξε.
415 695 730 736 SHJLLETO.

193 764 289 802 441,
310 765 372 804 15.
399 751 582 805 ἀνήκοος]
619 759 642 774 “
659 752 985 806 Unaequainted
1012 753 1113 793 with
1145 753 1390 794 traditional
1421 753 1546 799 101·0,”
1568 752 1594 791 1.
1617 768 1651 792 0.

136 822 183 847 as
205 822 263 846 we
285 808 431 847 should
454 822 550 861 say:
584 822 623 848 so
644 809 943 862 unaeqzcaiozted
964 810 1055 849 willa
1077 809 1236 861 history.
1279 809 1590 849 SHILLETO.

195 877 292 914 441,
314 866 375 903 16.
398 865 524 917 ὅστις]
555 866 714 905 Orator
735 879 907 904 exorsus
928 866 982 905 ab
1006 867 1271 919 ἐρωτηματικῷ
1295 865 1476 918 σχήματι,
1495 879 1588 904 Cum
1610 865 1653 904 τὸ

139 921 225 969 ἑξῆς
245 919 553 973 interpellasset
573 921 864 961 conditionalis
887 921 1122 961 enuntiatio
1146 923 1180 961 εἴ
1200 938 1255 962 τις
1277 923 1401 973 ἔροιτο
1426 939 1457 960 κ.
1474 938 1506 961 τ.
1525 926 1575 969 λ.,
1599 921 1653 961 ad

133 975 363 1028 juvandum
380 976 635 1017 intellectum
657 977 816 1031 periodi
839 977 962 1031 paulo
980 977 1256 1031 impeditioris
1274 977 1445 1018 transiit
1462 977 1501 1016 111
1521 980 1655 1030 σχῆμα

137 1046 249 1072 mere
272 1033 528 1083 ἀποφατικὸν,
553 1033 629 1073 οὐδ’
649 1034 697 1073 ἂν
719 1035 773 1075 εἷς
796 1052 827 1073 κ.
849 1051 882 1073 τ.
905 1039 942 1073 λ.
987 1033 1237 1074 SCHAEF.

201 1088 286 1128 εἰπέ
306 1088 391 1142 μοι]
428 1089 627 1129 Formula
650 1089 852 1130 ordientis
884 1090 1254 1143 interrogationem
1277 1094 1366 1130 tam
1392 1089 1584 1137 solennis,
1608 1094 1655 1129 ut

139 1144 266 1185 etiam
287 1145 342 1185 ad
364 1145 500 1198 plures
522 1145 699 1185 dicatur.
745 1147 808 1186 SC
818 1147 1004 1186 HAEF.

195 1214 291 1250 441,
318 1213 382 1241 21.
414 1203 450 1241 οἱ
480 1201 656 1253 ἡμέτεροι
687 1202 890 1256 πρόγονοι]
928 1203 1010 1242 Est.
1039 1201 1141 1241 haec
1172 1201 1409 1255 appositio:
1445 1201 1596 1255 quippe
1620 1203 1656 1240 οἱ

140 1261 356 1308 Μαραθῶνι
379 1259 440 1297 καὶ
456 1262 652 1307 Σαλαμῖνι
673 1258 804 1298 solum
825 1273 900 1311 per
921 1273 964 1298 se
985 1257 1158 1311 intelligi
1177 1262 1354 1311 opertet.
1394 1257 1655 1297 SCHAEF.

201 1327 298 1364 441,
329 1326 395 1354 22.
434 1313 482 1353 ἂν
514 1314 748 1368 ἑαλωκέναι]
790 1315 995 1355 Futurum
1020 1314 1152 1366 sitisse
1182 1319 1227 1353 ‘ut
1260 1320 1508 1368 caperentur.
1577 1312 1657 1353 Est

141 1369 370 1409 infinitivus
391 1370 799 1424 p111s‹pia111pe1‘f'eeti.
844 1371 1104 1411 SCHAEF.

197 1439 294 1476 441,
321 1438 384 1479 23.
408 1427 486 1480 οὓς]
519 1427 786 1467 Anteecdens
818 1433 881 1467 est
912 1428 1130 1478 προγόνων,
1153 1426 1422 1466 subauditum
1454 1439 1549 1465 cum
1573 1426 1658 1465 τού-

141 1499 218 1522 των
238 1482 264 1521 1.
290 1493 354 1535 25.
398 1482 648 1523 SEAGER.
673 1483 789 1523 Diar.
814 1483 983 1523 Classie.
1007 1484 1076 1535 56.
1098 1497 1140 1536 p.
1168 1493 1261 1536 255.

198 1552 295 1589 441,
324 1552 387 1592 25.
416 1540 657 1587 ὑμᾶς-τοὺς
684 1541 724 1589 ἐξ
751 1539 929 1594 ἐκείνων]
963 1539 1085 1579 Haec
1121 1553 1196 1592 per
1227 1537 1534 1592 appositionem
1565 1551 1659 1578 0011-

142 1599 380 1634 1100111111111.
422 1594 674 1635 SEAGER.
697 1595 721 1635 1.
745 1610 778 1635 0.

198 1664 295 1701 441,
323 1663 388 1704 27.
418 1651 506 1691 οὐδὲ
536 1653 610 1703 γὰρ
643 1653 662 1691 ὁ
695 1651 860 1705 φθόνος]
900 1651 1017 1692 Conf.
1042 1650 1230 1703 Thucyd.
1256 1663 1290 1699 2,
1314 1660 1383 1703 45.
1407 1651 1553 1701 φθόνος
1584 1651 1660 1701 γὰρ

142 1711 223 1748 τοῖς
252 1708 345 1755 ζῶσι
371 1707 468 1758 πρὸς
487 1708 531 1746 τὸ
561 1708 790 1747 ἀντίπαλον·
821 1709 865 1748 τὸ
894 1709 935 1747 δὲ
963 1708 1015 1757 μὴ
1044 1708 1221 1756 ἐμποδὼν
1243 1707 1571 1759 ἀνανταγωνίστῳ
1603 1707 1661 1746 εὗ-

144 1764 230 1816 νοίᾳ
250 1764 457 1813 τετίμηται.
501 1763 813 1803 SHILLETO.

199 1831 298 1868 442,
322 1832 358 1871 5.
394 1819 867 1872 συλήσας-ἀπώλεσας]
905 1821 956 1873 τῷ
988 1820 1096 1872 λόγῳ
1123 1816 1394 1871 jungendum,
1428 1831 1511 1856 non
1541 1821 1659 1857 ante-

144 1875 401 1923 cedentibus,
440 1876 512 1915 sed
548 1875 844 1928 sequentibus:
885 1875 1063 1915 concione
1098 1888 1157 1913 res
1185 1872 1419 1926 perdidisti.
1482 1874 1660 1922 συλήσας

143 1935 286 1970 autem
319 1945 412 1970 011111
449 1931 558 1971 idem
594 1931 650 1971 sit
681 1932 792 1984 quod
829 1930 1100 1981 ἀποστερήσας
1135 1933 1210 1969 τῶν
1243 1930 1424 1977 ἐπαίνων,
1456 1928 1660 1982 interpre-

143 1987 263 2027 tandi
285 2001 383 2041 ergo
404 1987 595 2027 additum
617 1992 681 2027 est
701 1988 898 2037 διασύρας.
940 1986 1202 2026 SCHAEF.

200 2055 297 2093 442,
322 2046 361 2083 6.
386 2043 486 2097 εἶτα]
522 2044 704 2096 Ideoque
733 2048 877 2083 orator
903 2057 971 2083 es:
1007 2056 1135 2095 quare
1165 2041 1223 2080 nil
1253 2040 1490 2080 mirandum
1521 2044 1587 2080 est
1619 2045 1661 2080 te

144 2099 230 2139 late
250 2113 384 2139 arare.
427 2099 622 2139 REISK.

201 2167 297 2206 442,
314 2169 377 2195 10.
395 2154 733 2208 χειροτονηθῆναι]
754 2153 917 2194 Scilicet
936 2153 1180 2205 γραμματεὺς
1197 2154 1240 2192 ἐν
1257 2154 1302 2207 τῇ
1320 2154 1436 2206 θόλῳ.
1465 2150 1660 2191 REISK.

202 2223 299 2261 442,
320 2224 381 2264 15.
411 2211 610 2261 θοίμάτιον
633 2212 760 2252 καθεὶς
788 2212 876 2263 ἄχρι
897 2214 974 2250 τῶν
996 2210 1177 2262 σφυρῶν]
1214 2208 1383 2262 Sappho
1411 2222 1478 2261 ap.
1502 2207 1660 2248 Athen.

152 2281 184 2306 1.
215 2282 253 2320 p.
290 2280 335 2307 21
364 2267 412 2306 Β.
451 2268 518 2307 οὐκ
555 2266 793 2317 ἐπισταμένη
833 2269 881 2306 τὰ
919 2267 1071 2316 βράκεα
1111 2266 1240 2305 ἕλκειν
1277 2265 1340 2304 ἐπὶ
1374 2268 1451 2304 τῶν
1487 2268 1660 2316 σφυρῶν.

147 2323 318 2364 DOBR.
386 2323 499 2362 Nihil
532 2323 613 2363 huc
644 2322 744 2363 facit
775 2323 887 2376 quod
916 2322 1027 2362 idem
1063 2325 1279 2375 comparat
1307 2319 1587 2373 Eupolideuln
1620 2321 1663 2360 ἐν

145 2383 226 2422 τοῖς
261 2383 425 2431 σφυροῖς
462 2380 628 2419 ἕλκοντα
663 2379 731 2429 τὴν
767 2380 1018 2430 στρατηγίαν,
1056 2378 1107 2418 (10
1138 2391 1219 2431 quo
1245 2392 1282 2417 v.
1311 2376 1496 2416 Meinek.
1519 2376 1598 2416 vol.
1624 2389 1661 2416 2.

147 2450 187 2489 p.
207 2437 304 2489 465.

203 2494 272 2531 ἴσα
301 2492 454 2541 βαίνων
481 2491 698 2544 Πυθοκλεῖ]
731 2490 964 2544 “Keeping
997 2503 1101 2543 pace
1133 2488 1246 2535 with,
1275 2488 1456 2542 walking
1492 2488 1534 2526 in
1570 2492 1662 2540 step

147 2547 286 2595 with‚”
305 2552 350 2587 to
373 2547 483 2586 shew
501 2547 566 2586 his
588 2560 884 2599 consequence.
945 2546 1091 2598 Comp.
1116 2544 1260 2598 Steph.
1282 2557 1315 2584 1.
1338 2559 1378 2596 p.
1399 2557 1413 2582 1
1427 2555 1518 2582 120.
1541 2547 1569 2593 ξ.
1595 2554 1661 2595 77,

148 2603 283 2643 where
310 2603 383 2642 the
415 2617 527 2643 same
550 2603 685 2642 words
716 2617 787 2642 are
817 2602 964 2642 rather
995 2601 1228 2653 differently
1249 2599 1430 2653 applied,
1451 2599 1663 2652 truckling

147 2663 205 2707 to,
232 2659 316 2699 and
345 2658 552 2713 adapting
581 2658 645 2698 his
674 2672 778 2712 paee
808 2662 853 2698 to
884 2657 950 2697 his
982 2655 1277 2710 companion'S.
1339 2654 1429 2694 One
1450 2669 1546 2708 may
1568 2668 1662 2694 con-

143 2715 306 2768 jecture
335 2715 443 2754 from
474 2714 682 2754 Athenae.
709 2726 748 2767 5.
777 2728 815 2767 p.
841 2725 921 2767 215
944 2713 993 2753 E.
1020 2713 1118 2753 that
1147 2712 1220 2752 the
1250 2711 1384 2750 words
1414 2712 1483 2750 ’ίσα
1512 2712 1664 2760 βαίνων

151 2774 353 2810 Πυθοκλεῖ
368 2770 505 2810 either
525 2785 632 2810 were
652 2785 700 2809 or
721 2771 890 2810 became
911 2768 1157 2823 proverbial.
1210 2767 1465 2820 Harpocrat.
1488 2767 1557 2805 ’ίσα
1576 2767 1664 2816 βαί-

149 2843 226 2866 νων
248 2829 460 2866 Πυθοκλεῖ·
496 2825 749 2876 Δημοσθένης
774 2827 817 2866 ἐν
838 2828 887 2879 τῷ
919 2825 997 2865 κατ’
1018 2825 1222 2876 Αἰσχίνου,
1247 2823 1331 2862 ἀντὶ
1359 2826 1426 2861 τοῦ
1453 2823 1582 2861 συνὼν
1604 2822 1665 2861 ἀεὶ

150 2883 211 2922 καὶ
231 2884 326 2932 μηδὲ
346 2883 477 2935 βραχὺ
499 2882 778 2934 ἀφιστάμενος·
810 2882 870 2921 καὶ
892 2883 934 2921 ἐν
951 2884 1001 2934 τῷ
1027 2883 1124 2920 κατὰ
1141 2879 1347 2929 Στεφάνου
1368 2879 1503 2931 πρώτῳ
1525 2878 1662 2928 φησὶν,

148 2936 418 2992 Ἀριστολόχῳ
440 2941 490 2992 τῷ
513 2939 715 2990 τραπεζίτῃ
737 2940 805 2977 ἴσα
825 2938 977 2987 βαίνων
999 2935 1165 2986 ἐβάδιζε.
1228 2933 1469 2985 Μένανδρος,
1493 2932 1579 2984 παρ’
1599 2933 1664 2972 αὐ-
