1935 3205
654 146 1058 187 PRAEFATIO.
1547 146 1611 184 lxv

104 253 308 301 praecipio,
333 266 493 300 meoque
517 254 604 288 mihi
621 257 706 302 jure
727 254 962 302 despondeo.
995 254 1249 289 Contumeliis
1271 253 1333 300 qui
1357 266 1415 288 mc
1437 253 1614 292 alliciunt,

105 317 243 364 probra
263 318 300 352 in
331 330 388 352 me
411 317 474 364 qui
496 318 712 366 conjicient,
735 318 959 353 Adrus-team
989 318 1042 352 illi
1075 318 1173 353 baud
1205 316 1396 366 effugient,
1420 325 1460 351 ut
1491 329 1614 362 neque

105 381 276 428 'l'oupius
297 380 438 429 effugit.
495 381 615 416 Juvat
637 382 736 416 enim
765 382 866 417 hunc
888 394 978 429 prae
1000 381 1160 417 caeteris
1187 394 1220 416 c.
1245 394 1276 415 c.
1300 392 1612 419 commemorare,

106 457 191 479 cum
225 445 325 492 quod
360 457 494 480 recens
526 458 606 480 sum
638 459 659 479 a
689 446 854 481 lectione
888 445 1223 485 Emendatifflium,
1259 458 1351 491 quas
1384 444 1420 478 in
1457 443 1613 478 Suidam

107 508 237 549 edidit,
261 516 339 543 tum
364 509 464 555 quod
486 508 586 544 fama
605 508 686 549 viri,
709 509 765 544 his
786 510 822 544 iu
846 509 955 544 terris
983 509 1119 544 nostris
1147 521 1297 557 magna,
1320 520 1509 554 veraeque
1535 509 1615 554 ejus

105 571 248 612 laudes,
271 585 364 619 quas
390 573 490 608 ultro
517 572 586 620 ipsi
615 573 744 609 defero
772 586 898 621 neque
929 573 1166 613 obtrectabo,
1193 586 1269 608 non
1301 572 1431 607 sinunt
1463 583 1521 606 me
1552 569 1615 605 ad-

106 636 260 670 versarii
292 643 367 670 tam
398 636 535 671 nobilis
565 637 719 684 pudere.
778 637 950 672 Aliorum
982 636 1095 679 enim,
1123 635 1354 671 minutorum
1378 634 1615 672 catellorum,

107 699 329 746 ignavorum
353 708 391 735 et
412 699 618 736 imbellium
650 701 806 736 latratus
833 700 943 736 facile
973 699 1069 735 ferat
1092 700 1282 734 Molossus
1313 707 1350 734 et
1380 705 1616 734 contemnat.

107 763 348 810 Quamquam
383 763 592 812 aegerrime
621 763 712 804 fero,
746 776 767 798 a
792 766 936 812 juvene
970 766 1074 808 (nam
1103 767 1281 812 juvenem
1319 764 1389 797 ista
1425 761 1616 809 scripsisse

106 827 297 873 'l‘oupium
320 834 401 861 tota
421 827 636 873 scriptionis
656 827 753 862 ratio
775 827 913 874 prodit,
936 827 1102 874 produnt
1126 839 1248 862 mores
1277 827 1388 861 nimis
1416 826 1781 868 ‹lcmulati)1,xxv111

106 902 274 924 summos
294 890 408 929 viros,
432 891 678 939 Scaligerum,
696 891 980 930 Casaubonum,
1003 890 1248 929 Salmasium,
1271 890 1616 929 llemsterhusium,

108 952 340 993 Ernestium,
376 953 606 989 intolerabili
642 964 680 989 et
713 955 846 1002 poenis
880 954 1054 990 civilibus
1089 954 1205 998 digna
1239 954 1392 1002 linguae
1427 953 1619 1000 protervia

108 1017 312 1063 proscindi,
335 1030 412 1052 rem
437 1026 565 1053 tamen
586 1019 685 1054 hanc
708 1031 829 1054 meam
854 1031 929 1054 non
952 1018 1064 1054 facio.
1096 1018 1274 1053 Viderint
1294 1017 1377 1065 ipsi,
1400 1025 1465 1052 aut
1487 1030 1617 1052 eorum

108 1080 289 1121 vindices,
313 1094 405 1128 quas
437 1081 727 1118 maledicentiae
758 1096 901 1130 poenas
930 1083 977 1118 ab
1004 1082 1158 1118 homine
1183 1095 1282 1117 vano
1313 1089 1351 1116 ct
1381 1081 1619 1130 arrogantiae

109 1144 222 1191 pleno
244 1152 432 1192 repetant,
455 1157 584 1180 scurra
612 1158 733 1192 paene
754 1146 927 1182 dixerim.
986 1146 1086 1189 Quid
1117 1145 1215 1182 enim
1247 1145 1346 1181 aliud
1376 1158 1486 1192 quam
1518 1157 1621 1180 scur-

110 1207 289 1243 rilitatem
312 1208 520 1249 nominem,
543 1222 658 1256 quum
684 1222 741 1245 me
767 1210 818 1245 ait
841 1218 965 1245 vestes
996 1210 1138 1245 alienas
1169 1223 1236 1257 pro
1268 1222 1371 1243 more
1403 1222 1487 1244 meo
1518 1222 1619 1244 com-

113 1272 351 1308 maculasse?
409 1273 496 1316 Quo
527 1272 588 1308 ille
619 1272 715 1308 ferat
745 1274 884 1314 animo,
908 1273 937 1308 si
958 1286 1028 1322 ego
1057 1273 1109 1308 illi
1138 1273 1331 1320 probrum,
1354 1272 1454 1319 quod
1476 1273 1620 1320 optimo

105 1339 190 1384 jure
220 1336 358 1384 possim
390 1336 525 1377 facere,
548 1337 576 1371 si
598 1337 726 1378 velim,
755 1336 790 1371 in
820 1350 860 1372 os
892 1337 1096 1386 regeram?
1154 1336 1229 1371 Vix
1260 1337 1398 1385 pagina
1428 1335 1475 1370 sit
1505 1337 1621 1371 totius

110 1400 210 1442 libri,
228 1412 302 1447 qua
322 1412 398 1435 non
418 1408 582 1436 veterum
605 1407 803 1435 auctorum
821 1408 948 1436 vestes
968 1413 1036 1448 pro
1054 1412 1159 1435 more
1180 1413 1248 1435 suo
1265 1399 1618 1435 commaculaverit:

110 1464 147 1499 id
169 1464 283 1510 quod,
306 1464 336 1499 si
356 1475 510 1499 necesse
540 1462 600 1503 sit,
622 1462 724 1499 facili
755 1464 910 1512 negotio
931 1463 1047 1512 possit
1068 1464 1335 1500 demonstrari.
1393 1464 1501 1499 Tune
1533 1463 1621 1498 mihi

110 1528 275 1563 scabiem
307 1535 409 1562 tuam
439 1528 713 1575 exprobrabis?
773 1529 899 1563 Homo
930 1542 1025 1570 sum,
1048 1540 1171 1575 neque
1204 1541 1262 1563 me
1291 1528 1397 1577 fugit,
1420 1527 1623 1573 προπέτειαν

111 1592 279 1627 criticam
300 1591 424 1626 labem
449 1603 530 1626 esse
558 1591 650 1626 mibi
671 1600 875 1641 cognatam
896 1600 933 1628 et
953 1592 1098 1628 intimis
1118 1593 1221 1628 fibris
1241 1593 1410 1627 infixam.
1471 1591 1544 1626 Sed
1570 1599 1622 1632 tu,

111 1655 176 1702 qui
198 1655 331 1690 eodem
365 1655 494 1690 morbo
520 1656 680 1697 laboras,
704 1668 770 1691 cur
791 1665 828 1692 te
850 1669 926 1691 non
957 1657 1141 1704 respicis?
1173 1669 1240 1692 cur
1259 1657 1386 1703 lapsus
1419 1668 1523 1691 meos
1553 1667 1619 1690 ex-

111 1720 245 1768 agitas,
264 1720 360 1754 bene
381 1732 402 1754 a
423 1732 482 1755 me
504 1719 745 1762 traditorum,
761 1725 827 1755 τῶν
847 1718 1126 1766 κατορθωμάτων,
1142 1721 1347 1756 immemor
1363 1719 1375 1755 ?
1406 1720 1539 1755 Peram
1556 1730 1623 1754 cur

112 1784 260 1819 excutis
290 1791 377 1818 ante
406 1791 541 1831 pectus
570 1784 745 1831 positam,
767 1784 936 1832 posticae
958 1784 1125 1820 oblitus?
1172 1784 1425 1820 Sedulitatem
1457 1795 1622 1832 agnosco

112 1855 215 1882 tuam
238 1855 275 1882 et
294 1846 517 1883 felicitatem
538 1847 577 1882 in
597 1847 768 1883 fontibus
787 1848 996 1897 glossarum
1021 1847 1162 1883 Suidae
1184 1847 1473 1896 investigandis
1526 1846 1622 1881 Feli-

112 1911 262 1946 cissime
290 1923 368 1946 rem
399 1911 511 1960 geris,
533 1911 599 1946 ubi
621 1924 667 1946 ex
690 1911 779 1959 ipsis
800 1912 988 1947 cubilibus
1009 1912 1218 1961 glossarum
1242 1919 1280 1946 et
1301 1911 1462 1945 aliorum
1490 1917 1621 1945 aucto-

111 1987 193 2009 rum
217 1975 503 2022 comparatione
531 1975 734 2011 emendare
763 1975 866 2011 licet.
929 1975 1003 2012 Ubi
1031 1983 1162 2011 autem
1188 1975 1343 2023 ingenio
1369 1974 1536 2023 gerenda
1563 1986 1623 2009 res

112 2046 181 2080 est,
203 2038 254 2073 ibi
278 2039 494 2086 turpissime
514 2039 601 2075 ruis.
642 2039 851 2075 Hominem
874 2039 1045 2086 profecto
1066 2039 1122 2074 tui
1143 2038 1298 2081 ordinis,
1318 2038 1497 2073 clericum
1521 2037 1622 2072 enim

112 2109 150 2137 te
177 2114 257 2136 esse
278 2102 411 2136 titulus
438 2101 525 2137 libri
545 2102 598 2137 tui
620 2102 774 2143 indicat,
798 2115 874 2138 non
897 2102 1059 2138 decebat
1078 2102 1314 2137 Thrasonem
1346 2113 1459 2150 agere
1488 2101 1534 2136 de
1564 2101 1624 2135 lu-

111 2164 244 2211 panari
261 2165 384 2200 adbuc
400 2165 601 2207 calentem,
616 2166 778 2201 Veneris
792 2166 1018 2214 vulgivagae
1037 2166 1214 2214 mysteria
1230 2166 1460 2211 ἐξορχεῖσθαι,
1476 2177 1625 2200 summa

112 2228 268 2277 ingenia
289 2228 334 2264 de
354 2237 472 2276 ponte
491 2229 597 2276 quasi
619 2230 796 2278 dejicere.
856 2230 963 2264 Nihil
983 2229 1156 2277 profecto
1177 2229 1302 2264 minus
1332 2229 1514 2265 com-enit
1534 2228 1624 2263 viris

112 2290 357 2326 humaniores
378 2291 505 2328 literas
525 2291 716 2340 professis,
734 2305 846 2339 quam
869 2292 907 2326 in
929 2292 1023 2327 alios
1042 2291 1140 2326 bene
1162 2291 1208 2326 de
1226 2291 1345 2326 literis
1368 2290 1504 2326 mereri
1524 2298 1622 2326 sata-

112 2362 246 2403 gantes
277 2362 315 2389 et
344 2362 493 2390 tantum
524 2363 775 2403 praestantes,
798 2364 983 2403 quantum
1013 2368 1082 2403 pro
1111 2367 1152 2390 re
1182 2364 1272 2390 nata
1302 2363 1473 2402 possunt,
1505 2354 1624 2390 modis

112 2417 331 2453 inhumanis
365 2419 525 2454 saevire.
585 2418 659 2455 Sed
694 2420 789 2455 haec
824 2420 959 2455 obiter.
1019 2419 1077 2454 Ad
1109 2431 1190 2454 rem
1222 2427 1461 2466 praesentem
1495 2418 1623 2454 redeo.

115 2480 334 2531 Segregavi,
359 2494 468 2517 secus
497 2495 609 2530 quam
631 2483 771 2530 Taylor
791 2482 896 2523 fecit,
918 2483 1111 2518 variantes
1142 2483 1187 2518 ab
1218 2482 1623 2518 animadversionibus.

114 2545 158 2580 In
189 2545 259 2586 his,
282 2545 463 2592 quicquid
485 2546 522 2580 in
545 2553 652 2581 texto
674 2546 866 2582 Parisinae
897 2546 1075 2582 editionis
1104 2546 1263 2589 mutavi,
1285 2546 1417 2581 sedulo
1444 2545 1622 2581 indicavi.
1639 2554 1756 2577 LXXIX

115 2607 348 2655 Simpliciter
365 2621 450 2643 cum
473 2609 557 2644 dico
578 2610 719 2645 correoei
747 2618 813 2645 aut
840 2611 930 2650 dedi,
953 2610 1047 2645 certi
1071 2609 1183 2645 velim
1217 2610 1291 2644 sint
1320 2610 1495 2650 lectores,
1519 2607 1554 2644 id
1577 2620 1623 2643 ex

115 2670 280 2717 antiquis
297 2671 414 2713 libris,
435 2672 510 2708 sive
532 2673 656 2714 editis,
673 2674 753 2708 sive
776 2673 1055 2720 manuscriptis,
1074 2681 1240 2708 sumtum
1264 2685 1357 2708 esse.
1388 2672 1500 2707 Unde
1521 2685 1622 2707 sum-

115 2742 198 2770 tum
219 2735 397 2782 quodque
427 2735 486 2777 sit,
516 2737 667 2772 docebit
695 2737 790 2772 liber
815 2737 1059 2772 variantium.
1119 2738 1156 2771 Si
1184 2736 1271 2783 quid
1303 2743 1428 2771 autem
1461 2736 1507 2771 de
1539 2748 1623 2771 meo

115 2810 229 2834 sensu
256 2806 294 2834 et
324 2798 480 2834 arbitrio
510 2800 650 2835 mutavi
677 2800 722 2835 de
749 2808 902 2835 vetusta
929 2800 1106 2839 lectione,
1134 2800 1169 2835 id
1200 2799 1329 2834 sedulo
1355 2799 1533 2839 indicavi,
1555 2799 1622 2834 ad-

117 2861 242 2898 dendo
272 2863 314 2897 de
342 2874 416 2897 mea
445 2863 630 2905 sententia,
652 2871 718 2899 aut
748 2864 789 2898 de
816 2876 889 2898 meo
918 2876 1032 2905 sensu,
1054 2871 1119 2898 aut
1140 2863 1291 2898 arbitrio
1313 2875 1396 2904 meo,
1420 2871 1483 2898 aut
1504 2868 1626 2909 sponte

116 2938 205 2967 mea,
228 2934 293 2962 aut
313 2925 434 2962 simile
457 2927 560 2974 quid.
619 2927 663 2963 In
692 2927 774 2975 ipso
802 2934 906 2963 texto
937 2927 1122 2976 ejusmodi
1152 2927 1246 2962 locis
1275 2927 1321 2962 de
1353 2939 1437 2963 meo
1467 2927 1623 2962 arbitrio

863 3003 883 3026 e
