<?xml version="1.0" encoding="UTF-8"?>
<!DOCTYPE html PUBLIC "-//W3C//DTD XHTML 1.0 Transitional//EN"
    "http://www.w3.org/TR/xhtml1/DTD/xhtml1-transitional.dtd">
<html xmlns="http://www.w3.org/1999/xhtml" xml:lang="en" lang="en">
 <head>
  <title>
</title>
<meta http-equiv="Content-Type" content="text/html;charset=utf-8" />
  <meta name='ocr-system' content='tesseract 3.04.00' />
  <meta name='ocr-capabilities' content='ocr_page ocr_carea ocr_par ocr_line ocrx_word'/>
</head>
<body>
  <div class='ocr_page' id='page_1' title='image "./operaexrecension05demouoft_0372.png"; bbox 0 0 1934 3179; ppageno 0'>
   <div class='ocr_carea' id='block_1_1' title="bbox 304 115 1397 157">
    <p class='ocr_par' dir='ltr' id='par_1_1' title="bbox 304 115 1397 157">
     <span class='ocr_line' id='line_1_1' title="bbox 304 115 1397 157; baseline 0.005 -5"><span class='ocrx_word' id='word_1_1' title='bbox 304 115 386 156; x_wconf 69' lang='lat'>292</span> <span class='ocrx_word' id='word_1_2' title='bbox 720 115 950 156; x_wconf 83' lang='lat' dir='ltr'>DISSENl</span> <span class='ocrx_word' id='word_1_3' title='bbox 990 116 1397 157; x_wconf 81' lang='lat' dir='ltr'><strong>INTRODUCTIO</strong></span> 
     </span>
    </p>
   </div>
   <div class='ocr_carea' id='block_1_2' title="bbox 297 222 1813 2953">
    <p class='ocr_par' dir='ltr' id='par_1_2' title="bbox 304 222 1813 333">
     <span class='ocr_line' id='line_1_2' title="bbox 361 222 1813 279; baseline 0.004 -18"><span class='ocrx_word' id='word_1_4' title='bbox 361 222 624 275; x_wconf 78' lang='lat' dir='ltr'>Ctesiphonti</span> <span class='ocrx_word' id='word_1_5' title='bbox 644 223 858 274; x_wconf 78' lang='grc' dir='ltr'>συνήγορος</span> <span class='ocrx_word' id='word_1_6' title='bbox 878 224 1074 265; x_wconf 87' lang='lat' dir='ltr'>successit</span> <span class='ocrx_word' id='word_1_7' title='bbox 1092 224 1408 273; x_wconf 77' lang='lat' dir='ltr'>Demosthenes,</span> <span class='ocrx_word' id='word_1_8' title='bbox 1425 227 1541 279; x_wconf 87' lang='lat' dir='ltr'>cujus</span> <span class='ocrx_word' id='word_1_9' title='bbox 1558 241 1665 266; x_wconf 92' lang='lat' dir='ltr'>nunc</span> <span class='ocrx_word' id='word_1_10' title='bbox 1682 228 1813 267; x_wconf 89' lang='lat' dir='ltr'>consi-</span> 
     </span>
     <span class='ocr_line' id='line_1_3' title="bbox 304 277 1380 333; baseline 0.005 -17"><span class='ocrx_word' id='word_1_11' title='bbox 304 277 544 317; x_wconf 88' lang='lat' dir='ltr'>derabimus</span> <span class='ocrx_word' id='word_1_12' title='bbox 565 278 809 326; x_wconf 76' lang='lat' dir='ltr'>orationem,</span> <span class='ocrx_word' id='word_1_13' title='bbox 833 280 1039 331; x_wconf 87' lang='lat' dir='ltr'>quomodo</span> <span class='ocrx_word' id='word_1_14' title='bbox 1061 281 1292 333; x_wconf 86' lang='lat' dir='ltr'>composita</span> <span class='ocrx_word' id='word_1_15' title='bbox 1313 281 1380 321; x_wconf 87' lang='lat' dir='ltr'>sit.</span> 
     </span>
    </p>

    <p class='ocr_par' dir='ltr' id='par_1_3' title="bbox 297 333 1813 725">
     <span class='ocr_line' id='line_1_4' title="bbox 362 333 1813 388; baseline 0.006 -17"><span class='ocrx_word' id='word_1_16' title='bbox 362 333 410 371; x_wconf 91' lang='lat' dir='ltr'>In</span> <span class='ocrx_word' id='word_1_17' title='bbox 430 334 601 373; x_wconf 90' lang='lat' dir='ltr'>exordio</span> <span class='ocrx_word' id='word_1_18' title='bbox 626 336 661 387; x_wconf 51' lang='grc' dir='ltr'>ᾗ.</span> <span class='ocrx_word' id='word_1_19' title='bbox 691 347 835 373; x_wconf 79' lang='grc'>1-10,</span> <span class='ocrx_word' id='word_1_20' title='bbox 856 336 972 388; x_wconf 78' lang='lat' dir='ltr'>gravi</span> <span class='ocrx_word' id='word_1_21' title='bbox 995 340 1037 375; x_wconf 90' lang='lat' dir='ltr'>ct</span> <span class='ocrx_word' id='word_1_22' title='bbox 1058 336 1228 375; x_wconf 76' lang='lat' dir='ltr'>solemni</span> <span class='ocrx_word' id='word_1_23' title='bbox 1252 337 1426 377; x_wconf 84' lang='lat' dir='ltr'>formula</span> <span class='ocrx_word' id='word_1_24' title='bbox 1446 337 1610 378; x_wconf 87' lang='lat' dir='ltr'>invocat</span> <span class='ocrx_word' id='word_1_25' title='bbox 1632 340 1742 386; x_wconf 75' lang='lat' dir='ltr'>deos,</span> <span class='ocrx_word' id='word_1_26' title='bbox 1765 346 1813 380; x_wconf 87' lang='lat' dir='ltr'>ut</span> 
     </span>
     <span class='ocr_line' id='line_1_5' title="bbox 302 388 1812 448; baseline 0.005 -22"><span class='ocrx_word' id='word_1_27' title='bbox 302 388 344 427; x_wconf 90' lang='lat' dir='ltr'>in</span> <span class='ocrx_word' id='word_1_28' title='bbox 367 389 443 428; x_wconf 89' lang='lat' dir='ltr'>hac</span> <span class='ocrx_word' id='word_1_29' title='bbox 465 394 586 429; x_wconf 85' lang='lat' dir='ltr'>tanta</span> <span class='ocrx_word' id='word_1_30' title='bbox 606 404 753 429; x_wconf 82' lang='lat' dir='ltr'>caussa</span> <span class='ocrx_word' id='word_1_31' title='bbox 774 391 1061 431; x_wconf 74' lang='lat' dir='ltr'>benevolentia</span> <span class='ocrx_word' id='word_1_32' title='bbox 1083 392 1270 445; x_wconf 86' lang='lat' dir='ltr'>judicum</span> <span class='ocrx_word' id='word_1_33' title='bbox 1292 392 1369 432; x_wconf 86' lang='lat' dir='ltr'>sibi</span> <span class='ocrx_word' id='word_1_34' title='bbox 1392 393 1503 433; x_wconf 87' lang='lat' dir='ltr'>adsit</span> <span class='ocrx_word' id='word_1_35' title='bbox 1525 399 1567 434; x_wconf 92' lang='lat' dir='ltr'>et</span> <span class='ocrx_word' id='word_1_36' title='bbox 1588 395 1690 434; x_wconf 88' lang='lat' dir='ltr'>fides</span> <span class='ocrx_word' id='word_1_37' title='bbox 1711 395 1812 448; x_wconf 90' lang='lat' dir='ltr'>juri-</span> 
     </span>
     <span class='ocr_line' id='line_1_6' title="bbox 297 445 1812 499; baseline 0.004 -16"><span class='ocrx_word' id='word_1_38' title='bbox 297 445 480 497; x_wconf 87' lang='lat' dir='ltr'>jurando</span> <span class='ocrx_word' id='word_1_39' title='bbox 502 445 655 491; x_wconf 70' lang='lat' dir='ltr'>debita,</span> <span class='ocrx_word' id='word_1_40' title='bbox 679 460 760 499; x_wconf 91' lang='lat' dir='ltr'>quo</span> <span class='ocrx_word' id='word_1_41' title='bbox 781 447 914 498; x_wconf 88' lang='lat' dir='ltr'>possit</span> <span class='ocrx_word' id='word_1_42' title='bbox 933 447 1060 486; x_wconf 90' lang='lat' dir='ltr'>libere</span> <span class='ocrx_word' id='word_1_43' title='bbox 1082 448 1329 488; x_wconf 88' lang='lat' dir='ltr'>defensionis</span> <span class='ocrx_word' id='word_1_44' title='bbox 1351 450 1514 489; x_wconf 85' lang='lat' dir='ltr'>ratione</span> <span class='ocrx_word' id='word_1_45' title='bbox 1535 455 1578 490; x_wconf 89' lang='lat' dir='ltr'>et</span> <span class='ocrx_word' id='word_1_46' title='bbox 1599 451 1742 490; x_wconf 78' lang='lat' dir='ltr'>ordine</span> <span class='ocrx_word' id='word_1_47' title='bbox 1763 466 1812 491; x_wconf 93' lang='lat' dir='ltr'>eo</span> 
     </span>
     <span class='ocr_line' id='line_1_7' title="bbox 303 500 1811 558; baseline 0.005 -20"><span class='ocrx_word' id='word_1_48' title='bbox 303 500 363 540; x_wconf 90' lang='lat' dir='ltr'>uti</span> <span class='ocrx_word' id='word_1_49' title='bbox 387 515 468 553; x_wconf 86' lang='lat' dir='ltr'>quo</span> <span class='ocrx_word' id='word_1_50' title='bbox 490 501 599 540; x_wconf 91' lang='lat' dir='ltr'>velit.</span> <span class='ocrx_word' id='word_1_51' title='bbox 662 501 765 541; x_wconf 86' lang='lat' dir='ltr'>Esse</span> <span class='ocrx_word' id='word_1_52' title='bbox 787 502 868 541; x_wconf 92' lang='lat' dir='ltr'>duo</span> <span class='ocrx_word' id='word_1_53' title='bbox 898 502 1161 543; x_wconf 88' lang='lat' dir='ltr'>incommoda</span> <span class='ocrx_word' id='word_1_54' title='bbox 1185 519 1337 558; x_wconf 81' lang='lat' dir='ltr'>magna</span> <span class='ocrx_word' id='word_1_55' title='bbox 1365 504 1442 544; x_wconf 89' lang='lat' dir='ltr'>sibi</span> <span class='ocrx_word' id='word_1_56' title='bbox 1475 505 1516 543; x_wconf 95' lang='lat' dir='ltr'>in</span> <span class='ocrx_word' id='word_1_57' title='bbox 1545 506 1621 545; x_wconf 83' lang='lat' dir='ltr'>hac</span> <span class='ocrx_word' id='word_1_58' title='bbox 1643 512 1811 546; x_wconf 89' lang='lat' dir='ltr'>conten-</span> 
     </span>
     <span class='ocr_line' id='line_1_8' title="bbox 302 556 1810 611; baseline 0.004 -16"><span class='ocrx_word' id='word_1_59' title='bbox 302 556 439 601; x_wconf 81' lang='lat' dir='ltr'>tione;</span> <span class='ocrx_word' id='word_1_60' title='bbox 488 561 628 596; x_wconf 87' lang='lat' dir='ltr'>tamen</span> <span class='ocrx_word' id='word_1_61' title='bbox 660 571 741 596; x_wconf 89' lang='lat' dir='ltr'>non</span> <span class='ocrx_word' id='word_1_62' title='bbox 772 572 894 611; x_wconf 88' lang='lat' dir='ltr'>posse</span> <span class='ocrx_word' id='word_1_63' title='bbox 924 559 1047 599; x_wconf 90' lang='lat' dir='ltr'>aliter</span> <span class='ocrx_word' id='word_1_64' title='bbox 1076 559 1178 607; x_wconf 71' lang='lat' dir='ltr'>fieri,</span> <span class='ocrx_word' id='word_1_65' title='bbox 1213 574 1471 600; x_wconf 86' lang='lat' dir='ltr'>communem</span> <span class='ocrx_word' id='word_1_66' title='bbox 1501 576 1590 600; x_wconf 88' lang='lat' dir='ltr'>esse</span> <span class='ocrx_word' id='word_1_67' title='bbox 1621 576 1810 602; x_wconf 85' lang='lat' dir='ltr'>caussam</span> 
     </span>
     <span class='ocr_line' id='line_1_9' title="bbox 301 612 1810 671; baseline 0.005 -21"><span class='ocrx_word' id='word_1_68' title='bbox 301 612 378 650; x_wconf 88' lang='lat' dir='ltr'>sibi</span> <span class='ocrx_word' id='word_1_69' title='bbox 402 616 444 651; x_wconf 86' lang='lat' dir='ltr'>et</span> <span class='ocrx_word' id='word_1_70' title='bbox 467 612 741 665; x_wconf 75' lang='lat' dir='ltr'>Ctesiphonti.</span> <span class='ocrx_word' id='word_1_71' title='bbox 806 614 930 654; x_wconf 84' lang='lat' dir='ltr'>Unde</span> <span class='ocrx_word' id='word_1_72' title='bbox 961 615 1096 655; x_wconf 86' lang='lat' dir='ltr'>denuo</span> <span class='ocrx_word' id='word_1_73' title='bbox 1118 616 1171 655; x_wconf 86' lang='lat' dir='ltr'>ad</span> <span class='ocrx_word' id='word_1_74' title='bbox 1200 616 1413 668; x_wconf 78' lang='lat' dir='ltr'>superiora</span> <span class='ocrx_word' id='word_1_75' title='bbox 1435 621 1532 656; x_wconf 89' lang='lat' dir='ltr'>vota</span> <span class='ocrx_word' id='word_1_76' title='bbox 1560 617 1668 657; x_wconf 88' lang='lat' dir='ltr'>redit</span> <span class='ocrx_word' id='word_1_77' title='bbox 1696 633 1810 671; x_wconf 88' lang='lat' dir='ltr'>repe-</span> 
     </span>
     <span class='ocr_line' id='line_1_10' title="bbox 301 667 1792 725; baseline 0.005 -19"><span class='ocrx_word' id='word_1_78' title='bbox 301 667 440 720; x_wconf 87' lang='lat' dir='ltr'>titque</span> <span class='ocrx_word' id='word_1_79' title='bbox 461 668 553 707; x_wconf 89' lang='lat' dir='ltr'>aliis</span> <span class='ocrx_word' id='word_1_80' title='bbox 574 668 708 707; x_wconf 88' lang='lat' dir='ltr'>verbis</span> <span class='ocrx_word' id='word_1_81' title='bbox 731 670 841 722; x_wconf 88' lang='lat' dir='ltr'>quod</span> <span class='ocrx_word' id='word_1_82' title='bbox 863 670 982 710; x_wconf 88' lang='lat' dir='ltr'>initio</span> <span class='ocrx_word' id='word_1_83' title='bbox 1004 671 1323 725; x_wconf 67' lang='lat' dir='ltr'>significaverat„</span> <span class='ocrx_word' id='word_1_84' title='bbox 1348 672 1404 711; x_wconf 89' lang='lat' dir='ltr'>sic</span> <span class='ocrx_word' id='word_1_85' title='bbox 1427 673 1621 712; x_wconf 85' lang='lat' dir='ltr'>claudens</span> <span class='ocrx_word' id='word_1_86' title='bbox 1644 679 1792 714; x_wconf 87' lang='lat' dir='ltr'>totum.</span> 
     </span>
    </p>

    <p class='ocr_par' dir='ltr' id='par_1_4' title="bbox 299 723 1812 2953">
     <span class='ocr_line' id='line_1_11' title="bbox 359 723 1812 781; baseline 0.005 -19"><span class='ocrx_word' id='word_1_87' title='bbox 359 723 464 763; x_wconf 89' lang='lat' dir='ltr'>Post</span> <span class='ocrx_word' id='word_1_88' title='bbox 485 724 714 773; x_wconf 79' lang='lat' dir='ltr'>exordium,</span> <span class='ocrx_word' id='word_1_89' title='bbox 731 731 957 780; x_wconf 86' lang='lat' dir='ltr'>antequam</span> <span class='ocrx_word' id='word_1_90' title='bbox 979 728 1032 766; x_wconf 89' lang='lat' dir='ltr'>ad</span> <span class='ocrx_word' id='word_1_91' title='bbox 1055 727 1183 780; x_wconf 87' lang='lat' dir='ltr'>ipsius</span> <span class='ocrx_word' id='word_1_92' title='bbox 1204 727 1328 767; x_wconf 87' lang='lat' dir='ltr'>libelli</span> <span class='ocrx_word' id='word_1_93' title='bbox 1351 728 1490 781; x_wconf 88' lang='lat' dir='ltr'>capita</span> <span class='ocrx_word' id='word_1_94' title='bbox 1511 729 1812 770; x_wconf 86' lang='lat' dir='ltr'>consideranda</span> 
     </span>
     <span class='ocr_line' id='line_1_12' title="bbox 299 780 1811 835; baseline 0.005 -17"><span class='ocrx_word' id='word_1_95' title='bbox 299 780 484 826; x_wconf 67' lang='lat' dir='ltr'>accedat,</span> <span class='ocrx_word' id='word_1_96' title='bbox 521 780 640 833; x_wconf 89' lang='lat' dir='ltr'>ponit</span> <span class='ocrx_word' id='word_1_97' title='bbox 664 782 701 832; x_wconf 61' lang='grc' dir='ltr'>ξ.</span> <span class='ocrx_word' id='word_1_98' title='bbox 732 787 904 834; x_wconf 77' lang='lat'>10—65.</span> <span class='ocrx_word' id='word_1_99' title='bbox 936 784 1213 835; x_wconf 49' lang='lat' dir='ltr'>infitiationem</span> <span class='ocrx_word' id='word_1_100' title='bbox 1253 784 1578 823; x_wconf 70' lang='lat' dir='ltr'>criminalz&#39;omwn</span> <span class='ocrx_word' id='word_1_101' title='bbox 1610 800 1636 824; x_wconf 72' lang='lat' dir='ltr'>a</span> <span class='ocrx_word' id='word_1_102' title='bbox 1672 800 1811 825; x_wconf 68' lang='lat' dir='ltr'>caussa</span> 
     </span>
     <span class='ocr_line' id='line_1_13' title="bbox 300 835 1811 893; baseline 0.005 -20"><span class='ocrx_word' id='word_1_103' title='bbox 300 835 538 882; x_wconf 53' lang='lat' dir='ltr'>alienarum,</span> <span class='ocrx_word' id='word_1_104' title='bbox 562 843 604 875; x_wconf 71' lang='lat' dir='ltr'>ut</span> <span class='ocrx_word' id='word_1_105' title='bbox 637 838 708 884; x_wconf 67' lang='lat' dir='ltr'>(cit,</span> <span class='ocrx_word' id='word_1_106' title='bbox 737 837 878 890; x_wconf 67' lang='lat' dir='ltr'>quibus</span> <span class='ocrx_word' id='word_1_107' title='bbox 909 845 1037 878; x_wconf 64' lang='lat' dir='ltr'>tamma</span> <span class='ocrx_word' id='word_1_108' title='bbox 1068 839 1198 893; x_wconf 68' lang='lat' dir='ltr'>decipi</span> <span class='ocrx_word' id='word_1_109' title='bbox 1221 841 1425 892; x_wconf 67' lang='lat' dir='ltr'>potuerint</span> <span class='ocrx_word' id='word_1_110' title='bbox 1445 841 1613 892; x_wconf 60' lang='lat' dir='ltr'>judices.</span> <span class='ocrx_word' id='word_1_111' title='bbox 1677 841 1811 882; x_wconf 87' lang='lat' dir='ltr'>Perti-</span> 
     </span>
     <span class='ocr_line' id='line_1_14' title="bbox 300 891 1811 950; baseline 0.005 -21"><span class='ocrx_word' id='word_1_112' title='bbox 300 896 401 930; x_wconf 89' lang='lat' dir='ltr'>nent</span> <span class='ocrx_word' id='word_1_113' title='bbox 421 891 522 931; x_wconf 87' lang='lat' dir='ltr'>haec</span> <span class='ocrx_word' id='word_1_114' title='bbox 548 892 702 945; x_wconf 90' lang='lat' dir='ltr'>partim</span> <span class='ocrx_word' id='word_1_115' title='bbox 723 894 778 933; x_wconf 88' lang='lat' dir='ltr'>ad</span> <span class='ocrx_word' id='word_1_116' title='bbox 808 894 1015 947; x_wconf 83' lang='lat' dir='ltr'>privatam</span> <span class='ocrx_word' id='word_1_117' title='bbox 1037 895 1168 934; x_wconf 82' lang='lat' dir='ltr'>vitam</span> <span class='ocrx_word' id='word_1_118' title='bbox 1194 910 1323 940; x_wconf 43' lang='grc' dir='ltr'>51111111ἢ</span> <span class='ocrx_word' id='word_1_119' title='bbox 1346 896 1499 948; x_wconf 85' lang='lat' dir='ltr'>partim</span> <span class='ocrx_word' id='word_1_120' title='bbox 1521 897 1573 936; x_wconf 90' lang='lat' dir='ltr'>ad</span> <span class='ocrx_word' id='word_1_121' title='bbox 1602 897 1811 950; x_wconf 73' lang='lat' dir='ltr'>publicam</span> 
     </span>
     <span class='ocr_line' id='line_1_15' title="bbox 301 950 1811 1007; baseline 0.005 -21"><span class='ocrx_word' id='word_1_122' title='bbox 301 961 350 986; x_wconf 83' lang='lat' dir='ltr'>ex</span> <span class='ocrx_word' id='word_1_123' title='bbox 373 961 420 986; x_wconf 91' lang='lat' dir='ltr'>eo</span> <span class='ocrx_word' id='word_1_124' title='bbox 442 952 641 1000; x_wconf 71' lang='lat' dir='ltr'>tempore,</span> <span class='ocrx_word' id='word_1_125' title='bbox 664 962 757 987; x_wconf 89' lang='lat' dir='ltr'>cum</span> <span class='ocrx_word' id='word_1_126' title='bbox 783 950 965 989; x_wconf 88' lang='lat' dir='ltr'>nondum</span> <span class='ocrx_word' id='word_1_127' title='bbox 994 958 1158 1004; x_wconf 79' lang='lat' dir='ltr'>regeret</span> <span class='ocrx_word' id='word_1_128' title='bbox 1184 952 1493 1004; x_wconf 80' lang='lat' dir='ltr'>rempublicam.</span> <span class='ocrx_word' id='word_1_129' title='bbox 1556 953 1620 992; x_wconf 86' lang='lat' dir='ltr'>Ac</span> <span class='ocrx_word' id='word_1_130' title='bbox 1651 954 1701 993; x_wconf 91' lang='lat' dir='ltr'>de</span> <span class='ocrx_word' id='word_1_131' title='bbox 1729 954 1811 1007; x_wconf 88' lang='lat' dir='ltr'>pri-</span> 
     </span>
     <span class='ocr_line' id='line_1_16' title="bbox 300 1003 1809 1059; baseline 0.005 -17"><span class='ocrx_word' id='word_1_132' title='bbox 300 1007 398 1042; x_wconf 88' lang='lat' dir='ltr'>vata</span> <span class='ocrx_word' id='word_1_133' title='bbox 419 1003 506 1043; x_wconf 89' lang='lat' dir='ltr'>vita</span> <span class='ocrx_word' id='word_1_134' title='bbox 538 1018 646 1043; x_wconf 89' lang='lat' dir='ltr'>nunc</span> <span class='ocrx_word' id='word_1_135' title='bbox 674 1005 857 1045; x_wconf 88' lang='lat' dir='ltr'>breviter</span> <span class='ocrx_word' id='word_1_136' title='bbox 888 1007 1128 1059; x_wconf 74' lang='lat' dir='ltr'>respondet,</span> <span class='ocrx_word' id='word_1_137' title='bbox 1159 1008 1209 1046; x_wconf 89' lang='lat' dir='ltr'>de</span> <span class='ocrx_word' id='word_1_138' title='bbox 1238 1008 1387 1047; x_wconf 85' lang='lat' dir='ltr'>ceteris</span> <span class='ocrx_word' id='word_1_139' title='bbox 1417 1013 1558 1048; x_wconf 83' lang='lat' dir='ltr'>autem</span> <span class='ocrx_word' id='word_1_140' title='bbox 1590 1009 1809 1049; x_wconf 85' lang='lat' dir='ltr'>uberrime.</span> 
     </span>
     <span class='ocr_line' id='line_1_17' title="bbox 302 1058 1811 1116; baseline 0.005 -19"><span class='ocrx_word' id='word_1_141' title='bbox 302 1059 351 1097; x_wconf 89' lang='lat' dir='ltr'>In</span> <span class='ocrx_word' id='word_1_142' title='bbox 375 1074 457 1112; x_wconf 88' lang='lat' dir='ltr'>quo</span> <span class='ocrx_word' id='word_1_143' title='bbox 488 1058 667 1112; x_wconf 88' lang='lat' dir='ltr'>primum</span> <span class='ocrx_word' id='word_1_144' title='bbox 695 1061 861 1100; x_wconf 86' lang='lat' dir='ltr'>omnino</span> <span class='ocrx_word' id='word_1_145' title='bbox 889 1062 1102 1101; x_wconf 87' lang='lat' dir='ltr'>consilium</span> <span class='ocrx_word' id='word_1_146' title='bbox 1133 1063 1256 1116; x_wconf 89' lang='lat' dir='ltr'>hujus</span> <span class='ocrx_word' id='word_1_147' title='bbox 1281 1064 1558 1104; x_wconf 86' lang='lat' dir='ltr'>accusationis</span> <span class='ocrx_word' id='word_1_148' title='bbox 1581 1065 1811 1106; x_wconf 85' lang='lat' dir='ltr'>insectatur</span> 
     </span>
     <span class='ocr_line' id='line_1_18' title="bbox 300 1116 1810 1174; baseline 0.005 -21"><span class='ocrx_word' id='word_1_149' title='bbox 300 1129 473 1168; x_wconf 88' lang='lat' dir='ltr'>pravum</span> <span class='ocrx_word' id='word_1_150' title='bbox 505 1120 547 1154; x_wconf 92' lang='lat' dir='ltr'>et</span> <span class='ocrx_word' id='word_1_151' title='bbox 578 1116 842 1165; x_wconf 77' lang='lat' dir='ltr'>malitiosum,</span> <span class='ocrx_word' id='word_1_152' title='bbox 867 1118 977 1170; x_wconf 82' lang='lat' dir='ltr'>quod</span> <span class='ocrx_word' id='word_1_153' title='bbox 1009 1119 1228 1159; x_wconf 82' lang='lat' dir='ltr'>malefacta</span> <span class='ocrx_word' id='word_1_154' title='bbox 1258 1124 1381 1159; x_wconf 86' lang='lat' dir='ltr'>tanta</span> <span class='ocrx_word' id='word_1_155' title='bbox 1411 1135 1493 1159; x_wconf 90' lang='lat' dir='ltr'>non</span> <span class='ocrx_word' id='word_1_156' title='bbox 1525 1120 1687 1174; x_wconf 62' lang='lat' dir='ltr'>singula</span> <span class='ocrx_word' id='word_1_157' title='bbox 1714 1122 1810 1161; x_wconf 91' lang='lat' dir='ltr'>olim</span> 
     </span>
     <span class='ocr_line' id='line_1_19' title="bbox 300 1171 1810 1229; baseline 0.007 -21"><span class='ocrx_word' id='word_1_158' title='bbox 300 1185 374 1209; x_wconf 86' lang='lat' dir='ltr'>suo</span> <span class='ocrx_word' id='word_1_159' title='bbox 415 1171 608 1224; x_wconf 85' lang='lat' dir='ltr'>quodque</span> <span class='ocrx_word' id='word_1_160' title='bbox 649 1177 836 1225; x_wconf 89' lang='lat' dir='ltr'>tempore</span> <span class='ocrx_word' id='word_1_161' title='bbox 876 1174 1008 1214; x_wconf 90' lang='lat' dir='ltr'>ultum</span> <span class='ocrx_word' id='word_1_162' title='bbox 1049 1174 1169 1214; x_wconf 86' lang='lat' dir='ltr'>iverit</span> <span class='ocrx_word' id='word_1_163' title='bbox 1211 1175 1451 1223; x_wconf 72' lang='lat' dir='ltr'>Aeschines,</span> <span class='ocrx_word' id='word_1_164' title='bbox 1495 1181 1537 1216; x_wconf 86' lang='lat' dir='ltr'>et</span> <span class='ocrx_word' id='word_1_165' title='bbox 1578 1178 1687 1229; x_wconf 87' lang='lat' dir='ltr'>quod</span> <span class='ocrx_word' id='word_1_166' title='bbox 1728 1192 1810 1218; x_wconf 90' lang='lat' dir='ltr'>non</span> 
     </span>
     <span class='ocr_line' id='line_1_20' title="bbox 301 1226 1811 1284; baseline 0.005 -20"><span class='ocrx_word' id='word_1_167' title='bbox 301 1226 457 1266; x_wconf 82' lang='lat' dir='ltr'>directe</span> <span class='ocrx_word' id='word_1_168' title='bbox 485 1226 619 1280; x_wconf 91' lang='lat' dir='ltr'>ipsum</span> <span class='ocrx_word' id='word_1_169' title='bbox 645 1229 927 1282; x_wconf 73' lang='lat' dir='ltr'>aggrediatur,</span> <span class='ocrx_word' id='word_1_170' title='bbox 951 1231 1022 1269; x_wconf 86' lang='lat' dir='ltr'>sed</span> <span class='ocrx_word' id='word_1_171' title='bbox 1051 1230 1093 1269; x_wconf 90' lang='lat' dir='ltr'>in</span> <span class='ocrx_word' id='word_1_172' title='bbox 1116 1231 1430 1284; x_wconf 83' lang='lat' dir='ltr'>Ctesiphontem</span> <span class='ocrx_word' id='word_1_173' title='bbox 1458 1232 1573 1271; x_wconf 86' lang='lat' dir='ltr'>litem</span> <span class='ocrx_word' id='word_1_174' title='bbox 1596 1238 1637 1273; x_wconf 93' lang='lat' dir='ltr'>et</span> <span class='ocrx_word' id='word_1_175' title='bbox 1660 1247 1811 1273; x_wconf 86' lang='lat' dir='ltr'>noxam</span> 
     </span>
     <span class='ocr_line' id='line_1_21' title="bbox 300 1282 1811 1342; baseline 0.005 -22"><span class='ocrx_word' id='word_1_176' title='bbox 300 1282 540 1331; x_wconf 76' lang='lat' dir='ltr'>intenderit,</span> <span class='ocrx_word' id='word_1_177' title='bbox 568 1298 661 1323; x_wconf 90' lang='lat' dir='ltr'>cum</span> <span class='ocrx_word' id='word_1_178' title='bbox 696 1290 839 1324; x_wconf 86' lang='lat' dir='ltr'>tamen</span> <span class='ocrx_word' id='word_1_179' title='bbox 875 1286 1013 1326; x_wconf 89' lang='lat' dir='ltr'>omnia</span> <span class='ocrx_word' id='word_1_180' title='bbox 1045 1287 1242 1326; x_wconf 84' lang='lat' dir='ltr'>adversus</span> <span class='ocrx_word' id='word_1_181' title='bbox 1273 1302 1362 1327; x_wconf 89' lang='lat' dir='ltr'>sese</span> <span class='ocrx_word' id='word_1_182' title='bbox 1394 1288 1569 1328; x_wconf 84' lang='lat' dir='ltr'>dixerit:</span> <span class='ocrx_word' id='word_1_183' title='bbox 1604 1289 1657 1328; x_wconf 88' lang='lat' dir='ltr'>ad</span> <span class='ocrx_word' id='word_1_184' title='bbox 1687 1304 1811 1342; x_wconf 84' lang='lat' dir='ltr'>quam</span> 
     </span>
     <span class='ocr_line' id='line_1_22' title="bbox 301 1338 1810 1398; baseline 0.006 -22"><span class='ocrx_word' id='word_1_185' title='bbox 301 1338 460 1377; x_wconf 88' lang='lat' dir='ltr'>consilii</span> <span class='ocrx_word' id='word_1_186' title='bbox 497 1339 701 1380; x_wconf 85' lang='lat' dir='ltr'>malitiam</span> <span class='ocrx_word' id='word_1_187' title='bbox 734 1341 863 1381; x_wconf 88' lang='lat' dir='ltr'>etiam</span> <span class='ocrx_word' id='word_1_188' title='bbox 896 1342 1003 1382; x_wconf 91' lang='lat' dir='ltr'>infra</span> <span class='ocrx_word' id='word_1_189' title='bbox 1035 1342 1260 1382; x_wconf 80' lang='lat' dir='ltr'>identidem</span> <span class='ocrx_word' id='word_1_190' title='bbox 1292 1343 1414 1383; x_wconf 88' lang='lat' dir='ltr'>redit.</span> <span class='ocrx_word' id='word_1_191' title='bbox 1486 1344 1586 1384; x_wconf 81' lang='lat' dir='ltr'>Jam</span> <span class='ocrx_word' id='word_1_192' title='bbox 1626 1345 1679 1384; x_wconf 88' lang='lat' dir='ltr'>ad</span> <span class='ocrx_word' id='word_1_193' title='bbox 1720 1345 1810 1398; x_wconf 84' lang='lat' dir='ltr'>ipsa</span> 
     </span>
     <span class='ocr_line' id='line_1_23' title="bbox 301 1393 1811 1454; baseline 0.006 -22"><span class='ocrx_word' id='word_1_194' title='bbox 301 1393 463 1447; x_wconf 81' lang='lat' dir='ltr'>singula</span> <span class='ocrx_word' id='word_1_195' title='bbox 483 1396 657 1443; x_wconf 74' lang='lat' dir='ltr'>accedit,</span> <span class='ocrx_word' id='word_1_196' title='bbox 681 1411 787 1449; x_wconf 82' lang='lat' dir='ltr'>quae</span> <span class='ocrx_word' id='word_1_197' title='bbox 808 1397 873 1437; x_wconf 90' lang='grc'>1110</span> <span class='ocrx_word' id='word_1_198' title='bbox 895 1399 1078 1438; x_wconf 84' lang='lat' dir='ltr'>refutare</span> <span class='ocrx_word' id='word_1_199' title='bbox 1100 1399 1242 1438; x_wconf 87' lang='lat' dir='ltr'>voluit.</span> <span class='ocrx_word' id='word_1_200' title='bbox 1307 1400 1466 1453; x_wconf 88' lang='lat' dir='ltr'>Nempe</span> <span class='ocrx_word' id='word_1_201' title='bbox 1487 1400 1662 1439; x_wconf 88' lang='lat' dir='ltr'>vidimus</span> <span class='ocrx_word' id='word_1_202' title='bbox 1685 1416 1811 1454; x_wconf 88' lang='lat' dir='ltr'>supra</span> 
     </span>
     <span class='ocr_line' id='line_1_24' title="bbox 303 1450 1808 1509; baseline 0.006 -21"><span class='ocrx_word' id='word_1_203' title='bbox 303 1450 553 1490; x_wconf 80' lang='lat' dir='ltr'>Aeschinem</span> <span class='ocrx_word' id='word_1_204' title='bbox 581 1451 622 1490; x_wconf 88' lang='lat' dir='ltr'>in</span> <span class='ocrx_word' id='word_1_205' title='bbox 645 1458 847 1504; x_wconf 88' lang='lat' dir='ltr'>quattuor</span> <span class='ocrx_word' id='word_1_206' title='bbox 871 1459 1060 1507; x_wconf 87' lang='lat' dir='ltr'>tempora</span> <span class='ocrx_word' id='word_1_207' title='bbox 1087 1455 1200 1494; x_wconf 84' lang='lat' dir='ltr'>facta</span> <span class='ocrx_word' id='word_1_208' title='bbox 1223 1455 1518 1495; x_wconf 84' lang='lat' dir='ltr'>Demosthenis</span> <span class='ocrx_word' id='word_1_209' title='bbox 1540 1456 1808 1509; x_wconf 81' lang='lat' dir='ltr'>dispertiisse‚</span> 
     </span>
     <span class='ocr_line' id='line_1_25' title="bbox 303 1506 1810 1567; baseline 0.005 -23"><span class='ocrx_word' id='word_1_210' title='bbox 303 1520 480 1558; x_wconf 91' lang='lat' dir='ltr'>quorum</span> <span class='ocrx_word' id='word_1_211' title='bbox 505 1506 684 1559; x_wconf 91' lang='lat' dir='ltr'>primum</span> <span class='ocrx_word' id='word_1_212' title='bbox 714 1508 880 1549; x_wconf 89' lang='lat' dir='ltr'>dicebat</span> <span class='ocrx_word' id='word_1_213' title='bbox 902 1524 993 1549; x_wconf 89' lang='lat' dir='ltr'>cum</span> <span class='ocrx_word' id='word_1_214' title='bbox 1018 1510 1082 1550; x_wconf 80' lang='lat'>01.</span> <span class='ocrx_word' id='word_1_215' title='bbox 1110 1513 1194 1559; x_wconf 67' lang='lat'>103,</span> <span class='ocrx_word' id='word_1_216' title='bbox 1221 1524 1257 1550; x_wconf 77' lang='lat'>2.</span> <span class='ocrx_word' id='word_1_217' title='bbox 1290 1512 1340 1550; x_wconf 88' lang='lat' dir='ltr'>de</span> <span class='ocrx_word' id='word_1_218' title='bbox 1368 1527 1470 1564; x_wconf 90' lang='lat' dir='ltr'>pace</span> <span class='ocrx_word' id='word_1_219' title='bbox 1499 1527 1591 1551; x_wconf 89' lang='lat' dir='ltr'>cum</span> <span class='ocrx_word' id='word_1_220' title='bbox 1616 1512 1810 1567; x_wconf 87' lang='lat' dir='ltr'>Philippo</span> 
     </span>
     <span class='ocr_line' id='line_1_26' title="bbox 301 1561 1809 1622; baseline 0.005 -23"><span class='ocrx_word' id='word_1_221' title='bbox 301 1561 493 1602; x_wconf 84' lang='lat' dir='ltr'>facienda</span> <span class='ocrx_word' id='word_1_222' title='bbox 523 1569 730 1616; x_wconf 81' lang='lat' dir='ltr'>ageretur.</span> <span class='ocrx_word' id='word_1_223' title='bbox 796 1567 937 1618; x_wconf 84' lang='lat' dir='ltr'>Atque</span> <span class='ocrx_word' id='word_1_224' title='bbox 969 1566 1019 1605; x_wconf 90' lang='lat' dir='ltr'>de</span> <span class='ocrx_word' id='word_1_225' title='bbox 1057 1567 1134 1606; x_wconf 86' lang='lat' dir='ltr'>hac</span> <span class='ocrx_word' id='word_1_226' title='bbox 1170 1581 1272 1619; x_wconf 89' lang='lat' dir='ltr'>pace</span> <span class='ocrx_word' id='word_1_227' title='bbox 1308 1573 1351 1607; x_wconf 89' lang='lat' dir='ltr'>et</span> <span class='ocrx_word' id='word_1_228' title='bbox 1383 1568 1460 1607; x_wconf 91' lang='lat' dir='ltr'>hoc</span> <span class='ocrx_word' id='word_1_229' title='bbox 1489 1572 1676 1622; x_wconf 90' lang='lat' dir='ltr'>tempore</span> <span class='ocrx_word' id='word_1_230' title='bbox 1701 1583 1809 1608; x_wconf 92' lang='lat' dir='ltr'>nunc</span> 
     </span>
     <span class='ocr_line' id='line_1_27' title="bbox 302 1618 1810 1675; baseline 0.005 -19"><span class='ocrx_word' id='word_1_231' title='bbox 302 1618 473 1670; x_wconf 83' lang='lat' dir='ltr'>exponit</span> <span class='ocrx_word' id='word_1_232' title='bbox 505 1618 821 1660; x_wconf 86' lang='lat' dir='ltr'>Demosthenes.</span> <span class='ocrx_word' id='word_1_233' title='bbox 883 1621 1055 1661; x_wconf 82' lang='lat' dir='ltr'>Silentio</span> <span class='ocrx_word' id='word_1_234' title='bbox 1088 1622 1196 1661; x_wconf 89' lang='lat' dir='ltr'>enim</span> <span class='ocrx_word' id='word_1_235' title='bbox 1230 1623 1458 1675; x_wconf 86' lang='lat' dir='ltr'>praeterire</span> <span class='ocrx_word' id='word_1_236' title='bbox 1491 1624 1565 1663; x_wconf 89' lang='lat' dir='ltr'>has</span> <span class='ocrx_word' id='word_1_237' title='bbox 1600 1638 1665 1663; x_wconf 88' lang='lat' dir='ltr'>res</span> <span class='ocrx_word' id='word_1_238' title='bbox 1698 1625 1810 1664; x_wconf 86' lang='lat' dir='ltr'>nullo</span> 
     </span>
     <span class='ocr_line' id='line_1_28' title="bbox 300 1674 1808 1733; baseline 0.005 -21"><span class='ocrx_word' id='word_1_239' title='bbox 300 1674 425 1713; x_wconf 88' lang='lat' dir='ltr'>modo</span> <span class='ocrx_word' id='word_1_240' title='bbox 446 1678 638 1727; x_wconf 79' lang='lat' dir='ltr'>poterat3</span> <span class='ocrx_word' id='word_1_241' title='bbox 672 1690 765 1715; x_wconf 90' lang='lat' dir='ltr'>cum</span> <span class='ocrx_word' id='word_1_242' title='bbox 795 1681 937 1717; x_wconf 89' lang='lat' dir='ltr'>autem</span> <span class='ocrx_word' id='word_1_243' title='bbox 968 1682 1057 1717; x_wconf 88' lang='lat' dir='ltr'>tum</span> <span class='ocrx_word' id='word_1_244' title='bbox 1090 1679 1272 1717; x_wconf 85' lang='lat' dir='ltr'>nondum</span> <span class='ocrx_word' id='word_1_245' title='bbox 1304 1684 1468 1732; x_wconf 75' lang='lat' dir='ltr'>regeret</span> <span class='ocrx_word' id='word_1_246' title='bbox 1499 1680 1808 1733; x_wconf 72' lang='lat' dir='ltr'>rempublicam,</span> 
     </span>
     <span class='ocr_line' id='line_1_29' title="bbox 302 1731 1810 1789; baseline 0.005 -21"><span class='ocrx_word' id='word_1_247' title='bbox 302 1743 372 1769; x_wconf 84' lang='lat' dir='ltr'>eas</span> <span class='ocrx_word' id='word_1_248' title='bbox 396 1744 421 1769; x_wconf 89' lang='lat' dir='ltr'>a</span> <span class='ocrx_word' id='word_1_249' title='bbox 447 1744 596 1770; x_wconf 86' lang='lat' dir='ltr'>caussa</span> <span class='ocrx_word' id='word_1_250' title='bbox 623 1731 779 1772; x_wconf 81' lang='lat' dir='ltr'>alienas</span> <span class='ocrx_word' id='word_1_251' title='bbox 810 1733 922 1781; x_wconf 82' lang='lat' dir='ltr'>dicit,</span> <span class='ocrx_word' id='word_1_252' title='bbox 946 1738 1073 1786; x_wconf 75' lang='lat' dir='ltr'>atque</span> <span class='ocrx_word' id='word_1_253' title='bbox 1104 1733 1163 1773; x_wconf 88' lang='lat' dir='ltr'>ita</span> <span class='ocrx_word' id='word_1_254' title='bbox 1191 1734 1296 1774; x_wconf 87' lang='lat' dir='ltr'>scite</span> <span class='ocrx_word' id='word_1_255' title='bbox 1327 1735 1507 1788; x_wconf 83' lang='lat' dir='ltr'>sejungit</span> <span class='ocrx_word' id='word_1_256' title='bbox 1537 1750 1562 1775; x_wconf 91' lang='lat' dir='ltr'>a</span> <span class='ocrx_word' id='word_1_257' title='bbox 1593 1736 1810 1789; x_wconf 87' lang='lat' dir='ltr'>splendore</span> 
     </span>
     <span class='ocr_line' id='line_1_30' title="bbox 301 1787 1811 1844; baseline 0.005 -20"><span class='ocrx_word' id='word_1_258' title='bbox 301 1790 536 1825; x_wconf 85' lang='lat' dir='ltr'>ceterorum</span> <span class='ocrx_word' id='word_1_259' title='bbox 557 1787 761 1826; x_wconf 87' lang='lat' dir='ltr'>factorum</span> <span class='ocrx_word' id='word_1_260' title='bbox 784 1803 965 1828; x_wconf 88' lang='lat' dir='ltr'>suorum.</span> <span class='ocrx_word' id='word_1_261' title='bbox 1027 1789 1240 1829; x_wconf 79' lang='lat' dir='ltr'>Dividitur</span> <span class='ocrx_word' id='word_1_262' title='bbox 1268 1796 1361 1830; x_wconf 86' lang='lat' dir='ltr'>tota</span> <span class='ocrx_word' id='word_1_263' title='bbox 1382 1791 1587 1844; x_wconf 82' lang='lat' dir='ltr'>expositio</span> <span class='ocrx_word' id='word_1_264' title='bbox 1609 1797 1811 1844; x_wconf 86' lang='lat' dir='ltr'>quattuor</span> 
     </span>
     <span class='ocr_line' id='line_1_31' title="bbox 301 1840 1809 1901; baseline 0.005 -21"><span class='ocrx_word' id='word_1_265' title='bbox 301 1840 504 1894; x_wconf 86' lang='lat' dir='ltr'>partibus.</span> <span class='ocrx_word' id='word_1_266' title='bbox 568 1842 755 1882; x_wconf 84' lang='lat' dir='ltr'>Primum</span> <span class='ocrx_word' id='word_1_267' title='bbox 777 1844 885 1884; x_wconf 92' lang='grc'>0111111</span> <span class='ocrx_word' id='word_1_268' title='bbox 914 1845 1045 1898; x_wconf 88' lang='lat' dir='ltr'>ipsam</span> <span class='ocrx_word' id='word_1_269' title='bbox 1074 1860 1217 1898; x_wconf 87' lang='lat' dir='ltr'>pacem</span> <span class='ocrx_word' id='word_1_270' title='bbox 1245 1851 1399 1899; x_wconf 80' lang='lat' dir='ltr'>purgat</span> <span class='ocrx_word' id='word_1_271' title='bbox 1420 1861 1502 1886; x_wconf 90' lang='grc'>11011</span> <span class='ocrx_word' id='word_1_272' title='bbox 1524 1847 1607 1886; x_wconf 88' lang='lat' dir='ltr'>suis</span> <span class='ocrx_word' id='word_1_273' title='bbox 1628 1849 1809 1901; x_wconf 79' lang='lat' dir='ltr'>rogatio-</span> 
     </span>
     <span class='ocr_line' id='line_1_32' title="bbox 301 1897 1810 1958; baseline 0.005 -23"><span class='ocrx_word' id='word_1_274' title='bbox 301 1897 424 1936; x_wconf 90' lang='lat' dir='ltr'>nibus</span> <span class='ocrx_word' id='word_1_275' title='bbox 456 1899 741 1951; x_wconf 74' lang='lat' dir='ltr'>compositam,</span> <span class='ocrx_word' id='word_1_276' title='bbox 777 1900 926 1940; x_wconf 88' lang='lat' dir='ltr'>deinde</span> <span class='ocrx_word' id='word_1_277' title='bbox 958 1901 1144 1941; x_wconf 85' lang='lat' dir='ltr'>ostendit</span> <span class='ocrx_word' id='word_1_278' title='bbox 1172 1902 1390 1941; x_wconf 86' lang='lat' dir='ltr'>Aeschinis</span> <span class='ocrx_word' id='word_1_279' title='bbox 1423 1907 1466 1942; x_wconf 93' lang='lat' dir='ltr'>et</span> <span class='ocrx_word' id='word_1_280' title='bbox 1496 1903 1670 1942; x_wconf 87' lang='lat' dir='ltr'>aliorum</span> <span class='ocrx_word' id='word_1_281' title='bbox 1701 1904 1810 1958; x_wconf 82' lang='lat' dir='ltr'>lega—</span> 
     </span>
     <span class='ocr_line' id='line_1_33' title="bbox 302 1955 1810 2011; baseline 0.006 -20"><span class='ocrx_word' id='word_1_282' title='bbox 302 1956 441 1992; x_wconf 90' lang='lat' dir='ltr'>torum</span> <span class='ocrx_word' id='word_1_283' title='bbox 476 1955 743 1995; x_wconf 86' lang='lat' dir='ltr'>cunctatione</span> <span class='ocrx_word' id='word_1_284' title='bbox 779 1961 821 1996; x_wconf 87' lang='lat' dir='ltr'>et</span> <span class='ocrx_word' id='word_1_285' title='bbox 862 1957 1099 2009; x_wconf 90' lang='lat' dir='ltr'>proditione</span> <span class='ocrx_word' id='word_1_286' title='bbox 1138 1958 1294 1998; x_wconf 84' lang='lat' dir='ltr'>factum</span> <span class='ocrx_word' id='word_1_287' title='bbox 1334 1963 1382 1997; x_wconf 90' lang='lat' dir='ltr'>ut</span> <span class='ocrx_word' id='word_1_288' title='bbox 1422 1958 1573 2011; x_wconf 88' lang='lat' dir='ltr'>oppida</span> <span class='ocrx_word' id='word_1_289' title='bbox 1607 1959 1810 2000; x_wconf 82' lang='lat' dir='ltr'>Thraciae</span> 
     </span>
     <span class='ocr_line' id='line_1_34' title="bbox 302 2009 1808 2069; baseline 0.005 -22"><span class='ocrx_word' id='word_1_290' title='bbox 302 2009 514 2062; x_wconf 90' lang='lat' dir='ltr'>complura</span> <span class='ocrx_word' id='word_1_291' title='bbox 544 2010 654 2050; x_wconf 88' lang='lat' dir='ltr'>inter</span> <span class='ocrx_word' id='word_1_292' title='bbox 683 2026 827 2064; x_wconf 87' lang='lat' dir='ltr'>pacem</span> <span class='ocrx_word' id='word_1_293' title='bbox 860 2013 1186 2053; x_wconf 85' lang='lat' dir='ltr'>confirmandam</span> <span class='ocrx_word' id='word_1_294' title='bbox 1221 2019 1363 2066; x_wconf 87' lang='lat' dir='ltr'>posset</span> <span class='ocrx_word' id='word_1_295' title='bbox 1397 2014 1613 2068; x_wconf 89' lang='lat' dir='ltr'>Philippus</span> <span class='ocrx_word' id='word_1_296' title='bbox 1648 2030 1808 2069; x_wconf 71' lang='lat' dir='ltr'>capere,</span> 
     </span>
     <span class='ocr_line' id='line_1_35' title="bbox 303 2066 1810 2124; baseline 0.005 -20"><span class='ocrx_word' id='word_1_297' title='bbox 303 2069 392 2104; x_wconf 82' lang='lat' dir='ltr'>tum</span> <span class='ocrx_word' id='word_1_298' title='bbox 414 2066 597 2118; x_wconf 85' lang='lat' dir='ltr'>ejusdem</span> <span class='ocrx_word' id='word_1_299' title='bbox 620 2072 714 2120; x_wconf 88' lang='lat' dir='ltr'>post</span> <span class='ocrx_word' id='word_1_300' title='bbox 734 2068 914 2107; x_wconf 91' lang='lat' dir='ltr'>reditum</span> <span class='ocrx_word' id='word_1_301' title='bbox 936 2069 1172 2115; x_wconf 72' lang='lat' dir='ltr'>mendaciis,</span> <span class='ocrx_word' id='word_1_302' title='bbox 1196 2084 1290 2109; x_wconf 88' lang='lat' dir='ltr'>cum</span> <span class='ocrx_word' id='word_1_303' title='bbox 1311 2070 1367 2109; x_wconf 90' lang='lat' dir='ltr'>sic</span> <span class='ocrx_word' id='word_1_304' title='bbox 1391 2070 1607 2124; x_wconf 89' lang='lat' dir='ltr'>Philippus</span> <span class='ocrx_word' id='word_1_305' title='bbox 1628 2085 1701 2110; x_wconf 88' lang='lat' dir='ltr'>nec</span> <span class='ocrx_word' id='word_1_306' title='bbox 1724 2071 1810 2111; x_wconf 90' lang='grc'>1110-</span> 
     </span>
     <span class='ocr_line' id='line_1_36' title="bbox 302 2120 1810 2179; baseline 0.006 -21"><span class='ocrx_word' id='word_1_307' title='bbox 302 2120 447 2173; x_wconf 88' lang='lat' dir='ltr'>pinato</span> <span class='ocrx_word' id='word_1_308' title='bbox 478 2121 706 2175; x_wconf 86' lang='lat' dir='ltr'>irrumpere</span> <span class='ocrx_word' id='word_1_309' title='bbox 736 2125 932 2176; x_wconf 70' lang='lat' dir='ltr'>potuerit,</span> <span class='ocrx_word' id='word_1_310' title='bbox 959 2125 1241 2165; x_wconf 85' lang='lat' dir='ltr'>Phocensibus</span> <span class='ocrx_word' id='word_1_311' title='bbox 1272 2125 1489 2166; x_wconf 84' lang='lat' dir='ltr'>interitum</span> <span class='ocrx_word' id='word_1_312' title='bbox 1519 2131 1713 2179; x_wconf 86' lang='lat' dir='ltr'>paratum</span> <span class='ocrx_word' id='word_1_313' title='bbox 1742 2128 1810 2167; x_wconf 91' lang='lat' dir='ltr'>de-</span> 
     </span>
     <span class='ocr_line' id='line_1_37' title="bbox 302 2176 1809 2236; baseline 0.006 -22"><span class='ocrx_word' id='word_1_314' title='bbox 302 2176 448 2224; x_wconf 77' lang='lat' dir='ltr'>clarat,</span> <span class='ocrx_word' id='word_1_315' title='bbox 470 2183 681 2229; x_wconf 86' lang='lat' dir='ltr'>postremo</span> <span class='ocrx_word' id='word_1_316' title='bbox 707 2185 822 2219; x_wconf 88' lang='lat' dir='ltr'>statu</span> <span class='ocrx_word' id='word_1_317' title='bbox 849 2181 958 2220; x_wconf 89' lang='lat' dir='ltr'>malo</span> <span class='ocrx_word' id='word_1_318' title='bbox 980 2181 1179 2221; x_wconf 79' lang='lat' dir='ltr'>Graeciae</span> <span class='ocrx_word' id='word_1_319' title='bbox 1204 2182 1462 2234; x_wconf 88' lang='lat' dir='ltr'>proditorum</span> <span class='ocrx_word' id='word_1_320' title='bbox 1495 2197 1646 2236; x_wconf 82' lang='lat' dir='ltr'>magna</span> <span class='ocrx_word' id='word_1_321' title='bbox 1673 2183 1809 2223; x_wconf 91' lang='lat' dir='ltr'>multi-</span> 
     </span>
     <span class='ocr_line' id='line_1_38' title="bbox 303 2231 1810 2291; baseline 0.006 -21"><span class='ocrx_word' id='word_1_322' title='bbox 303 2231 448 2271; x_wconf 88' lang='lat' dir='ltr'>tudine</span> <span class='ocrx_word' id='word_1_323' title='bbox 469 2233 667 2286; x_wconf 86' lang='lat' dir='ltr'>deceptae</span> <span class='ocrx_word' id='word_1_324' title='bbox 685 2241 851 2275; x_wconf 88' lang='lat' dir='ltr'>coactas</span> <span class='ocrx_word' id='word_1_325' title='bbox 867 2236 1059 2276; x_wconf 86' lang='lat' dir='ltr'>Athenas</span> <span class='ocrx_word' id='word_1_326' title='bbox 1077 2237 1337 2277; x_wconf 88' lang='lat' dir='ltr'>demonstrat</span> <span class='ocrx_word' id='word_1_327' title='bbox 1353 2238 1480 2278; x_wconf 85' lang='lat' dir='ltr'>etiam</span> <span class='ocrx_word' id='word_1_328' title='bbox 1500 2253 1575 2291; x_wconf 91' lang='lat' dir='ltr'>per</span> <span class='ocrx_word' id='word_1_329' title='bbox 1590 2244 1810 2291; x_wconf 81' lang='lat' dir='ltr'>sequentes</span> 
     </span>
     <span class='ocr_line' id='line_1_39' title="bbox 303 2292 1809 2348; baseline 0.007 -24"><span class='ocrx_word' id='word_1_330' title='bbox 303 2300 433 2326; x_wconf 87' lang='lat' dir='ltr'>annos</span> <span class='ocrx_word' id='word_1_331' title='bbox 455 2302 618 2328; x_wconf 84' lang='lat' dir='ltr'>servare</span> <span class='ocrx_word' id='word_1_332' title='bbox 641 2304 796 2342; x_wconf 80' lang='lat' dir='ltr'>pacem,</span> <span class='ocrx_word' id='word_1_333' title='bbox 821 2292 1000 2345; x_wconf 88' lang='lat' dir='ltr'>Philippi</span> <span class='ocrx_word' id='word_1_334' title='bbox 1026 2298 1167 2332; x_wconf 90' lang='lat' dir='ltr'>autem</span> <span class='ocrx_word' id='word_1_335' title='bbox 1188 2294 1421 2346; x_wconf 88' lang='lat' dir='ltr'>potentiam</span> <span class='ocrx_word' id='word_1_336' title='bbox 1443 2293 1575 2347; x_wconf 77' lang='lat' dir='ltr'>magis</span> <span class='ocrx_word' id='word_1_337' title='bbox 1596 2295 1809 2348; x_wconf 78' lang='lat' dir='ltr'>magisque</span> 
     </span>
     <span class='ocr_line' id='line_1_40' title="bbox 303 2342 1809 2403; baseline 0.007 -23"><span class='ocrx_word' id='word_1_338' title='bbox 303 2342 492 2382; x_wconf 86' lang='lat' dir='ltr'>crevisse.</span> <span class='ocrx_word' id='word_1_339' title='bbox 559 2347 702 2397; x_wconf 79' lang='lat' dir='ltr'>Atque</span> <span class='ocrx_word' id='word_1_340' title='bbox 740 2346 800 2386; x_wconf 89' lang='lat' dir='ltr'>ita</span> <span class='ocrx_word' id='word_1_341' title='bbox 842 2347 958 2399; x_wconf 86' lang='lat' dir='ltr'>pacis</span> <span class='ocrx_word' id='word_1_342' title='bbox 1002 2348 1107 2387; x_wconf 90' lang='lat' dir='ltr'>illius</span> <span class='ocrx_word' id='word_1_343' title='bbox 1143 2363 1311 2388; x_wconf 86' lang='lat' dir='ltr'>caussas</span> <span class='ocrx_word' id='word_1_344' title='bbox 1346 2349 1563 2402; x_wconf 84' lang='lat' dir='ltr'>primarias</span> <span class='ocrx_word' id='word_1_345' title='bbox 1599 2351 1809 2403; x_wconf 85' lang='lat' dir='ltr'>explicans</span> 
     </span>
     <span class='ocr_line' id='line_1_41' title="bbox 306 2398 1810 2456; baseline 0.007 -20"><span class='ocrx_word' id='word_1_346' title='bbox 306 2398 350 2436; x_wconf 87' lang='lat' dir='ltr'>M</span> <span class='ocrx_word' id='word_1_347' title='bbox 356 2398 684 2452; x_wconf 84' lang='lat' dir='ltr'>acedonicaeque</span> <span class='ocrx_word' id='word_1_348' title='bbox 698 2402 890 2441; x_wconf 74' lang='lat' dir='ltr'>factionis</span> <span class='ocrx_word' id='word_1_349' title='bbox 910 2404 1189 2456; x_wconf 85' lang='lat' dir='ltr'>proditionem</span> <span class='ocrx_word' id='word_1_350' title='bbox 1207 2409 1250 2443; x_wconf 88' lang='lat' dir='ltr'>et</span> <span class='ocrx_word' id='word_1_351' title='bbox 1264 2405 1466 2444; x_wconf 77' lang='lat' dir='ltr'>Graeciae</span> <span class='ocrx_word' id='word_1_352' title='bbox 1482 2406 1635 2445; x_wconf 86' lang='lat' dir='ltr'>malum</span> <span class='ocrx_word' id='word_1_353' title='bbox 1652 2411 1810 2446; x_wconf 88' lang='lat' dir='ltr'>statum</span> 
     </span>
     <span class='ocr_line' id='line_1_42' title="bbox 302 2453 1809 2514; baseline 0.007 -22"><span class='ocrx_word' id='word_1_354' title='bbox 302 2468 351 2493; x_wconf 89' lang='lat' dir='ltr'>ac</span> <span class='ocrx_word' id='word_1_355' title='bbox 374 2453 555 2506; x_wconf 88' lang='lat' dir='ltr'>pericula</span> <span class='ocrx_word' id='word_1_356' title='bbox 576 2462 788 2496; x_wconf 85' lang='lat' dir='ltr'>crescente</span> <span class='ocrx_word' id='word_1_357' title='bbox 811 2458 994 2512; x_wconf 90' lang='lat' dir='ltr'>Philippi</span> <span class='ocrx_word' id='word_1_358' title='bbox 1015 2460 1191 2499; x_wconf 87' lang='lat' dir='ltr'>audacia</span> <span class='ocrx_word' id='word_1_359' title='bbox 1216 2461 1438 2500; x_wconf 84' lang='lat' dir='ltr'>ostendens</span> <span class='ocrx_word' id='word_1_360' title='bbox 1455 2469 1687 2514; x_wconf 69' lang='lat' dir='ltr'>praeparat</span> <span class='ocrx_word' id='word_1_361' title='bbox 1705 2477 1809 2502; x_wconf 72' lang='lat' dir='ltr'>secu-</span> 
     </span>
     <span class='ocr_line' id='line_1_43' title="bbox 302 2512 1809 2570; baseline 0.007 -24"><span class='ocrx_word' id='word_1_362' title='bbox 302 2516 436 2548; x_wconf 57' lang='lat' dir='ltr'>turam</span> <span class='ocrx_word' id='word_1_363' title='bbox 462 2523 619 2549; x_wconf 66' lang='lat' dir='ltr'>suormn</span> <span class='ocrx_word' id='word_1_364' title='bbox 638 2512 844 2563; x_wconf 33' lang='lat' dir='ltr'>‚sim-ftomam,</span> <span class='ocrx_word' id='word_1_365' title='bbox 865 2520 898 2552; x_wconf 77' lang='lat' dir='ltr'>et</span> <span class='ocrx_word' id='word_1_366' title='bbox 928 2516 1187 2554; x_wconf 67' lang='lat' dir='ltr'>certaminum</span> <span class='ocrx_word' id='word_1_367' title='bbox 1218 2522 1352 2555; x_wconf 66' lang='lat' dir='ltr'>contra</span> <span class='ocrx_word' id='word_1_368' title='bbox 1379 2531 1504 2570; x_wconf 51' lang='lat' dir='ltr'>restem</span> <span class='ocrx_word' id='word_1_369' title='bbox 1528 2518 1809 2570; x_wconf 61' lang='lat' dir='ltr'>cassosz&#39;tiowmn.</span> 
     </span>
     <span class='ocr_line' id='line_1_44' title="bbox 303 2564 1810 2627; baseline 0.007 -25"><span class='ocrx_word' id='word_1_370' title='bbox 303 2564 411 2604; x_wconf 87' lang='lat' dir='ltr'>Eam</span> <span class='ocrx_word' id='word_1_371' title='bbox 442 2565 604 2605; x_wconf 89' lang='lat' dir='ltr'>orditur</span> <span class='ocrx_word' id='word_1_372' title='bbox 633 2569 836 2608; x_wconf 70' lang='lat' dir='ltr'>recitando</span> <span class='ocrx_word' id='word_1_373' title='bbox 863 2568 988 2609; x_wconf 66' lang='lat' dir='ltr'>libello</span> <span class='ocrx_word' id='word_1_374' title='bbox 1015 2570 1063 2610; x_wconf 76' lang='lat' dir='ltr'>ab</span> <span class='ocrx_word' id='word_1_375' title='bbox 1084 2572 1276 2611; x_wconf 67' lang='lat' dir='ltr'>Aeschine</span> <span class='ocrx_word' id='word_1_376' title='bbox 1295 2572 1474 2612; x_wconf 68' lang='lat' dir='ltr'>archonti</span> <span class='ocrx_word' id='word_1_377' title='bbox 1494 2573 1643 2612; x_wconf 31' lang='lat' dir='ltr'>trasclefto</span> <span class='ocrx_word' id='word_1_378' title='bbox 1666 2588 1810 2627; x_wconf 72' lang='lat' dir='ltr'>propo-</span> 
     </span>
     <span class='ocr_line' id='line_1_45' title="bbox 302 2620 1809 2677; baseline 0.007 -19"><span class='ocrx_word' id='word_1_379' title='bbox 302 2620 513 2673; x_wconf 68' lang='lat' dir='ltr'>wendisque</span> <span class='ocrx_word' id='word_1_380' title='bbox 548 2622 737 2674; x_wconf 71' lang='lat' dir='ltr'>partibus</span> <span class='ocrx_word' id='word_1_381' title='bbox 778 2625 1014 2677; x_wconf 63' lang='lat' dir='ltr'>(lcfinsiomis</span> <span class='ocrx_word' id='word_1_382' title='bbox 1052 2627 1109 2665; x_wconf 75' lang='lat' dir='ltr'>ad</span> <span class='ocrx_word' id='word_1_383' title='bbox 1151 2641 1326 2666; x_wconf 69' lang='lat' dir='ltr'>normam</span> <span class='ocrx_word' id='word_1_384' title='bbox 1369 2627 1490 2667; x_wconf 68' lang='lat' dir='ltr'>libelli.</span> <span class='ocrx_word' id='word_1_385' title='bbox 1534 2628 1809 2669; x_wconf 69' lang='lat' dir='ltr'>instituendae.</span> 
     </span>
     <span class='ocr_line' id='line_1_46' title="bbox 304 2675 1810 2733; baseline 0.007 -19"><span class='ocrx_word' id='word_1_386' title='bbox 304 2675 407 2714; x_wconf 76' lang='lat' dir='ltr'>Cum</span> <span class='ocrx_word' id='word_1_387' title='bbox 441 2676 548 2715; x_wconf 88' lang='lat' dir='ltr'>enim</span> <span class='ocrx_word' id='word_1_388' title='bbox 582 2677 798 2730; x_wconf 88' lang='lat' dir='ltr'>dispositio</span> <span class='ocrx_word' id='word_1_389' title='bbox 835 2681 1017 2733; x_wconf 89' lang='lat' dir='ltr'>capitum</span> <span class='ocrx_word' id='word_1_390' title='bbox 1054 2682 1178 2721; x_wconf 88' lang='lat' dir='ltr'>libelli</span> <span class='ocrx_word' id='word_1_391' title='bbox 1213 2683 1290 2722; x_wconf 90' lang='lat' dir='ltr'>sibi</span> <span class='ocrx_word' id='word_1_392' title='bbox 1326 2683 1467 2723; x_wconf 89' lang='lat' dir='ltr'>utilior</span> <span class='ocrx_word' id='word_1_393' title='bbox 1498 2689 1621 2731; x_wconf 82' lang='lat' dir='ltr'>esset,</span> <span class='ocrx_word' id='word_1_394' title='bbox 1647 2699 1729 2723; x_wconf 90' lang='grc'>11011</span> <span class='ocrx_word' id='word_1_395' title='bbox 1755 2685 1810 2724; x_wconf 88' lang='lat' dir='ltr'>ad</span> 
     </span>
     <span class='ocr_line' id='line_1_47' title="bbox 303 2731 1810 2790; baseline 0.006 -20"><span class='ocrx_word' id='word_1_396' title='bbox 303 2731 533 2771; x_wconf 85' lang='lat' dir='ltr'>orationem</span> <span class='ocrx_word' id='word_1_397' title='bbox 556 2733 788 2781; x_wconf 64' lang='lat' dir='ltr'>Aeschinis,</span> <span class='ocrx_word' id='word_1_398' title='bbox 811 2740 858 2775; x_wconf 90' lang='lat' dir='ltr'>ut</span> <span class='ocrx_word' id='word_1_399' title='bbox 886 2736 964 2776; x_wconf 88' lang='lat' dir='ltr'>iste</span> <span class='ocrx_word' id='word_1_400' title='bbox 994 2738 1291 2790; x_wconf 66' lang='lat' dir='ltr'>postulaverat„</span> <span class='ocrx_word' id='word_1_401' title='bbox 1315 2740 1385 2778; x_wconf 87' lang='lat' dir='ltr'>sed</span> <span class='ocrx_word' id='word_1_402' title='bbox 1411 2739 1465 2778; x_wconf 91' lang='lat' dir='ltr'>ad</span> <span class='ocrx_word' id='word_1_403' title='bbox 1494 2740 1601 2778; x_wconf 92' lang='lat' dir='ltr'>hunc</span> <span class='ocrx_word' id='word_1_404' title='bbox 1629 2740 1810 2779; x_wconf 91' lang='lat' dir='ltr'>libellum</span> 
     </span>
     <span class='ocr_line' id='line_1_48' title="bbox 304 2788 1809 2846; baseline 0.008 -23"><span class='ocrx_word' id='word_1_405' title='bbox 304 2800 440 2825; x_wconf 88' lang='lat' dir='ltr'>rerum</span> <span class='ocrx_word' id='word_1_406' title='bbox 463 2788 650 2827; x_wconf 85' lang='lat' dir='ltr'>ordinem</span> <span class='ocrx_word' id='word_1_407' title='bbox 672 2791 894 2842; x_wconf 88' lang='lat' dir='ltr'>componit.</span> <span class='ocrx_word' id='word_1_408' title='bbox 956 2792 1019 2831; x_wconf 89' lang='lat' dir='ltr'>De</span> <span class='ocrx_word' id='word_1_409' title='bbox 1045 2808 1126 2846; x_wconf 87' lang='lat' dir='ltr'>quo</span> <span class='ocrx_word' id='word_1_410' title='bbox 1153 2794 1329 2833; x_wconf 86' lang='lat' dir='ltr'>artificio</span> <span class='ocrx_word' id='word_1_411' title='bbox 1353 2795 1441 2846; x_wconf 87' lang='lat' dir='ltr'>jam</span> <span class='ocrx_word' id='word_1_412' title='bbox 1463 2799 1622 2834; x_wconf 88' lang='lat' dir='ltr'>veteres</span> <span class='ocrx_word' id='word_1_413' title='bbox 1643 2809 1809 2835; x_wconf 87' lang='lat' dir='ltr'>monue—</span> 
     </span>
     <span class='ocr_line' id='line_1_49' title="bbox 304 2843 1809 2903; baseline 0.008 -25"><span class='ocrx_word' id='word_1_414' title='bbox 304 2847 414 2881; x_wconf 88' lang='lat' dir='ltr'>runt.</span> <span class='ocrx_word' id='word_1_415' title='bbox 478 2843 656 2883; x_wconf 81' lang='lat' dir='ltr'>Factum</span> <span class='ocrx_word' id='word_1_416' title='bbox 678 2851 742 2885; x_wconf 84' lang='lat' dir='ltr'>est</span> <span class='ocrx_word' id='word_1_417' title='bbox 764 2846 820 2885; x_wconf 88' lang='lat' dir='ltr'>sic</span> <span class='ocrx_word' id='word_1_418' title='bbox 843 2852 887 2886; x_wconf 89' lang='lat' dir='ltr'>ut</span> <span class='ocrx_word' id='word_1_419' title='bbox 911 2848 1037 2887; x_wconf 87' lang='lat' dir='ltr'>ordiri</span> <span class='ocrx_word' id='word_1_420' title='bbox 1060 2849 1242 2889; x_wconf 77' lang='lat' dir='ltr'>defensio</span> <span class='ocrx_word' id='word_1_421' title='bbox 1264 2865 1288 2889; x_wconf 89' lang='lat' dir='ltr'>a</span> <span class='ocrx_word' id='word_1_422' title='bbox 1309 2851 1431 2888; x_wconf 85' lang='lat' dir='ltr'>rebus</span> <span class='ocrx_word' id='word_1_423' title='bbox 1461 2850 1590 2903; x_wconf 79' lang='lat' dir='ltr'>gestis</span> <span class='ocrx_word' id='word_1_424' title='bbox 1611 2855 1653 2890; x_wconf 87' lang='lat' dir='ltr'>et</span> <span class='ocrx_word' id='word_1_425' title='bbox 1674 2851 1809 2891; x_wconf 89' lang='lat' dir='ltr'>redire</span> 
     </span>
     <span class='ocr_line' id='line_1_50' title="bbox 306 2898 1810 2953; baseline 0.007 -18"><span class='ocrx_word' id='word_1_426' title='bbox 306 2898 489 2948; x_wconf 82' lang='lat' dir='ltr'>potuerit</span> <span class='ocrx_word' id='word_1_427' title='bbox 529 2899 581 2937; x_wconf 86' lang='lat' dir='ltr'>ad</span> <span class='ocrx_word' id='word_1_428' title='bbox 624 2900 709 2942; x_wconf 66' lang='lat' dir='ltr'>has.</span> <span class='ocrx_word' id='word_1_429' title='bbox 747 2903 1093 2953; x_wconf 71' lang='lat' dir='ltr'>quemadmmlum</span> <span class='ocrx_word' id='word_1_430' title='bbox 1134 2904 1239 2944; x_wconf 83' lang='lat' dir='ltr'>infra</span> <span class='ocrx_word' id='word_1_431' title='bbox 1273 2905 1510 2944; x_wconf 81' lang='lat' dir='ltr'>videbimus.</span> <span class='ocrx_word' id='word_1_432' title='bbox 1573 2906 1810 2946; x_wconf 86' lang='lat' dir='ltr'>Dccurrunt</span> 
     </span>
    </p>
   </div>
  </div>
 </body>
</html>
