1934 3179
267 134 351 172 382
825 131 940 171 PRO
973 130 1223 171 CORONA.

328 238 420 285 266,
440 238 477 275 6.
506 233 1020 286 ἐπαινοῦμαι-ὑπεύθυνος]
1049 232 1239 272 Tiberius
1256 249 1262 272 ζ
1293 234 1532 283 ἐπαινοῦμαι,
1548 235 1604 282 οὐ,
1619 237 1671 285 μὰ
1688 236 1777 281 Δία,

271 293 337 332 οὐκ
359 292 413 332 ὢν
434 294 488 332 ὧν
510 291 682 331 ἐπέδωκα
703 291 926 331 ὑπεύθυνος.

329 350 422 394 266,
449 360 485 398 7.
508 347 580 400 ὧν]
608 346 720 386 Male
744 345 942 384 Tiberius
965 345 1025 386 ὡς.
1087 343 1419 384 SCHAEFER.

328 406 422 452 266,
447 405 483 442 8.
507 401 595 442 ἀλλ’
620 403 756 442 ἀδίκως
776 401 872 450 ἦρξα
893 419 923 439 κ.
946 417 977 439 τ.
1001 400 1059 452 λ.]
1090 400 1376 454 Hermogenes
1397 415 1437 454 p.
1464 414 1555 450 140.
1588 402 1779 443 πολλάκις

270 460 332 499 καὶ
367 460 483 511 χωρὶς
524 458 748 509 προτάσεως
782 458 843 496 καὶ
884 456 1196 506 ἀντιπροτάσεως
1233 457 1462 506 εὑρίσκομεν
1499 456 1675 505 (scilicet
1711 457 1779 506 τὴν

268 517 474 565 ὑποφορὰν
514 515 577 553 καὶ
612 513 681 562 τὴν
713 513 845 564 λύσιν)
885 514 988 563 παρὰ
1020 515 1099 552 τοῖς
1133 512 1320 563 ἀρχαίοις.
1363 513 1458 552 οἷον·
1503 511 1592 552 ἀλλ’
1628 513 1776 558 ἀδίκως,

269 572 405 621 φησὶν,
429 570 535 620 ἦρξα.
569 570 590 618 ἡ
620 570 801 618 ὑποφορὰ
828 569 944 620 χωρὶς
977 566 1215 618 προτάσεως.
1248 568 1329 607 εἶτα
1355 569 1501 618 παρὼν,
1525 569 1589 607 ὅτε
1618 585 1668 617 με
1701 570 1779 608 εἰσ-

270 629 367 674 ῆγον
397 627 434 664 οἱ
464 625 659 676 λογισταὶ,
693 626 755 663 διὰ
783 625 821 663 τί
844 624 888 663 οὐ
918 624 1168 674 κατηγόρεις;
1207 624 1229 672 ἡ
1259 625 1373 665 λύσις
1398 625 1515 675 χωρὶς
1540 623 1777 674 προτάσεως.

326 736 415 776 ἀλλ’
453 737 590 777 ἀδίκως
622 733 739 789 ἦρξα]
779 734 997 775 Tiberius:
1032 733 1121 773 ἀλλ’
1156 735 1303 780 ἀδίκως,
1327 734 1461 784 φησὶν,
1495 733 1624 784 ἧρξας.
1658 735 1780 785 φησὶν

269 793 416 832 inserit
437 792 565 832 etiam
589 791 877 844 Hermogenes
897 790 922 830 l.
946 804 978 830 c.
1041 789 1373 830 SOHAEFER.

327 848 409 888 εἶτα
448 849 580 898 παρὼν
619 848 682 886 ὅτε
722 846 757 896 μ’
802 849 962 897 εἰσῆγον
1003 847 1039 885 οῖ
1078 847 1274 897 λογισταὶ,
1311 846 1356 884 οὐ
1397 846 1622 896 κατηγόρεις
1640 845 1670 900 ς]
1708 846 1779 885 Di-

269 908 422 943 cuntur
443 903 617 954 εἰσάγειν
638 902 922 956 magistratus.
945 906 992 941 ut
1015 906 1195 948 constat,
1218 915 1407 941 caussam
1428 900 1469 939 in
1486 900 1690 953 judicium
1721 901 1780 941 in-

269 960 552 1006 troducentes,
576 958 641 997 cui
674 957 980 1011 praesidebant.
1042 957 1158 997 Conf.
1184 957 1329 997 Meier.
1359 961 1401 996 et
1424 956 1695 996 Schoemann.
1730 958 1779 997 de

265 1016 353 1069 jud.
378 1015 533 1055 Athen.
558 1030 597 1067 p.
619 1027 686 1067 30.
749 1013 949 1053 Similiter
976 1013 1104 1052 etiam
1130 1014 1326 1063 λογισταὶ,
1349 1012 1419 1052 ubi
1440 1012 1623 1052 rationes
1645 1013 1779 1052 reddi-

270 1082 339 1111 tae
360 1085 442 1110 non
475 1070 775 1113 satisfecerant.
798 1083 885 1108 rem
919 1069 960 1107 in
988 1067 1190 1121 judicium
1211 1068 1428 1113 vocabant.
1452 1068 1502 1107 cf.
1526 1068 1706 1108 Boeckh.
1729 1069 1780 1108 de

271 1127 423 1167 Oecon.
441 1127 596 1166 Athen.
621 1139 653 1164 1.
671 1140 709 1178 p.
730 1136 834 1178 207..
857 1124 1002 1163 Meier.
1020 1129 1063 1163 et
1078 1124 1351 1163 Sohoemann.
1368 1138 1407 1176 p.
1434 1136 1521 1176 ¹03·
1554 1124 1778 1164 DISSEN.

329 1183 506 1234 εἰσῆγον]
536 1181 726 1221 Tiberius
749 1180 972 1231 εἰσήγαγον.
1036 1178 1367 1219 SCHAEFER.

329 1241 422 1285 266,
446 1251 483 1290 9.
506 1237 703 1289 λογισταὶ]
728 1236 982 1289 Harpocrat.
1006 1249 1036 1274 s,
1060 1250 1095 1274 v.
1118 1234 1316 1285 λογιστής.
1379 1234 1638 1274 TAYLOR.

327 1294 389 1346 οὐ]
419 1297 480 1333 διὰ
502 1294 539 1332 τί
559 1293 601 1331 οὐ
623 1292 783 1345 ahquot
804 1291 923 1331 codd.
947 1296 988 1330 et
1011 1291 1312 1343 Hermogenes.

330 1351 422 1397 266,
447 1361 505 1388 12.
528 1350 583 1389 οἷς
603 1351 676 1398 γὰρ
699 1349 765 1387 οὐκ
788 1347 990 1398 ἐγράψατο
1012 1350 1078 1385 τοῦ
1096 1346 1456 1398 προβουλεύματος]
1486 1347 1598 1385 Nam
1615 1346 1667 1386 'iis
1682 1361 1780 1399 quae

269 1419 345 1444 non
366 1404 565 1444 accusavit
586 1404 629 1442 ἰἰι
656 1403 993 1447 senatusconsulto,
1009 1402 1151 1455 prodet
1178 1415 1214 1439 se
1240 1401 1563 1441 calumniatorem
1587 1403 1705 1441 etiam
1736 1403 1780 1441 in

269 1462 332 1505 iis„
348 1467 515 1513 propter
535 1474 634 1512 quae
655 1473 832 1498 caussam
853 1459 1032 1497 intendit.
1094 1456 1318 1496 DISSEN.

328 1514 685 1567 οἶς-φανήσεται]
712 1515 998 1568 Hermogenes
1020 1529 1059 1566 p.
1081 1514 1177 1566 364‚
1204 1525 1266 1565 23.
1328 1512 1522 1552 REISK.

330 1573 423 1616 266„
451 1584 512 1624 13.
535 1572 680 1611 τούτοις
701 1576 845 1609 orator
864 1574 1031 1622 poterat
1057 1568 1424 1621 compendifacere,
1446 1574 1493 1608 ut
1516 1569 1626 1622 quod
1647 1569 1779 1610 lateat

272 1627 313 1666 in
354 1629 423 1669 οἶς,
466 1626 537 1665 sed
578 1625 741 1665 addidit
780 1625 949 1677 majoris
988 1623 1209 1677 gravitatis
1250 1638 1408 1663 caussa.
1479 1624 1684 1664 Nimirum
1724 1627 1781 1667 οἷς

270 1683 428 1722 dictum
459 1687 522 1720 est
556 1681 827 1720 e-notissima
852 1681 986 1733 figura
1012 1679 1278 1719 attractionis
1311 1694 1386 1732 pro
1417 1681 1576 1726 τούτοις,
1600 1681 1649 1720 άε
1683 1695 1779 1720 nam

272 1738 494 1789 γράφεσθαι
522 1736 724 1790 jungitur.
754 1751 833 1775 non
869 1736 1020 1781 dativo,
1050 1735 1120 1774 sed
1153 1735 1403 1774 accusativo.
1468 1735 1520 1774 V.
1552 1751 1591 1788 p.
1625 1738 1717 1788 267,
1739 1751 1776 1786 4.

271 1796 366 1843 486,
395 1807 427 1832 1.
490 1792 820 1832 SOHAEFER.

331 1852 422 1894 266,
453 1860 512 1901 15.
545 1847 819 1901 ΨΗΦΙΣΜΑ]
846 1847 939 1886 Non
960 1852 1024 1886 est
1045 1847 1121 1886 hoc
1142 1846 1365 1900 genuinum
1387 1847 1637 1900 psephisma,
1660 1848 1779 1900 quale

270 1920 296 1944 a
318 1905 590 1956 Ctesiphonte
623 1904 755 1943 latum
789 1908 852 1942 est
881 1902 1041 1955 Olymp.
1072 1916 1163 1949 110,
1195 1916 1234 1952 4.
1297 1902 1534 1955 Phrynicho
1566 1903 1778 1950 archonte,

272 1966 319 2000 ut
339 1974 388 1999 ex
412 1960 459 1998 iis
481 1959 700 2012 apparebit
723 1973 827 2012 quae
848 1958 901 1997 ad
924 1958 1105 2012 singulas
1134 1959 1221 2011 ejus
1255 1963 1397 2010 partes
1419 1958 1634 1997 dicentur:
1670 1960 1776 2011 quod

275 2015 589 2054 XViniowskium
612 2015 742 2054 movit
763 2020 809 2053 ut
830 2014 883 2053 ad
901 2014 1182 2066 conjecturam
1204 2014 1446 2067 confugeret
1468 2014 1519 2052 de
1543 2028 1624 2067 qua
1642 2014 1780 2053 Disse-

273 2087 349 2110 nus
371 2071 471 2110 dicit
493 2070 600 2109 infra
621 2070 674 2109 ad
696 2085 734 2123 p.
760 2071 851 2116 266,
880 2073 942 2108 26.

333 2129 424 2173 266„
457 2127 514 2164 16.
540 2126 796 2177 Εὐθυκλέους]
826 2125 995 2164 Archon
1018 2124 1389 2177 1‘›seudeponymus.

332 2184 423 2227 266,
451 2195 508 2232 19.
531 2183 741 2231 γενόμενος
763 2181 993 2229 ἐπιμελητὴς
1014 2183 1080 2228 τῆς
1101 2184 1176 2219 τῶν
1197 2184 1337 2231 τειχῶν
1359 2179 1583 2233 ἐπισκευῆς]
1608 2179 1778 2220 Electus

272 2242 363 2276 erat
385 2242 554 2276 curator
574 2236 780 2274 moenium
813 2235 1126 2274 reficiendorum
1160 2250 1185 2274 a
1212 2235 1324 2274 tribu
1347 2249 1433 2277 sua.
1458 2240 1503 2275 ut
1537 2249 1663 2288 supra
1691 2236 1778 2287 jam

270 2292 441 2334 dictum.
484 2291 601 2331 initio
641 2291 874 2343 Scirophor.
912 2290 1009 2329 anni
1046 2290 1108 2328 Ol.
1149 2304 1161 2328 1
1182 2303 1237 2329 ιο.
1283 2299 1365 2335 2.²;
1414 2290 1464 2328 cf.
1503 2290 1685 2330 Boeckh.
1728 2291 1778 2330 de

269 2347 460 2386 archont.
482 2346 749 2398 pseudonym.
772 2361 809 2398 p.
837 2359 882 2393 27
909 2360 1006 2397 seq„
1029 2350 1071 2384 et
1090 2346 1342 2398 fungebatur
1362 2346 1439 2384 hoc
1469 2360 1639 2385 munere
1668 2360 1778 2385 anno

272 2402 461 2455 proximo
482 2416 612 2454 usque
632 2401 685 2440 ad
710 2401 1081 2453 Scirophorionem‚
1104 2401 1211 2439 unde
1235 2400 1465 2439 Aeschines
1487 2401 1527 2439 in
1550 2404 1682 2454 γραφῇ
1704 2415 1778 2441 sua

275 2456 598 2510 Elaphebolione
631 2470 770 2495 mense
797 2456 952 2508 scripta
979 2455 1167 2495 dicebat:
1203 2456 1285 2494 ἔστι
1319 2458 1359 2494 δὲ
1382 2456 1634 2504 Δημοσθένης
1655 2473 1777 2508 τειχο-

272 2515 393 2554 ποιός.
455 2513 677 2551 Caeterum
705 2512 814 2564 quod
851 2525 957 2550 nunc
992 2511 1221 2559 ἐπιμελητὴς
1253 2510 1407 2549 dicitnr
1437 2514 1502 2559 τῆς
1534 2515 1608 2550 τῶν
1641 2515 1779 2563 τειχῶν

272 2570 489 2615 ἐπισκευῆς,
513 2567 678 2606 notabis
700 2568 821 2619 ἀρχὰς
842 2566 968 2606 etiam
992 2567 1213 2614 ἐπιμελείας
1234 2565 1325 2611 dici,
1349 2566 1458 2618 quod
1480 2580 1628 2605 nomen
1646 2567 1707 2605 vel
1728 2567 1778 2605 de

271 2624 521 2662 archontum
544 2624 681 2673 ἀρχαῖς
703 2627 940 2675 usurpatur,
959 2622 1008 2659 cf.
1036 2622 1080 2660 O.
1100 2621 1148 2659 F.
1173 2621 1403 2660 Hermann.
1425 2621 1576 2672 dejure
1595 2628 1629 2660 el
1650 2628 1778 2661 aucto-

272 2679 390 2717 ritate
411 2678 715 2730 ιιιαῃὶεΐναΐιιιιηι
735 2692 801 2730 ap.
823 2676 1075 2716 Athenienses
1097 2691 1135 2728 p.
1158 2689 1226 2723 42.
1287 2675 1513 2715 DISSEN.

331 2736 423 2778 266,
449 2745 514 2771 20.
546 2734 861 2781 προσαναλώσας
883 2734 936 2773 εἰς
957 2734 1004 2770 τὰ
1025 2732 1120 2781 ἔργα
1147 2731 1221 2769 ἀπὸ
1243 2734 1306 2779 τῆς
1328 2733 1425 2772 ἰδίας
1455 2731 1587 2771 οὐσίας
1609 2731 1693 2780 τρία
1714 2731 1778 2770 τά·

272 2788 413 2840 λαντα]
439 2787 666 2826 Aeschines
693 2792 824 2826 contr.
849 2786 1033 2839 Ctesiph.
1062 2801 1100 2838 p.
1126 2787 1192 2837 87.
1216 2786 1277 2824 ita
1302 2785 1509 2838 loquitur:
1545 2787 1591 2825 Εἰ
1611 2787 1683 2835 μὲν
1705 2788 1778 2837 γὰρ

654 2918 667 2934 z
694 2913 762 2942 Imo
780 2912 906 2952 Olymp.
927 2922 994 2949 110,
1011 2920 1040 2949 3.
1090 2912 1130 2940 V.
1147 2911 1185 2940 ad
1204 2921 1231 2949 p.
1254 2917 1323 2948 243,
1343 2920 1388 2940 10.
