1935 3205
360 147 441 186 Al)
474 145 812 185 oRATuiNEs
845 143 1292 184 ULYN'FHIACAS.
1530 143 1578 183 17

72 259 132 299 καὶ
173 258 328 310 χάριτος
369 260 415 297 τὰ
456 260 519 306 τῆς
559 259 709 298 πόλεως
749 255 955 307 πράγματα
997 255 1057 294 καὶ
1099 255 1280 293 τοιαυτὶ
1319 254 1556 303 συμβαίνε
1571 271 1582 292 ι

69 315 92 353 i.
122 330 156 353 e.
193 320 278 354 tam
315 313 463 353 misera
500 319 543 353 et
579 313 740 358 acerba„
776 311 911 365 qualia
953 325 1059 350 nune
1096 310 1303 349 eveniunt.
1376 309 1476 363 l'ag.
1509 312 1576 361 38,

70 382 106 422 7.
143 371 357 420 Συμβαίνει
377 387 412 409 τι
434 373 607 409 τοιοῦτον
638 370 721 408 οἷον
753 370 814 408 καὶ
845 370 891 407 τὰ
924 371 1004 407 νῦν,
1067 367 1184 406 llaee
1217 365 1343 419 igitur
1365 365 1432 418 qui
1468 371 1579 405 reete

69 425 360 481 ponderaverit
381 432 425 466 et
447 440 539 465 euin
562 425 719 479 primae
741 440 787 465 ae
810 424 1014 463 secundae
1031 422 1233 463 orationis
1255 421 1435 461 exordiis
1457 436 1577 475 argu-

67 483 300 535 mentisque
325 482 642 536 eomparax‘erit,
667 496 746 520 nou
779 480 934 534 poterit
963 479 1156 519 dubitare
1186 478 1283 531 quin
1317 478 1463 517 ultimo
1489 477 1579 517 loeo

68 539 169 579 haee
191 538 327 578 oratio
353 538 591 577 eolloeanda
616 538 682 577 sit.
749 537 933 590 Denique
955 536 1031 575 hoe
1058 536 1146 589 ipso
1163 535 1250 587 jam
1273 534 1455 581 exordio,
1480 533 1579 587 quid

67 595 246 635 maxime
268 595 462 648 eonsequi
487 595 563 634 hae
585 593 774 634 oratioue
797 593 929 640 vellet,
944 593 1055 632 haud
1078 593 1253 631 obseure
1276 591 1580 630 Demosthenes

68 651 324 705 significavit.
378 651 526 691 Ardua
548 665 685 690 rerum
708 649 916 702 requirere
938 649 1067 688 ardua
1090 663 1139 688 ae
1157 662 1261 687 nova
1283 647 1464 686 consilia.
1518 646 1580 685 Ne

66 708 320 748 mirarentur
342 707 478 761 igitur,
504 722 603 747 neve
625 706 701 745 sibi
725 705 884 745 veniam
906 706 1174 759 ‹l‹1=11eg.·11·eut,
1197 703 1228 743 si
1249 704 1351 743 dura
1375 703 1579 756 quaedam

68 769 110 804 et
145 765 296 804 acerba
337 764 543 803 suaderet.
618 762 735 802 llaee
772 762 826 801 ad
863 761 1123 815 rogationem
1157 761 1206 799 de
1243 760 1427 813 peeuuiis
1463 760 1578 799 thea-

67 820 243 860 tralibus
265 821 317 860 ad
340 820 536 859 militaria
557 818 764 872 stipendia
785 818 1044 857 esmferendis
1067 822 1270 871 spectare,
1289 831 1414 869 quain
1437 821 1581 855 orator

68 881 214 931 postea
235 876 499 930 persequitur
522 880 580 929 (p.
604 889 649 928 3¹
675 878 798 928 sqq),
822 874 887 913 vix
910 874 1102 927 euiquain
1124 873 1293 912 dubium
1317 887 1405 911 esse
1428 876 1579 925 potest.

68 933 211 986 Atque
237 933 344 972 idem
367 933 460 971 hine
486 931 743 985 intelligitur„
767 931 889 984 quod,
909 945 1047 983 quum,
1067 936 1292 982 antequam
1315 929 1354 967 iu
1379 943 1463 967 rem
1489 943 1580 981 pro—

66 989 245 1043 positam
268 989 566 1043 ingrederetur,
590 987 897 1041 praemonenda
920 987 1123 1040 quaedam
1147 986 1197 1025 de
1218 999 1462 1039 magnorum
1486 985 1579 1023 sub-

66 1045 265 1085 sidiorum
286 1045 536 1085 necessitate
557 1060 605 1084 ae
632 1044 682 1083 de
714 1043 945 1098 praesentis
977 1042 1176 1096 temporis
1208 1041 1370 1081 ratione
1396 1041 1578 1087 duceret,

67 1116 116 1142 ea
141 1102 204 1142 his
226 1102 361 1142 verbis
392 1101 531 1141 intulit
554 1116 592 1154 p.
622 1114 684 1153 Μ),
717 1102 785 1139 18:
821 1101 1060 1150 'Arayxaiov
1088 1101 1128 1138 δὲ
1164 1099 1433 1148 ὑπολαμβάνω
1466 1100 1581 1148 μικρὰ

67 1162 143 1198 τῶν
173 1159 445 1209 γεγενημένων
478 1162 663 1208 πρῶτον
684 1158 799 1207 ὑμᾶς
829 1158 1062 1205 ὑπομνῆσαι·
1096 1154 1244 1208 quibus
1266 1168 1468 1193 suminam
1491 1168 1581 1193 ora-

68 1214 195 1255 tionis
218 1215 266 1253 iis
284 1213 485 1254 contineri
507 1212 747 1259 declaravit,
766 1228 871 1265 quae
887 1211 1082 1265 deinceps
1104 1212 1414 1264 subsequuntur
1437 1214 1495 1264 (p.
1513 1223 1581 1263 31,

65 1272 90 1311 6
112 1272 236 1325 sqq.)‚
264 1271 288 1310 i.
311 1286 345 1311 e.
370 1270 587 1324 rogatione
609 1270 660 1309 do
681 1268 865 1322 pecuniis
887 1268 1176 1308 theatralibus.

127 1333 150 1349 “
174 1328 293 1379 Quod
320 1328 407 1381 jam
438 1327 492 1367 ad
514 1341 583 1366 eos
605 1326 714 1365 locos
742 1325 911 1373 attinet,
939 1325 1087 1378 quibus
1109 1324 1295 1363 oblatam
1316 1323 1411 1362 belli
1434 1337 1581 1376 oppor-

68 1384 295 1424 tunitatem
331 1389 475 1423 orator
510 1382 723 1436 praedicat
759 1384 817 1433 (1.
840 1396 878 1434 p.
912 1394 968 1427 10,
996 1393 1159 1434 25.-p.
1188 1394 1249 1424 11,
1278 1393 1353 1425 10;
1396 1392 1431 1418 2.
1456 1394 1494 1432 p.
1522 1383 1579 1426 ιδ,

67 1442 236 1491 4-—163
272 1453 310 1493 3.
334 1455 372 1493 p.
395 1454 462 1494 50,
491 1440 698 1491 tii—23.)
731 1453 781 1478 ex
814 1438 877 1476 his
910 1437 1075 1490 quidem
1110 1451 1203 1477 mea
1239 1435 1449 1476 sententia
1485 1450 1580 1474 neu-

67 1501 177 1537 tram
199 1496 239 1535 in
262 1502 425 1550 partem
447 1495 549 1535 efflei
573 1495 797 1548 quidquam
827 1498 978 1547 potest,
1003 1494 1113 1548 quod
1136 1498 1210 1532 aut
1232 1498 1391 1532 eertum
1414 1491 1481 1534 sit,
1505 1498 1577 1532 aut

66 1553 245 1607 aliquam
269 1552 457 1593 veritatis
485 1550 887 1592 commendationem1
916 1551 1083 1589 habeat.
1145 1549 1425 1600 Quamobrem
1458 1548 1497 1587 iu
1532 1548 1580 1587 iis

66 1614 233 1650 tantum
253 1609 354 1649 loeis
374 1608 640 1655 morabimur,
660 1608 767 1647 unde
790 1607 851 1646 vel
872 1606 973 1645 lueis
994 1606 1150 1659 aliquid
1171 1606 1224 1645 ad
1248 1610 1435 1645 nostram
1457 1619 1580 1658 quae-

66 1665 244 1706 stionem
265 1665 403 1706 afferri
426 1665 568 1719 possit,
588 1664 649 1704 vel
671 1664 711 1703 in
729 1663 877 1717 quibus
899 1663 1183 1702 dubitationes
1205 1662 1411 1715 quaedam
1432 1661 1577 1701 adver-

67 1722 271 1762 sariorum
294 1722 515 1762 elevandae
536 1721 631 1761 sint.

129 1785 153 1801 ‘⁶
173 1779 221 1818 In
234 1779 376 1832 prima
394 1778 522 1833 igitur
538 1777 726 1817 oratione
748 1792 786 1830 p.
810 1789 868 1825 12,
887 1778 997 1829 3——8
1018 1793 1025 1815 ;
1061 1781 1084 1797 ‘'-
1102 1790 1197 1816 nam
1215 1775 1325 1828 quod
1342 1774 1473 1814 multa
1491 1775 1579 1827 jam

68 1835 174 1875 bello
195 1835 419 1881 amisimus
443 1834 589 1888 inquit,
613 1834 655 1873 id
680 1833 829 1873 merito
852 1838 1020 1872 nostrae
1043 1832 1163 1886 eulpa
1186 1831 1401 1871 socordiae
1422 1832 1579 1870 factum

69 1891 482 1945 putabimusgquod
515 1905 609 1930 vero
643 1905 718 1930 nee
753 1890 909 1929 dudum
947 1889 989 1928 id
1022 1888 1185 1936 accidit,
1218 1897 1260 1928 et
1296 1887 1438 1927 oblata
1470 1901 1579 1926 1111110

68 1948 187 1987 nobis
217 1954 281 1988 est
311 1949 365 1988 ad
390 1963 439 1988 ea
466 1947 773 2001 compensanda
803 1945 994 1990 societas,
1018 1946 1052 1983 si
1078 1945 1138 1984 1(ίὶ
1162 1945 1333 1989 velimus,
1357 1945 1405 1983 ἂν
1425 1944 1578 1992 βουλώ-

67 2008 167 2055 μεθα
192 2008 371 2057 χρῆσθαι,
394 2004 472 2044 1100
495 2003 683 2057 equidem
716 2003 757 2041 in
784 2001 985 2041 beneficio
1014 2001 1175 2040 divinae
1200 1999 1474 2053 benignitatis
1506 2014 1577 2037 nu-

67 2061 311 2101 merandum
342 2060 616 2114 putaverim.”
680 2059 726 2097 ln
750 2058 898 2111 quibus
920 2072 1002 2110 qua
1028 2057 1189 2096 ratione
1217 2057 1331 2103 haee,
1359 2056 1406 2095 ἂν
1426 2057 1579 2104 βουλώ-

65 2121 166 2166 μεθα
194 2120 374 2169 χρῆσθαι,
399 2117 425 2155 11
447 2116 687 2156 existiment
718 2114 974 2168 explieanda,
998 2113 1068 2165 qui
1101 2113 1207 2152 hano
1236 2112 1407 2152 tertiam
1439 2126 1578 2151 nume—

67 2178 209 2213 rantes
243 2173 473 2213 orationem
508 2172 573 2211 bis
603 2172 691 2225 jain
727 2170 867 2224 copias
902 2171 956 2210 ab
990 2169 1318 2209 Atheniensibus
1350 2168 1578 2221 Olynthum

67 2229 214 2269 missas
242 2244 330 2269 esse
360 2229 593 2283 perhibent,
617 2227 807 2281 equidem
833 2242 915 2266 non
937 2226 1066 2273 video7
1091 2225 1168 2264 nisi
1190 2225 1281 2279 plus
1303 2224 1438 2264 valere
1461 2238 1577 2264 voea-

67 2286 210 2325 bulum
246 2289 415 2338 χρῆσθαι
456 2299 579 2338 quam
616 2298 713 2323 usus
749 2284 829 2323 fert
871 2287 1058 2323 statuere
1090 2281 1305 2321 voluerint.
1376 2280 1483 2319 Mihi
1525 2295 1577 2320 ex

70 2341 146 2381 illis
177 2347 323 2396 patere
349 2342 524 2389 videtur,
548 2355 673 2394 quum
705 2340 806 2380 haee
837 2347 980 2380 orator
1011 2338 1191 2386 dicebat,
1219 2338 1402 2377 nondum
1433 2337 1578 2376 foedus

68 2399 224 2438 factum
252 2412 326 2438 1100
352 2398 447 2438 belli
475 2397 718 2437 societatem
746 2396 892 2436 initam
919 2395 1057 2435 fuisse.
1119 2394 1341 2434 Caeterum
1363 2393 1472 2446 quod
1495 2393 1578 2432 bel—

68 2455 152 2494 lum
173 2455 250 2495 1100
271 2455 360 2494 1000
381 2458 731 2494 commemoratur
754 2455 811 2505 (p.
836 2465 894 2496 12,
911 2454 972 2501 4)7
997 2465 1078 2490 non
1101 2451 1344 2504 Olynthium
1367 2454 1442 2496 est„
1467 2449 1576 2502 quod

69 2512 237 2551 fuerunt
266 2511 335 2564 qui
363 2515 510 2551 eontra
538 2510 659 2563 hujus
681 2514 723 2548 et
745 2508 919 2548 aliorum
951 2508 1135 2547 locorum
1166 2506 1418 2546 sententiam
1443 2507 1514 2555 (ef.
1540 2519 1576 2546 2.

69 2582 108 2620 p.
134 2580 198 2619 25,
220 2580 265 2608 12
289 2582 362 2620 sq„
381 2579 452 2620 425,
479 2580 555 2618 25„
581 2568 645 2612 26,
670 2568 719 2613 6;
752 2578 790 2618 3.
814 2580 852 2618 p.
876 2567 943 2617 36.
968 2566 1033 2613 10)
1058 2568 1306 2609 statuerent„
1331 2561 1400 2600 sed
1425 2561 1576 2599 bellum

70 2623 461 2676 Amphipolitanum
485 2623 553 2673 (ef.
574 2621 803 2660 XVesterm.
825 2636 863 2673 p.
886 2622 991 2669 48).

128 2686 151 2700 “
164 2679 213 2718 In
227 2678 481 2718 contrariam
496 2682 659 2730 partein
674 2675 952 2715 memorabilis
969 2680 1031 2714 est
1047 2675 1159 2713 loeus
1172 2673 1363 2713 secundae
1376 2672 1577 2711 orationis

68 2750 106 2788 p.
134 2736 192 2781 18,
216 2748 265 2774 10
287 2749 371 2787 sq:
408 2737 481 2772 Δεῖ
500 2735 643 2779 τοίνυν,
666 2731 694 2770 ὦ
716 2733 850 2782 ἄνδρες
871 2730 1086 2780 Ἀθηναῖοι,
1112 2729 1208 2768 τοῦτ’
1233 2730 1302 2778 ἤδη
1327 2732 1488 2767 σκοπεῖν
1511 2729 1575 2767 αὐ-

68 2792 167 2837 τοὺς,
192 2792 292 2831 ὅπως
319 2790 369 2839 μὴ
396 2790 548 2841 χείρους
576 2789 661 2836 περὶ
690 2788 786 2837 ἡμᾶς
815 2788 951 2828 αὐτοὺς
978 2786 1076 2825 εἶναι
1102 2787 1263 2834 δόξομεν
1285 2788 1359 2823 τῶν
1380 2785 1574 2836 ὑπαρχόν-

69 2861 157 2886 των·
201 2848 250 2888 ὡς
286 2846 371 2884 ἔστι
403 2849 479 2884 τῶν
512 2846 695 2896 αἰσχρῶν,
729 2847 884 2892 μᾶλλον
918 2844 958 2881 δὲ
995 2845 1070 2880 τῶν
1102 2842 1330 2893 αἰσχίστων,
1367 2840 1417 2889 μὴ
1453 2842 1548 2888 μόνιῑῑ-
1558 2857 1578 2879 ν

69 2905 225 2942 πόλεων
254 2902 314 2941 καὶ
341 2902 469 2941 τόπων
491 2902 544 2940 ὧν
564 2899 661 2949 ἦμέν
684 2915 778 2938 ποτε
810 2900 929 2949 κύριοι
949 2898 1162 2948 φαίνεσθαι
1183 2895 1448 2947 προϊεμένους,
1471 2897 1576 2936 ἀλλὰ

72 2959 133 2998 καὶ
168 2962 255 2997 τῶν
284 2957 372 2997 ὑπὸ
409 2959 487 3006 τῆς
524 2958 666 3008 τύχης
701 2954 1198 3005 παρασκευασθέντων
1234 2951 1492 3003 συμμάχων
1529 2969 1575 2993 τε

810 3025 829 3048 (,
