1935 3205
252 125 320 167 viii
834 123 1190 164 PRAEFATIO.

324 245 645 304 Interruptum
681 244 862 304 Taylori
895 250 1045 289 morte
1086 244 1291 288 laborem
1329 243 1481 286 denuo
1523 254 1764 301 aggressus

251 327 322 366 est
352 320 427 367 Jo.
452 320 551 366 Jac.
579 321 811 374 Reiskius,
843 322 921 380 qui
958 325 1161 365 oratores
1194 319 1395 370 Atticos,
1431 322 1631 376 excepto
1668 315 1759 359 Iso-

251 404 390 450 crate,
422 397 606 457 Lipsiae
642 398 787 442 edidit
819 413 858 442 a.
881 399 1139 446 1770-17
1144 399 1220 444 75.
1247 395 1491 439 duodecim
1519 392 1764 438 volumini-

251 474 352 527 bus,
394 490 589 533 quorum
637 490 717 518 sex
761 474 869 518 data
914 479 1021 516 sunt
1064 471 1385 516 Demostheni.
1469 470 1517 515 Is
1557 470 1761 528 priorum

252 551 483 595 editorum
519 551 842 595 annotationes
884 550 929 593 in
972 564 1114 593 unum
1152 563 1316 608 corpus
1357 548 1552 607 redegit,
1590 545 1764 590 scholia

253 626 431 671 Graeca
461 642 519 670 ex
552 627 732 671 duobus
761 626 1010 677 codicibus,
1037 626 1094 670 de
1118 626 1285 685 quibus
1322 640 1458 684 supra
1481 624 1762 672 dicebamus,

252 704 482 762 descripta
521 703 715 755 addidit,
756 703 931 747 indices
974 702 1179 747 Graecos
1220 708 1267 747 et
1311 701 1503 746 Latinos
1545 701 1763 753 confecit,

251 795 371 824 nova
400 780 577 839 paravit
607 779 827 823 librorum
864 780 1282 837 manuscriptorum
1318 779 1486 837 partim
1517 777 1761 821 meliorum

252 871 390 914 quam
416 856 582 914 quibus
610 856 782 913 priores
812 855 1013 899 editores
1047 856 1114 899 usi
1153 860 1284 898 erant
1320 854 1537 906 subsidia,
1562 854 1764 911 denique

251 931 348 990 ipse
390 931 447 975 ad
484 929 852 974 Demosthenem
895 935 943 973 et
985 929 1326 973 emendandum
1369 934 1416 971 et
1456 928 1765 986 interpretan-

253 1007 363 1051 dum
392 1006 542 1050 multa
570 1011 618 1050 et
650 1004 882 1064 praeclara
906 1005 1116 1056 contulit,
1142 1019 1259 1063 quae
1285 1019 1419 1056 nunc,
1445 1003 1630 1048 abolitis
1654 1018 1765 1062 qua-

251 1097 354 1126 rum
394 1082 531 1126 hodie
571 1096 678 1125 usus
716 1081 868 1125 nullus
907 1088 978 1125 est
1018 1081 1410 1132 annotationibus,
1445 1080 1592 1139 magis
1624 1095 1763 1138 quam

252 1157 402 1202 adhuc
427 1158 665 1217 ingenium
692 1163 739 1201 et
764 1157 1022 1201 doctrinam
1050 1157 1133 1200 viri
1158 1157 1317 1201 eximii
1343 1157 1603 1200 ostendent.

320 1233 563 1278 Proximus
605 1240 815 1292 tempore
855 1233 1046 1277 Reiskio
1085 1233 1174 1276 fuit
1211 1231 1495 1277 Athanasius
1531 1231 1762 1291 Augerus,

251 1310 329 1367 (1111
365 1310 687 1353 annotationes
722 1309 891 1353 Latine
927 1310 1117 1367 scriptas
1153 1309 1526 1367 interpretationi
1553 1307 1763 1352 Gallicae

254 1384 437 1429 Parisiis
461 1400 500 1429 a.
520 1388 662 1433 1777.
687 1390 908 1442 quattuor
932 1385 1243 1429 voluminibus
1280 1386 1433 1429 editae
1466 1385 1679 1443 adjunxit
1715 1392 1762 1428 et

254 1462 476 1505 tredecim
508 1462 637 1506 annis
672 1469 775 1520 post
805 1477 971 1505 novam
999 1461 1328 1505 Demosthenis
1365 1462 1617 1505 editionem
1654 1476 1761 1505 cum

254 1536 634 1594 interpretatione
672 1537 840 1582 Latina
874 1538 1090 1585 instituit,
1124 1539 1254 1596 cujus
1289 1538 1507 1581 volumen
1548 1539 1760 1596 primum,

255 1612 499 1656 duodecim
530 1612 758 1656 orationes
794 1613 1104 1671 complexum,
1132 1613 1316 1657 Parisiis
1354 1615 1522 1672 prodiit
1547 1630 1585 1658 a.
1607 1617 1761 1663 1790:

255 1686 312 1730 de
348 1702 438 1745 qua
473 1688 676 1732 editione
712 1687 907 1733 lectores
942 1690 1027 1748 ipsi
1054 1690 1285 1749 judicium
1324 1691 1510 1741 facient,
1535 1692 1570 1735 si
1602 1689 1762 1750 Auge-

255 1777 357 1805 rum
404 1763 562 1807 codiee
609 1779 700 1807 uno
747 1766 953 1808 omnium
1006 1767 1411 1824 praestantissimo,
1451 1782 1590 1825 quem
1637 1781 1762 1810 1111110

256 1836 390 1882 litera
415 1838 462 1882 S.
483 1839 737 1898 significare
770 1840 982 1893 solemus,
1008 1842 1085 1899 (1111
1111 1857 1217 1885 011111
1250 1842 1349 1886 aliis
1376 1843 1593 1886 Parisinis
1630 1858 1760 1901 prae-

258 1919 328 1956 sto
353 1915 393 1957 ei
420 1914 520 1966 fuit,
546 1915 610 1958 ita
634 1930 766 1959 usum
792 1931 890 1960 esse
919 1918 1078 1960 dixero
1109 1925 1162 1961 ut
1194 1933 1251 1962 ne
1285 1933 1421 1962 unam
1451 1918 1637 1976 quidem
1663 1919 1762 1977 ejus

257 1989 468 2047 paginam
501 1991 756 2034 accuratius
781 1993 1065 2037 examinasse
1090 1993 1312 2038 videatur.
1385 1993 1571 2038 Interea
1595 1996 1758 2038 eodem

258 2062 352 2106 fere
389 2070 595 2122 tempore
621 2065 677 2121 (a.
700 2070 861 2123 1789.)
890 2067 962 2113 Fr.
990 2069 1048 2112 A.
1068 2068 1269 2113 Wolfius
1300 2071 1506 2114 oratione
1532 2070 1760 2129 Leptinea

261 2136 605 2197 prolegomenis
642 2144 1108 2202 annotationibnsque
1148 2145 1374 2189 instructa
1413 2146 1614 2204 primum
1657 2162 1758 2205 per-

262 2212 462 2256 fectioris
513 2215 725 2258 editionis
776 2218 1041 2275 exemplum
1096 2228 1406 2278 proposuerat.
1492 2222 1616 2266 Nam
1667 2239 1758 2268 non

261 2287 406 2331 solum
456 2289 502 2331 in
544 2288 888 2348 Prolegomenis
934 2294 990 2337 de
1036 2304 1309 2354 argumento
1351 2298 1568 2342 orationis
1610 2300 1761 2358 deque

260 2363 512 2407 rationibus
548 2363 833 2424 liturgiarum
869 2370 989 2426 apud
1019 2369 1346 2425 Athenienses,
1372 2374 1416 2416 in
1443 2375 1610 2431 quibus
1645 2376 1759 2421 haec

261 2438 404 2481 oratio
440 2440 725 2496 potissimum
753 2449 969 2496 versatur,
1004 2446 1139 2489 docte
1175 2453 1223 2490 et
1258 2448 1494 2507 eleganter
1529 2453 1758 2509 exposuit,

261 2514 337 2557 sed
375 2515 513 2557 etiam
550 2516 595 2558 in
631 2521 961 2564 commentario
997 2536 1147 2565 rerum
1185 2523 1520 2583 verborumque
1556 2528 1758 2586 explica-

260 2589 373 2631 tioni
409 2589 652 2648 diligenter
686 2593 928 2645 consuluit,
962 2597 1047 2640 etsi
1083 2597 1204 2641 inter
1240 2599 1364 2651 haec,
1400 2607 1451 2644 ut
1488 2603 1553 2646 101
1592 2610 1757 2649 natura

261 2664 360 2715 fert,
384 2664 530 2708 multa
559 2667 848 2724 reperiuntur
871 2685 988 2727 qnae
1019 2671 1155 2716 hodie
1181 2674 1251 2718 vel
1277 2675 1390 2720 falsa
1414 2692 1511 2721 esse
1536 2687 1755 2737 appareat

259 2737 330 2780 vel
365 2753 697 2797 supervacanea
727 2743 797 2787 vel
824 2746 1056 2791 verbosius
1088 2764 1224 2806 quain
1263 2766 1384 2795 nnnc
1421 2768 1534 2812 opus
1570 2761 1640 2799 est
1676 2754 1756 2800 ex-

260 2814 416 2870 posita.
493 2816 805 2867 Quamobrem
847 2819 1195 2882 Prolegomena,
1237 2841 1431 2884 qnorum
1476 2831 1753 2875 auctoritate

259 2888 338 2929 viri
371 2889 491 2932 docti
521 2896 567 2933 et
601 2892 707 2936 olim
744 2896 1005 2954 saepissime
1041 2900 1108 2943 usi
1145 2911 1251 2945 sunt
1287 2908 1335 2946 et
1370 2903 1507 2948 hodie
1544 2911 1751 2958 utuntur,
