1934 3179
272 128 356 169 378
830 127 944 168 PRO
977 126 1227 168 CORONA.

273 232 392 280 ζῆλον
414 229 496 282 ἔχει
529 231 548 269 6
571 232 900 282 στεφανούμενος,
923 232 1020 271 ὅπου
1053 231 1101 271 ἂν
1133 233 1342 286 ἀναρρηθῇ,
1365 234 1432 271 τοῦ
1464 233 1505 271 δὲ
1535 235 1611 272 τῶν
1632 238 1779 283 στεφα-

274 287 444 326 νούντων
465 285 733 337 συμφέροντος
764 287 878 326 ἕνεκα
911 288 953 326 ἐν
974 288 1026 339 τῷ
1050 287 1196 340 θεάτρῳ
1227 289 1376 338 γίνεται
1401 288 1445 326 τὸ
1480 286 1661 338 κήρυγμα.
1694 289 1781 338 περὶ

274 343 315 381 δὲ
335 345 403 380 τοῦ
422 341 474 391 μὴ
496 344 790 392 στεφανοῦσθαι
820 343 889 382 τὸν
908 344 1124 382 ὑπεύθυνον
1145 344 1165 382 ὁ
1186 344 1259 394 μὲν
1281 343 1532 396 Αἰσχίνηςιτὸ
1551 344 1670 394 ῥητὸν
1689 360 1781 394 προ-

274 397 478 448 σήνεγκεν,
502 399 521 435 ὁ
544 398 585 436 δὲ
607 396 865 447 Δημοσθένης
891 398 934 437 τὸ
965 399 1038 448 μὲν
1068 398 1185 448 ῥητὸν
1207 400 1402 448 ἐσιώπησε
1422 403 1634 446 παντελῶς,
1657 401 1702 449 τῇ
1740 400 1781 438 δὲ

273 456 341 492 τοῦ
360 454 474 503 ῥητοῦ
496 454 646 505 διανοίᾳ
667 452 847 504 κέχρηται
868 454 1033 505 φάσκων
1056 456 1114 507 (p.
1139 456 1231 508 263,
1257 457 1358 507 25.)·
1391 454 1435 493 οὐ
1454 455 1541 505 περὶ
1562 456 1615 493 ὧν
1637 454 1778 494 ἐπέδω-

275 525 322 548 κα
342 509 554 549 ὑπεύθυνος
587 510 675 558 εἰμὶ,
699 510 807 548 ἀλλὰ
837 510 925 560 περὶ
958 511 1012 549 ὧν
1042 510 1138 559 ἦρξα
1169 511 1231 549 καὶ
1261 511 1541 560 πεπολίτευμαι
1565 510 1692 550 πάντα
1712 510 1782 549 τὸν

273 565 377 614 βίον,
398 564 486 613 περὶ
518 565 559 603 δὲ
592 566 645 603 ὧν
678 565 852 604 ἐπέδωκα
885 565 972 604 οὐδὲ
1004 567 1107 615 μίαν.
1171 567 1326 605 Locum
1359 566 1467 605 hunc
1499 565 1780 614 Marcellinus,

274 620 404 659 multo
426 619 492 658 ille
512 633 606 659 mea
626 620 793 673 quidem
815 621 1024 661 sententia
1045 621 1274 675 elegantior
1294 627 1422 675 atque
1443 621 1654 661 liberalior
1672 621 1781 661 Her-

273 675 459 730 mogenis
491 675 696 729 interpres
730 691 855 729 quam
890 677 1035 730 reliqui
1069 692 1157 717 esse
1183 677 1389 725 videntur,
1419 677 1623 730 copiosius
1655 682 1782 730 atque

274 731 493 772 dilucidius
526 746 565 784 p.
591 745 633 770 21
643 745 682 785 3.
719 737 811 772 tota
844 738 887 772 et
918 738 1040 786 parte
1070 748 1221 787 magna
1256 749 1295 787 p.
1324 746 1417 783 214.
1450 733 1779 786 interpretatur:

275 802 381 841 quae
402 802 567 827 necesse
588 793 635 828 ut
656 787 802 841 cuique
823 789 959 843 legere
981 789 1133 829 volenti
1155 789 1231 842 ipsi
1254 789 1510 842 permittam.
1574 789 1766 828 REISK.

334 846 426 893 264,
448 856 487 897 5.
521 843 762 900 φιλόδωρον]
797 845 1109 899 Significatione
1129 846 1306 885 multum
1327 845 1468 885 differt
1489 860 1513 884 a
1536 845 1687 885 ceteris
1708 845 1782 884 hu-

269 900 451 953 jusmodi
488 900 752 953 compositis3
786 901 897 941 valet
932 901 1052 949 enim,
1079 916 1161 940 non
1197 908 1379 955 appetens
1410 901 1527 949 (Zona,
1559 901 1630 941 sed
1652 901 1783 954 facile

274 956 458 1010 largyienS.
522 956 585 996 Ut
606 957 916 1009 compositionis
931 957 1123 1010 analogia
1144 957 1353 997 interdum
1370 957 1592 1010 conjuncta
1613 957 1667 997 sit
1689 971 1782 996 cum

273 1012 479 1063 anomalia
500 1012 827 1066 significationis.
889 1013 1219 1053 SCHAEFER.

332 1070 425 1117 264,
450 1070 487 1107 6.
506 1070 560 1109 εἰς
580 1070 621 1107 δὲ
643 1069 731 1109 τοὺς
752 1069 1018 1121 συκοφάντας]
1048 1069 1207 1122 Nempe
1222 1074 1269 1109 ut
1290 1070 1376 1121 ἄγει
1398 1070 1513 1119 νόμος
1535 1071 1587 1110 εἰς
1607 1068 1693 1110 τοὺς
1713 1073 1782 1108 λο-

273 1126 410 1175 γιστὰς
426 1138 581 1172 omnes7
600 1124 668 1177 qui
690 1124 877 1177 publicas
893 1139 958 1164 res
971 1125 1330 1173 administrarunt,
1346 1125 1403 1165 sic
1421 1139 1528 1164 nunc
1545 1124 1640 1164 inde
1655 1124 1783 1165 ducta

274 1180 480 1220 locutione
500 1180 686 1234 graviter
707 1180 807 1220 dicit
827 1197 834 1220 :
869 1181 984 1231 Quae
1005 1181 1071 1220 lex
1091 1186 1180 1221 tam
1211 1181 1368 1234 injusta
1389 1186 1432 1220 et
1453 1180 1628 1220 crudelis
1651 1185 1714 1220 est
1734 1185 1782 1221 ut

274 1250 358 1283 eos,
381 1236 449 1289 qui
472 1236 631 1276 civitati
654 1236 864 1276 donarunt
884 1236 1041 1290 aliquid
1062 1237 1112 1276 de
1135 1251 1220 1285 silo,
1238 1238 1291 1277 ad
1313 1236 1664 1290 sycophantarum
1686 1251 1782 1277 exa-

273 1306 367 1332 men
390 1297 507 1332 vocet
540 1297 582 1332 et
604 1293 679 1331 hos
702 1297 901 1346 tanquam
922 1295 1111 1344 λογιστὰς
1145 1298 1188 1332 et
1210 1294 1388 1334 εὐθύνους
1408 1292 1640 1332 rationibus
1667 1307 1781 1346 repe—

274 1347 411 1388 tendis
432 1348 661 1401 praeficiat,
685 1349 725 1387 h.
749 1349 773 1387 l.
797 1349 1151 1402 sycophantarmn
1181 1348 1366 1388 malitiae
1397 1362 1466 1387 eos
1487 1348 1668 1401 objiciat,
1692 1363 1781 1402 per-

273 1403 499 1456 mittatque
521 1409 567 1444 ut
588 1404 630 1443 hi
652 1404 836 1444 rationes
869 1405 1082 1458 postulent
1115 1405 1317 1444 donorum
1347 1404 1505 1444 civitati
1530 1405 1779 1444 oblatorum.

276 1460 501 1499 DISSEN.

334 1518 427 1566 264,
470 1529 528 1554 11.
572 1515 764 1565 ἐπῄνεσεν
796 1516 988 1569 minin—J
1036 1517 1133 1556 Huc
1166 1517 1348 1569 pertinet
1381 1520 1518 1555 totum
1554 1521 1679 1569 caput
1719 1530 1780 1568 14.

273 1570 397 1611 libelli
435 1571 610 1611 Maximi
645 1572 867 1625 Sophistae
903 1572 954 1612 de
990 1572 1274 1612 insolubilibus
1311 1572 1614 1625 objectionibus
1652 1573 1781 1626 (apud

276 1627 441 1667 Fabric.
465 1627 541 1667 vol.
560 1640 597 1679 9.
621 1627 729 1667 Bibl.
749 1629 820 1667 Gr.
843 1643 882 1681 p.
897 1629 1025 1681 582),
1049 1629 1165 1682 cujus
1187 1628 1335 1682 capitis
1356 1628 1518 1667 initium
1541 1628 1606 1668 hic
1628 1629 1781 1669 referre

273 1683 375 1723 satis
397 1684 559 1723 habebo
577 1699 584 1722 :
618 1685 741 1732 ὄνομα
762 1686 802 1723 δὲ
825 1684 904 1723 ἀντ’
928 1686 1116 1734 ὀνόματος
1146 1685 1324 1735 μεταθεὶς
1345 1684 1413 1732 τὴν
1435 1685 1580 1723 ἄλυτον
1599 1686 1779 1733 μεθοδεύ-

274 1756 355 1780 σεις
376 1740 590 1786 ἀντίθεσιν,
613 1740 661 1780 ὡς
683 1741 702 1778 6
727 1741 981 1789 Δημοσθένης
1003 1742 1045 1779 ἐν
1065 1743 1117 1793 τῷ
1143 1741 1228 1791 περὶ
1257 1740 1457 1791 στεφάνου
1483 1741 1705 1789 πεποίηκεν.
1737 1742 1781 1780 οὐ

273 1794 485 1844 δυνάμενος
511 1797 586 1844 γὰρ
613 1795 837 1845 ἀντιστῆναι
863 1796 957 1845 πρὸς
983 1796 1024 1835 τὸ
1054 1798 1111 1835 ὅτι
1144 1797 1215 1848 οὐχ
1241 1797 1332 1849 [οὐχ
1355 1795 1589 1848 delendum]
1617 1797 1780 1836 ὑπεύθυ-

275 1867 344 1890 νον
369 1853 464 1890 ὄντα
490 1850 608 1890 αὐτὸν
633 1852 652 1889 ὁ
678 1855 890 1902 Κτησιφῶν
916 1853 1194 1903 ἀνηγόρευσεν,
1216 1853 1311 1901 ὅπερ
1342 1853 1516 1902 ἄντικρυς
1543 1853 1603 1890 καὶ
1630 1852 1780 1903 διαρρή-

273 1910 343 1955 δην
364 1907 383 1945 ὁ
407 1905 522 1955 νόμος
543 1907 1024 1957 ἀπαγορεύει-ὀνόματος
1047 1908 1256 1957 μεταθέσει
1285 1908 1354 1956 τὴν
1374 1907 1541 1957 μέθοδον
1562 1906 1780 1960 παρέσχετο

273 1963 358 2001 ἀντὶ
379 1966 446 2001 τοῦ
468 1963 732 2012 ἀνηγόρευσεν
755 1962 947 2012 ἐπῄνεσεν
966 1965 1095 2002 εἰπών.
1129 1966 1165 2003 οἱ
1187 1966 1226 2003 δὲ
1249 1962 1358 2013 νόμοι
1376 1963 1418 2001 οὐ
1437 1964 1653 2002 κωλύουσιν
1675 1965 1780 2003 ἐπαι-

273 2021 437 2065 νεῖσθαι,
471 2018 559 2057 ἀλλ’
597 2019 920 2068 ἀναγορεύεσθαι.
984 2019 1158 2072 Reliqua
1199 2019 1286 2072 ipse
1327 2018 1498 2071 quisque
1534 2019 1672 2073 legito,
1710 2019 1779 2073 qui

272 2073 394 2121 volet,
416 2073 440 2112 l.
463 2087 496 2112 c.
558 2073 750 2113 REISK.

330 2129 522 2179 ἐπήνεσεν
567 2130 683 2168 αὐτὸν
723 2131 745 2179 ἡ
789 2131 916 2180 βουλὴ
965 2132 1181 2171 ὑπεύθυνον
1227 2131 1338 2183 ὄντα]
1398 2130 1486 2169 Lex
1526 2145 1618 2169 cum
1659 2131 1780 2171 claris

272 2184 408 2223 verbis
436 2190 598 2225 vetaret
628 2186 714 2227 τοὺς
746 2188 981 2228 ὑπευθύνους
1012 2187 1062 2236 μὴ
1096 2190 1330 2237 στεφανοῦν,
1354 2186 1403 2225 cf.
1427 2186 1622 2225 Aeschin.
1646 2192 1777 2226 contr.

273 2240 457 2293 Ctesiph.
492 2255 531 2293 p.
559 2254 643 2293 55..
677 2242 981 2281 Demosthenes
1011 2243 1239 2294 prudenter
1272 2241 1417 2280 leniori
1446 2242 1572 2281 verbo
1606 2243 1780 2282 ἐπαινεῖν

272 2295 407 2335 utitur
427 2296 491 2335 hic
514 2301 556 2336 et
577 2297 617 2335 in
639 2297 919 2349 sequentibus,
943 2297 1012 2336 ubi
1036 2298 1086 2337 de
1107 2312 1149 2337 se
1170 2298 1364 2350 loquitur.
1426 2297 1650 2337 DISSEN.

331 2353 424 2400 264,
450 2365 509 2404 13.
532 2353 637 2391 ἀλλὰ
658 2355 718 2392 καὶ
739 2353 958 2404 τειχοποιὸς
973 2353 1076 2401 ἦσθα
1093 2354 1232 2405 φησίν]
1264 2353 1400 2392 Acute
1421 2353 1616 2393 observat
1634 2353 1779 2406 Ulpia-

272 2421 349 2446 nus
372 2406 697 2447 Demosthenem
727 2408 874 2447 callide
905 2408 1087 2447 dividere
1116 2423 1192 2455 res,
1216 2413 1263 2448 ut
1284 2408 1410 2448 etiam
1437 2409 1495 2448 sic
1524 2409 1779 2448 commodius

271 2464 531 2516 frangantur.
595 2463 781 2502 Primum
798 2463 906 2503 enim
929 2464 979 2502 de
995 2478 1077 2502 uno
1098 2468 1264 2504 tantum
1285 2478 1454 2503 munere
1472 2464 1589 2512 dixit,
1608 2469 1651 2504 et
1671 2465 1779 2503 refu-

272 2519 378 2558 tavit
410 2533 485 2571 per
516 2518 825 2558 distinctionem
847 2519 1123 2572 objectionem
1144 2519 1378 2559 Aeschinis.
1441 2520 1556 2570 Quae
1580 2519 1778 2559 refutatio

272 2575 305 2613 si
328 2589 435 2622 vera,
459 2574 558 2613 nihil
588 2574 701 2614 dicas
731 2579 775 2615 et
800 2575 1000 2615 ridiculus
1021 2575 1096 2614 fias
1129 2575 1161 2614 si
1193 2589 1341 2628 pergas
1362 2575 1567 2628 objicere:
1600 2580 1646 2615 at
1666 2575 1777 2614 enim

271 2630 398 2669 etiam
419 2629 530 2669 aliud
561 2644 709 2669 munus
739 2631 1061 2670 administravit.
1125 2631 1261 2681 Quare
1286 2631 1388 2670 haec
1411 2631 1527 2683 quasi
1549 2645 1623 2684 per
1642 2631 1776 2670 lusum

269 2700 295 2725 a
318 2685 598 2725 Demosthene
618 2686 844 2726 adduntur.
905 2686 1128 2726 DISSEN.

330 2743 423 2791 264,
452 2754 513 2793 19.
537 2742 614 2794 ὁδὶ]
641 2741 882 2795 Ctesiphon.
945 2742 1137 2782 REISK.

329 2798 422 2846 264,
444 2809 507 2836 20.
530 2797 588 2836 ὅτι
609 2796 640 2835 δ’
663 2799 759 2836 οὕτω
781 2802 899 2837 ταῦτα
921 2815 940 2836 κ
970 2814 1004 2836 τ.
1021 2798 1082 2850 λ.]
1108 2797 1377 2837 Marcellinus
1397 2796 1451 2836 ad
1470 2795 1776 2849 Hermogenem

270 2867 309 2905 p.
335 2864 427 2904 213.
451 2866 485 2890 c.
509 2851 578 2890 fin.
603 2856 682 2893 πῶς
712 2853 792 2897 οὗν,
818 2855 953 2903 καίπερ
976 2853 1217 2902 ἐξετάζοντες
1247 2853 1316 2901 τὴν
1339 2853 1496 2903 γνώμην
1525 2855 1592 2890 τοῦ
1614 2851 1773 2901 νομοθέ-

271 2923 348 2952 του,
373 2907 415 2946 τὸ
437 2911 586 2946 τοιοῦτο
609 2910 893 2959 διαφευξόμεθα
912 2927 919 2954 ;
955 2909 1021 2957 (ut
1042 2922 1188 2961 nempe
1206 2908 1417 2948 videamur
1438 2907 1654 2959 verbisque
1675 2905 1774 2958 legis
