1934 3179
298 124 380 161 4530
854 124 968 163 PRO
1002 123 1251 163 CORONA.

292 226 448 280 judicio
481 227 642 268 civitati
664 227 859 272 vindicat„
883 242 956 267 nec
985 233 1072 267 tam
1104 241 1220 266 suam
1252 240 1376 279 quam
1406 226 1588 266 civitatis
1617 240 1806 265 caussam

296 297 420 336 agere
441 283 616 331 videtur,
640 298 721 336 quo
752 283 938 336 pertinet
960 283 1087 322 etiam
1118 296 1292 335 sequens
1314 281 1520 335 oppositio
1541 298 1548 321 :
1577 284 1642 331 τῆς
1660 283 1733 331 μὲν
1755 283 1807 323 εἷς

298 339 341 377 τὸ
364 339 490 389 παρὸν
509 342 617 389 τιμῆς
639 357 671 378 κ.
694 356 726 378 τ.
751 345 789 377 λ.
852 338 1078 377 DISSEN.

357 396 449 445 296,
471 406 536 448 25.
559 395 627 434 οὐκ
649 396 756 434 ἔστιν
777 394 900 446 ὅστις]
932 393 1016 432 Pro
1038 393 1101 432 his
1124 393 1382 433 solummodo
1403 393 1458 433 τίς
1478 392 1552 432 dat
1570 391 1806 445 Dionysius.

300 449 493 489 REISK.

356 504 613 557 ἐπιτιμησειέ]
639 506 859 553 ἐπετίμησε,
883 509 931 544 ut
951 504 1022 544 alii
1044 504 1148 551 111)1,1
1172 503 1311 557 Dion)
1314 503 1411 543 sius.

358 572 451 613 297,
480 574 515 599 1.
539 564 616 599 τῶν
637 561 759 612 ὅλων]
786 561 805 598 ὁ
827 563 903 599 τῶν
925 561 1030 599 ὅλων
1052 536 1188 613 Dion)
1192 559 1287 598 sius.
1349 558 1541 598 REISK.

358 628 451 668 297,
474 630 513 665 4
549 616 617 654 τὸν
638 616 779 654 λοιπὸν
799 615 959 668 χρόνον]
991 615 1132 654 λοιπὸν
1152 616 1270 654 abest
1292 630 1317 654 a
1339 614 1475 667 Diony
1479 615 1552 654 sio.
1615 613 1805 654 REISK.

301 672 339 710 Υ
345 671 463 710 0110111
483 671 649 710 abesset
670 670 797 710 etiam
818 685 843 710 a
864 670 980 710 liblis
1003 670 1350 710 Demosthenicis.
1412 669 1520 710 Nam
1544 672 1597 712 εἰς
1618 670 1661 709 τὸ
1682 671 1808 721 παρὸν

299 732 342 767 et
365 730 417 769 εἰς
439 727 590 766 ἅπαντα
611 727 679 765 τὸν
700 727 844 778 χρόνον
866 726 975 766 inter
996 741 1038 766 se
1060 741 1142 766 non
1163 726 1298 765 minus
1320 725 1520 765 concinne
1542 730 1809 779 opponuntur

300 797 425 836 quam
443 784 481 824 ἐς
494 783 537 821 τὸ
552 785 785 834 παραχρῆμα
799 787 841 821 et
857 784 895 824 ἐς
910 784 969 822 ἀεὶ
982 783 1093 835 apud
1108 782 1392 835 Thucydidem
1414 796 1444 829 1,
1465 794 1527 822 22.
1558 781 1807 822 SOHAEF.

360 850 453 890 297,
478 839 514 877 6.
537 838 659 890 τουδὶ]
687 837 984 891 Ctesiphontis

360 905 451 946 297,
489 895 525 932 8.
567 894 842 946 ἀγνωμοσύνῃ]
893 894 1105 946 Inte1p1es
1143 893 1281 933 Dionx
1286 893 1333 932 sii
1374 893 1595 933 immitam.
1661 892 1808 932 Malim

299 949 522 1003 iniquitate.
586 949 638 987 Υ.
671 964 710 1002 p.
744 951 957 1002 1463‚15.
1020 949 1243 1002 Sophocles
1271 949 1371 988 Oed.
1399 949 1443 989 C.
1474 950 1539 988 86.
1600 950 1736 1001 Φοίβῳ
1767 965 1809 987 τε

302 1007 412 1052 κάμοὶ
434 1005 485 1054 μὴ
507 1004 663 1056 γένησθ’
688 1005 922 1054 ἀγνώμονες.
965 1006 1075 1058 quod
1103 1004 1346 1044 scholiastes
1371 1005 1532 1058 interpr
1535 1009 1675 1044 01111111
1697 1006 1805 1044 ἐναν-

301 1063 570 1112 τιογνώμονες.
634 1060 966 1100 SCHAEFER.

359 1116 447 1156 ἀλλ’
486 1117 552 1155 οὐκ
590 1115 964 1171 ἔστιν-ἀράμενοι]
1003 1116 1119 1156 (Jitat
1153 1115 1345 1156 Tiberius
1380 1131 1419 1170 p.
1453 1130 1520 1169 45.
1550 1116 1639 1156 coll.
1673 1130 1713 1168 p.
1740 1128 1808 1169 39.

302 1171 632 1212 SCHAEFER.

359 1228 593 1267 Secundum
616 1228 682 1266 οὐκ
705 1227 814 1267 ἔστιν
830 1228 950 1267 abest
975 1242 1000 1267 a
1022 1227 1236 1281 Dionysio.
1271 1227 1463 1268 REISK.
1525 1227 1662 1267 Abest
1683 1226 1809 1267 etiam

301 1299 325 1323 11
349 1284 537 1337 Longino
560 1285 620 1330 16„
646 1296 680 1323 2.
725 1283 1057 1323 SCHAEFER.

361 1353 452 1391 297.
485 1353 542 1378 10.
577 1340 713 1390 ἄνδρες
738 1338 954 1392 Ἀθηναῖοι]
991 1339 1084 1378 Non
1117 1339 1244 1379 habet
1274 1339 1464 1378 Tiberius
1495 1339 1519 1377 1.
1542 1353 1575 1378 0.
1638 1338 1810 1379 Omittit

301 1395 428 1434 etiam
449 1394 662 1447 Longinus
684 1395 865 1448 itemque
886 1395 1076 1448 proxima
1097 1409 1226 1447 usque
1248 1395 1302 1435 ad
1324 1395 1522 1444 ἀράμενοι.
1559 1394 1808 1435 SCHAEF.

357 1449 578 1503 Ἀθηναῖοι]
608 1450 710 1490 Post
730 1451 770 1489 h.
794 1466 828 1489 v.
852 1451 971 1490 addit
996 1450 1219 1503 Dionysius
1241 1452 1288 1489 οῖ.
1352 1450 1543 1490 REISK.

358 1506 688 1558 τὸν-ἆράμενόι]
731 1506 796 1545 Sic
829 1511 1047 1546 contracta
1069 1506 1259 1545 Tiberius
1294 1521 1332 1559 p.
1355 1520 1422 1559 45.
1455 1506 1583 1546 citat:
1617 1506 1684 1546 τὸν
1714 1507 1809 1557 ὑπὲρ

302 1565 366 1612 τῆς
390 1562 612 1612 ἐλευθερίας
634 1562 811 1601 κίνδυνον
843 1562 1039 1611 ἀράμενοι.
1101 1562 1192 1611 Quo
1215 1562 1300 1601 fere
1325 1562 1448 1601 modo
1472 1561 1683 1615 Longinus
1711 1576 1808 1615 quo-

302 1633 381 1671 que
403 1632 476 1657 suo
498 1616 538 1655 in
571 1617 675 1656 libro
698 1617 832 1656 locum
854 1617 1018 1657 videtur
1039 1617 1197 1670 legisse.
1260 1617 1366 1657 Nam
1387 1617 1428 1656 in
1450 1617 1807 1665 antecedentibus,

300 1674 371 1712 ubi
394 1673 717 1712 Deinosthenica
739 1673 896 1726 vulgari
928 1673 1050 1712 niodo
1075 1676 1190 1724 (κατὰ
1217 1674 1358 1723 φύσιν)
1382 1673 1602 1726 eloquitur,
1627 1673 1683 1712 sic
1711 1674 1808 1712 scri-

301 1730 363 1769 bit
384 1746 390 1768 :
425 1728 453 1768 ῶ
475 1729 543 1767 τὸν
563 1729 657 1779 ὑπὲρ
679 1732 742 1777 τῆς
763 1733 839 1768 τῶν
859 1728 1066 1778 Ἑλλήνων
1089 1729 1310 1779 ἐλευθερίας
1331 1730 1464 1779 ἀγῶνα
1495 1729 1688 1779 ἀράμενοι.
1754 1729 1806 1768 Υ.

302 1785 428 1825 etiam
452 1784 740 1837 Hermogenes
761 1784 785 1823 l.
809 1798 843 1823 0.
867 1785 920 1824 ad
942 1800 977 1824 v.
1007 1798 1068 1824 11.
1130 1784 1279 1824 Altero
1310 1784 1398 1823 1000
1421 1784 1612 1824 Tiberius
1643 1784 1683 1823 in
1715 1785 1807 1824 cod.

302 1841 393 1880 Gal.
416 1840 544 1879 habet
568 1840 662 1889 ὑπὲρ
692 1843 756 1889 τῆς
784 1839 964 1879 ἁπάντων
986 1841 1187 1891 σωτηρίας,
1211 1840 1252 1878 111
1276 1840 1377 1879 Υ111.
1398 1842 1432 1880 ὑ.
1454 1857 1487 1879 τ.
1511 1842 1547 1879 ἁ.
1573 1841 1807 1891 ἐλευθερίας.

304 1895 636 1936 SGHAEFER.

361 1965 453 2004 297,
485 1964 543 1989 11.
577 1951 620 1990 οὐ
641 1953 693 2000 μὰ
721 1951 806 1992 τοὺς
834 1968 865 1989 κ.
888 1967 921 1989 τ.
943 1950 1003 2004 λ.]
1039 1951 1360 1991 Celeberrimum
1382 1951 1644 1990 111111010011111
1675 1951 1808 1992 citant

304 2007 517 2057 Longinus
540 2021 573 2045 0.
603 2008 660 2045 16.
725 2006 1009 2059 Hermogenes
1030 2022 1069 2060 p.
1096 2010 1187 2047 260.
1211 2007 1267 2046 ἔτι
1295 2009 1458 2057 μεθόδου
1479 2011 1657 2057 λαμπρᾶς
1679 2009 1738 2047 καὶ
1767 2008 1808 2046 τὸ

303 2066 348 2102 τὰ
390 2063 527 2111 ἔνδοξα
561 2062 812 2112 ἐνδοξοτέρως
851 2063 999 2113 λέγειν,
1038 2064 1168 2113 ὥσπερ
1205 2064 1350 2104 ἐκεῖνος
1384 2063 1440 2108 τὸ,
1478 2063 1521 2101 οὐ
1556 2065 1610 2111 μᾶ
1641 2063 1729 2104 τοὺς
1766 2064 1809 2102 ἐν

305 2122 532 2168 Μαραθῶνι.
579 2121 689 2156 τοῦτο
730 2120 803 2168 γὰρ
844 2119 1088 2169 παράδειγμα
1127 2120 1199 2168 μὲν
1240 2118 1411 2167 ἔνδοξον,
1446 2119 1540 2157 οἶον·
1585 2119 1705 2168 ὀρθῶς
1740 2119 1808 2158 οὖν

305 2176 527 2223 ἐβούλευσο.
556 2173 663 2223 (leo-e
695 2175 1014 2221 συιεβούλευσα)
1048 2176 1143 2224 ὑπὲρ
1178 2175 1400 2224 ἐλευθερίας
1434 2175 1677 2213 κινδυνεύειν·
1711 2175 1807 2213 οὕτω

303 2232 377 2280 γὰρ
412 2229 567 2267 εποίουν
600 2229 660 2267 καὶ
687 2230 724 2267 οἱ
755 2230 796 2267 ἐν
820 2232 1033 2278 Μαραθῶνι
1059 2231 1467 2280 προκινδυνεύσαντες.
1500 2231 1520 2267 ὁ
1549 2231 1589 2268 δὲ
1619 2231 1672 2270 εἷς
1693 2230 1808 2280 ὅρκον

304 2284 396 2324 αὐτὸ
418 2285 628 2334 ἀναγαγὼν
650 2283 899 2334 ενὸοξότερον
927 2285 1018 2323 αὐτὸ
1047 2286 1205 2334 εποίησε
1233 2302 1294 2324 και
1319 2286 1511 2334 λαμπρόν·
1545 2285 1616 2336 οὐχ
1637 2285 1807 2335 η’μαρτον

304 2343 423 2380 ταῦτα
444 2340 755 2388 συμβουλεύσας,
775 2340 818 2377 οὐ
839 2341 892 2387 μὰ
912 2340 998 2381 τοὺς
1020 2341 1061 2379 ἐν
1079 2343 1305 2390 Μαραθῶνι.
1367 2340 1526 2379 Eadem
1548 2340 1624 2378 1100
1647 2340 1697 2379 de
1718 2340 1807 2380 1000

306 2394 514 2435 Aristides
548 2408 709 2447 quoque
740 2408 778 2446 p.
806 2407 895 2445 170.
928 2396 1136 2434 observat.
1199 2395 1314 2435 Citat
1344 2395 1443 2435 item
1471 2395 1658 2434 Clemens
1686 2395 1806 2435 Alex.

306 2467 344 2505 p.
367 2452 462 2502 748.
487 2450 550 2488 ed.
576 2449 688 2488 Pott.
714 2449 967 2489 Plutarchus
991 2451 1141 2490 Moral.
1170 2466 1208 2503 p.
1232 2464 1255 2503 3
1260 2464 1327 2503 50.
1351 2455 1393 2490 et
1414 2465 1557 2489 rursus
1578 2450 1807 2504 Hermoge-

306 2522 377 2546 nes
411 2521 449 2559 p.
472 2518 568 2556 424.
591 2505 716 2544 schol.
740 2505 949 2557 Apollonii
979 2506 1129 2545 Rhodii
1154 2519 1188 2553 α,
1215 2518 1307 2559 257.
1349 2506 1540 2545 REIsK.
1604 2506 1712 2545 Item
1739 2506 1806 2545 Ti-

305 2562 444 2603 berius
476 2576 515 2614 p.
549 2573 615 2612 30.
684 2561 737 2599 Υ.
768 2561 1070 2601 Valckenarius
1099 2562 1233 2601 Diatr.
1265 2562 1315 2601 de
1350 2561 1541 2614 Philippo
1571 2561 1734 2601 Maced.
1766 2576 1804 2614 p.

308 2632 401 2671 273.
436 2616 765 2657 SOHAEFER.
826 2616 991 2657 Alludit
1026 2617 1195 2657 Lucian.
1231 2617 1401 2657 Encom.
1434 2617 1705 2656 Demosthen.
1736 2617 1806 2656 fin.

306 2680 345 2714 01
369 2674 616 2713 observante
637 2672 836 2711 Jacobsio
863 2672 988 2712 etiam
1014 2678 1140 2726 poeta
1170 2673 1211 2712 in
1234 2673 1461 2726 Antholog.
1484 2672 1622 2712 Palat.
1651 2686 1688 2725 9,
1712 2674 1804 2713 288.

307 2728 533 2769 DISSEN.

363 2785 450 2825 τοὺς
482 2786 695 2833 Μαραθῶνι
728 2785 1140 2838 προκινδυνεύσαντας]
1179 2785 1363 2837 Thucyd.
1408 2797 1438 2830 1,
1476 2794 1539 2836 73.
1573 2785 1702 2834 φαμὲν
1733 2784 1806 2834 γὰρ

308 2842 522 2888 Μαραθῶνι
556 2840 666 2887 μόνοι
699 2842 1017 2888 προκινδυνεῦσαι
1053 2843 1103 2893 τῷ
1143 2840 1345 2893 βαρβάρῳ.
1407 2840 1526 2889 Quod
1559 2843 1698 2878 autem
1739 2838 1805 2878 1110

309 2895 458 2934 dicitur
482 2897 694 2944 Μαραθῶνι
727 2901 767 2933 et
801 2896 842 2933 ἐν
865 2899 1094 2939 Πλαταιαῖς,
1120 2897 1161 2935 ἐν
1184 2900 1389 2945 Σαλαμῖνι,
1414 2896 1463 2935 sle
1495 2910 1543 2934 eo
1565 2894 1655 2935 vide
1686 2895 1806 2934 docte
