1914 3184
318 124 403 161 254
832 124 914 161 DE
950 122 1323 161 SYMMORIIS.

318 227 368 266 de
391 226 623 279 symmoriis
646 226 700 265 ad
722 226 895 265 eandem
916 225 1072 264 tribum
1093 223 1398 277 pertinentibus
1419 224 1518 263 nihil
1540 225 1706 265 omnino
1723 239 1829 265 com-

318 286 524 321 memorat
552 286 708 329 orator,
732 295 983 333 quamquam
1009 279 1358 319 commemorandi
1388 284 1623 333 opportuna
1651 286 1743 321 erat
1764 295 1830 321 oc-

318 337 430 377 casio
452 352 490 390 p.
514 340 603 382 182,
622 349 701 382 20„
725 336 807 382 ubi,
831 337 864 375 si
887 350 1028 375 verum
1050 336 1149 374 illud
1171 340 1291 381 esset,
1316 336 1426 388 quod
1447 350 1522 389 pro
1544 341 1659 376 certo
1680 337 1832 377 statuit

319 393 513 439 Amersf.,
536 393 690 432 addere
716 391 921 444 potuisset
943 393 1008 431 δύο
1032 390 1111 430 καθ’
1137 391 1303 440 ἑκάστην
1329 392 1459 441 φυλήν
1480 396 1578 432 ante
1601 393 1728 432 verba
1750 393 1831 442 ἑξή-

318 466 436 488 κοντα
459 449 606 497 σώματ’
630 448 802 498 ἔχουσαν
825 447 1005 496 ἑκάστην.
1068 446 1213 499 Neque
1234 460 1330 486 vero
1360 447 1527 499 probari
1558 452 1699 500 potest
1725 462 1830 500 sym-

316 505 469 543 morias
503 503 795 543 trierarchicas
828 517 850 542 e
884 503 1077 542 tribubus
1117 501 1269 555 potius,
1305 517 1429 554 quam
1462 517 1513 541 ex
1548 517 1672 542 censu
1705 503 1831 543 fuisse

316 559 584 599 constitutas
649 565 671 580 ‘¹‘
690 558 915 606 Tandenl,”
937 558 1073 611 inquit
1094 558 1273 597 Amersf.
1295 558 1349 597 ad
1369 572 1409 611 p.
1432 558 1519 597 182.
1540 571 1553 597 1
1567 571 1617 605 2.,
1642 564 1665 580 “
1679 573 1729 598 ex
1751 559 1831 598 sin-

315 615 423 668 gulis
454 615 647 654 tribubus
678 629 783 653 unus
816 614 1048 654 trierarcha
1078 613 1237 653 navalis
1270 628 1411 653 curam
1443 614 1633 653 habeat.''
1698 614 1830 653 Immo

318 685 414 710 vero
448 670 630 723 singulos
663 670 915 709 trierarchos
956 669 1126 722 singulis
1167 669 1333 709 navium
1373 669 1645 722 receptaculis
1685 670 1830 710 adesse

311 727 434 778 jubet
456 741 503 765 or
504 730 622 765 ⁴·:tt01
663 740 761 765 nam
788 740 910 778 quem
936 726 1105 765 tandem
1127 740 1178 764 ex
1200 725 1383 764 trlecnai
1386 739 1455 764 um
1476 725 1641 764 navium
1662 725 1830 766 trierar-

317 782 404 820 chis
437 781 608 833 sinfrulis
640 781 854 821 navalibus
880 781 1068 834 praeficit
1090 780 1478 820 Amersfooidtius?
1538 780 1774 829 Enimvero,
1796 781 1830 821 si

315 824 532 877 enucleate
562 837 672 889 loqui
706 836 901 876 voluisset
933 841 1088 879 orat01
1111 836 1246 876 dicere
1277 837 1457 876 debebat
1484 851 1523 889 p.
1554 836 1686 886 184,
1670 866 1706 885 ,
1747 836 1828 876 καθ’

318 894 485 932 ἕκαστον
519 894 742 940 νεώσοικον,
772 893 813 931 1(1
850 894 960 945 quod
992 897 1118 932 antea
1150 893 1407 945 conjeceram
1441 906 1517 945 pro
1551 891 1632 931 καθ
1665 893 1831 932 ἑκαστον

318 950 491 999 νεώριον.
560 948 641 987 Sed
678 948 775 987 licet
806 948 844 986 111
876 948 1082 1001 scriptura
1110 948 1279 1001 vulgata
1310 948 1582 1001 acquiescere,
1606 947 1829 987 dummodo

316 1018 411 1042 eum
435 1004 656 1043 Schaefero
679 1004 837 1043 dictum
859 1008 981 1056 putes
1002 1004 1071 1043 τὸν
1091 1006 1132 1043 δὲ
1158 1004 1387 1054 τριήραρχον
1409 1005 1574 1042 ἕκαστον
1595 1017 1670 1056 pro
1691 1007 1767 1043 τῶν
1788 1005 1829 1043 δὲ

317 1059 559 1111 τριηράρχων
583 1060 778 1100 ἑκάστους.

376 1115 493 1154 Ν11111
525 1114 703 1167 amplius
728 1119 862 1154 restat
890 1114 968 1153 nisi
998 1119 1044 1154 ut
1066 1114 1263 1153 Boeckhii
1289 1127 1324 1154 2.
1347 1129 1385 1167 p.
1416 1117 1503 1153 106.
1527 1128 1587 1166 sq.
1608 1114 1830 1167 probemus

316 1170 570 1210 sententiam
597 1171 647 1209 de
673 1185 762 1217 usu,
796 1170 836 1208 111
864 1185 987 1223 quem
1008 1170 1112 1209 verti
1143 1169 1240 1209 velit
1267 1175 1410 1209 orator
1438 1174 1628 1223 sumptus
1658 1170 1748 1209 illos
1779 1185 1830 1210 ex

317 1239 442 1265 censu
465 1226 750 1265 conferendos.
812 1226 942 1265 Recte
966 1226 1044 1273 ille,
1067 1240 1159 1264 cum
1181 1229 1348 1265 caetera
1369 1225 1506 1265 omnia
1522 1226 1611 1278 jam
1633 1225 1717 1265 siut
1738 1240 1831 1279 pro-

317 1281 416 1328 visa,
440 1281 648 1334 stipendia
668 1286 795 1334 atque
817 1281 1013 1334 pecunias
1034 1281 1087 1321 ad
1110 1281 1263 1320 victum
1286 1281 1567 1343 quaerendum
1595 1280 1690 1320 inde
1711 1281 1830 1321 remi—

315 1337 437 1390 gibus
466 1342 508 1377 et
533 1337 753 1376 classiariis
783 1351 829 1375 01
831 1342 991 1377 ateiem
1022 1336 1197 1390 persolvi
1220 1337 1319 1376 velle
1342 1336 1563 1376 existimat.
1630 1337 1830 1390 Magnam

316 1393 425 1431 enim
448 1393 717 1445 pecuniarum
738 1407 942 1432 summam
962 1393 1016 1432 ad
1043 1393 1118 1431 hos
1146 1397 1337 1445 sumptus
1357 1392 1596 1432 toleiandos
1616 1392 1741 1431 fuisse
1762 1407 1830 1432 ne-

318 1448 557 1495 cessai·i·.‚1111
582 1448 779 1501 copiose
767 1453 895 1501 atque
917 1448 1140 1502 diligentei
1161 1448 1345 1487 ostendit
1366 1447 1475 1487 idem
1506 1462 1535 1486 1.
1557 1462 1595 1500 p.
1614 1461 1707 1498 292.
1729 1462 1819 1502 sqq.

380 1614 469 1663 178,
502 1626 530 1651 1.
564 1615 615 1652 Οἱ
634 1615 706 1660 μὲν
729 1614 1051 1665 ἐπαινοῦντες-]
1080 1613 1288 1652 Aristides
1310 1613 1361 1652 de
1384 1613 1435 1652 D.
1454 1614 1497 1653 O.
1514 1628 1553 1666 p.
1570 1625 1666 1665 310.
1692 1612 1828 1652 locum

318 1667 463 1706 hunc
454 1682 493 1706 111
517 1668 747 1720 exemplum
777 1667 934 1721 periodi
962 1668 1159 1721 proponit
1188 1669 1375 1721 pluribus
1397 1683 1418 1707 e
1440 1668 1538 1707 colis
1561 1668 1829 1721 compositae.

319 1723 402 1762 Sed
436 1723 686 1763 fructuosim
717 1728 781 1763 est
805 1724 911 1762 alter
946 1724 1263 1776 ejusdemlocus
1296 1739 1334 1777 p.
1360 1725 1452 1772 264.
1504 1725 1753 1774 σφοδρότητα
1785 1726 1826 1763 δὲ

318 1784 442 1819 ποιεῖς
475 1780 535 1818 καὶ
566 1781 660 1818 ὅταν
693 1779 899 1829 πράγματα
930 1797 951 1828 η
982 1781 1173 1829 πρόσωπα
1199 1779 1338 1828 ἔνδοξα
1364 1797 1415 1829 μη
1443 1780 1558 1834 ὀκνῃς
1579 1779 1826 1828 διαβάλλειν.

318 1851 403 1873 mot
426 1835 468 1873 τὸ
489 1837 561 1884 μὲν
590 1836 765 1874 ἐπαινεῖν
792 1851 876 1875 τους
901 1836 1117 1885 προγόνους
1142 1838 1300 1886 πρᾶγμα
1329 1836 1593 1883 ἐνδοξότατοι
1646 1836 1665 1872 ὁ
1689 1836 1729 1873 δὲ
1753 1839 1830 1884 Δη-

317 1889 513 1939 μοσθένης
552 1894 631 1930 πῶς
672 1890 781 1931 εὐθὺς
823 1892 865 1928 ἐν
906 1891 1004 1944 ἀρχῇ
1046 1890 1258 1938 διέβαλενς
1312 1892 1363 1930 Οἱ
1403 1892 1475 1939 μὲν
1512 1892 1828 1931 ἐπαινοῦντες-.

322 1944 514 1984 REIsK.
576 1945 805 1984 Exordium
826 1951 1039 1998 receptum
1061 1945 1170 1985 inter
1193 1946 1413 1985 Prooemia
1432 1960 1473 1998 p.
1500 1958 1617 1998 1423,
1643 1958 1675 1983 1.

387 2003 472 2051 175,
504 2014 533 2038 1.
568 2003 618 2040 Οἱ
648 2003 720 2050 μὲν
757 2002 1151 2042 ἐπαινοῦντες-τοὺς
1186 2004 1401 2053 προγόνους
1431 2001 1555 2055 ὑμῶν]
1591 2000 1830 2040 Communis

319 2055 399 2095 suit
421 2056 488 2095 hic
510 2070 598 2095 mos
620 2056 856 2096 oratoribus
878 2056 1035 2096 Atticis
1057 2056 1353 2097 Demosthenis
1378 2061 1531 2104 aetate,
1553 2059 1601 2095 ut
1626 2056 1831 2108 majorum

320 2125 386 2151 res
419 2112 627 2164 praeclare
662 2116 803 2165 gestas
836 2112 1067 2159 laudarent,
1095 2127 1176 2165 quo
1209 2112 1287 2152 sibi
1320 2112 1556 2165 plebeculae
1586 2111 1829 2151 benevolen-

320 2167 423 2206 tiam
446 2167 723 2214 conciliarent,
748 2182 871 2220 quam
891 2167 956 2206 his
978 2168 1235 2221 panegyricis
1260 2167 1460 2220 imprimis
1482 2166 1678 2206 delectari
1699 2166 1830 2206 solere

320 2222 485 2275 saepius
516 2223 672 2262 indicat
695 2223 862 2264 Orator.
924 2223 1126 2276 Exemplo
1156 2223 1212 2263 sit
1242 2223 1355 2262 locus
1386 2223 1437 2262 de
1468 2222 1603 2262 Rhod.
1625 2221 1762 2261 libert.
1788 2237 1828 2275 p.

324 2291 418 2325 201,
447 2292 480 2317 Ι.
520 2279 677 2330 χαίρετε
698 2279 914 2323 ἀκούοντες,
938 2280 1032 2318 ὅταν
1053 2279 1108 2320 τὶς
1129 2280 1266 2333 ἐπαινῇ
1287 2279 1373 2320 τοὺς
1392 2279 1607 2329 προγόνους
1626 2279 1743 2327 ὑμῶν,
1769 2279 1829 2317 καὶ

320 2335 368 2372 τὰ
388 2333 643 2384 πεπραγμένα
670 2335 797 2374 αὐτοῖς
823 2334 939 2387 διεξίῃ
963 2334 1022 2372 καὶ
1042 2336 1090 2373 τὰ
1109 2335 1274 2384 τρόπαια
1293 2334 1404 2384 λέγῃ.
1468 2333 1517 2371 111
1538 2333 1645 2371 huno
1671 2346 1828 2372 morem

321 2388 532 2428 orationes
566 2388 747 2428 habendi
784 2389 878 2438 πρὸς
911 2388 1024 2439 χάριν
1058 2393 1134 2428 τῶν
1162 2390 1379 2428 ἀκουόντων
1410 2402 1533 2440 saepe
1564 2388 1830 2428 vehementer

322 2443 532 2484 invehitur
565 2444 880 2483 Demosthenes.
905 2443 1010 2482 Phil.
1037 2444 1117 2482 III.
1140 2459 1181 2496 p.
1211 2457 1300 2489 110,
1330 2455 1403 2496 17.,
1428 2443 1471 2483 Si
1507 2442 1737 2496 inquiratis,
1770 2442 1829 2482 in-

321 2499 424 2551 quit,
448 2514 530 2553 qua
561 2499 823 2552 potissimum
848 2514 994 2539 caussa
1015 2499 1333 2539 Atheniensium
1366 2499 1542 2552 respubl.
1574 2499 1828 2538 labefactata

321 2555 388 2601 sit,
410 2555 826 2606 μάλιστα-εὑρήσετε
860 2557 922 2594 διὰ
953 2555 1040 2596 τοὺς
1072 2557 1297 2606 χαρίζεσθαι
1328 2558 1482 2604 μᾶλλον
1510 2553 1532 2603 ἦ
1559 2556 1606 2593 τὰ
1635 2554 1829 2603 βέλτιστα

321 2610 456 2661 λέγειν
475 2611 811 2661 προαιρουμένους.
835 2611 1002 2663 Olynth.
1028 2610 1109 2649 III.
1133 2625 1171 2663 p.
1190 2623 1256 2663 34,
1281 2624 1342 2661 15.
1374 2612 1479 2649 ἀλλὰ
1501 2610 1646 2648 δικαίου
1668 2610 1829 2648 πολίτου

322 2668 435 2715 κρίνω
467 2667 536 2714 τὴν
568 2670 644 2704 τῶν
679 2665 914 2716 πραγμάτων
947 2668 1140 2717 σωτηρίαν
1167 2667 1251 2705 ἀντὶ
1277 2669 1341 2715 τῆς
1367 2667 1410 2705 ἐν
1435 2668 1485 2718 τῷ
1512 2665 1647 2715 λέγειν
1674 2664 1830 2716 χάριτος

321 2723 526 2771 αἱρεῖσθαι,
551 2722 611 2760 καὶ
637 2723 710 2771 γὰρ
732 2722 818 2762 τοὺς
840 2722 902 2760 ἐπὶ
924 2725 999 2760 τῶν
1020 2723 1222 2772 προγόνων
1243 2722 1347 2771 ἡμῶν
1368 2721 1558 2771 λέγοντας
1581 2720 1829 2760 ἀκούω-οὓς

321 2777 523 2815 ἐπαινοῦσι
543 2777 616 2825 μὲν
636 2778 672 2814 οἱ
693 2778 896 2826 παριόντες
917 2776 1098 2822 ἅπαντες,
1120 2781 1324 2826 μιμοῦνται
1345 2775 1374 2815 δ’
1398 2777 1442 2815 οὐ
1462 2775 1575 2815 πάνυ.
1622 2789 1745 2827 quam
1767 2788 1828 2813 re-

319 2830 635 2882 prehensionem
657 2831 801 2870 iisdem
822 2832 907 2871 fere
929 2832 1062 2871 verbis
1084 2832 1125 2870 in
1143 2832 1470 2871 Demosthenem
1491 2830 1661 2870 retorsit
1679 2829 1826 2869 Deme-

323 2885 425 2924 trius
447 2887 600 2925 citatus
622 2902 643 2925 a
672 2887 896 2926 Plutarcho
918 2902 957 2939 p.
981 2888 1073 2939 852.
1097 2886 1144 2926 C.
1192 2886 1393 2926 ἐπαινέσαι
1419 2888 1491 2936 μὲν
1521 2887 1750 2927 ἱκανώτατος
1777 2884 1825 2934 ἣν
