1934 3179
321 132 402 173 278
748 133 861 175 PRO
896 134 1398 176 MEGALOPOLITIS.

381 248 471 288 207,
500 238 558 277 18.
583 239 809 292 ἐπιτρέψαι]
841 239 1059 290 ἐπιτρέπειν
1080 241 1119 279 h.
1142 240 1165 279 l.
1189 240 1439 290 ἀμεταβάτως
1460 245 1696 295 usurpatur.
1746 241 1824 282 La-

319 292 405 332 tine
427 298 565 333 vertas
588 293 801 334 concedere.
847 295 1098 335 sCHAEF.

378 361 470 400 207,
497 362 561 390 22.
587 350 716 403 ἀδεὲς]
751 351 903 390 Rarior
925 366 1014 398 vox,
1038 352 1077 390 h.
1101 352 1127 390 l.
1151 352 1311 405 passive
1339 356 1552 406 usurpata,
1576 353 1601 392 i.
1626 368 1664 406 q.
1688 355 1732 393 οὐ
1753 359 1823 403 φο-

318 406 452 454 βερόν.
515 405 673 444 Rursus
696 402 868 457 φοβερὸς
895 407 1048 460 passim
1078 412 1303 461 usurpatur
1330 407 1477 457 active,
1499 409 1615 461 cujus
1636 424 1734 448 usus
1755 423 1823 448 ex-

319 461 453 513 empla
474 466 571 500 suut
592 462 703 514 apud
727 462 958 509 Platonem,
985 464 1323 516 Xenophontem,
1346 463 1459 503 alios.
1503 464 1753 504 SOHAEF.

379 527 474 568 207,
499 528 562 567 27.
584 517 795 569 ὠρέγοντο]
834 519 928 557 Vox
951 519 1120 559 rarioris
1142 534 1239 559 usus
1262 519 1302 558 iu
1324 519 1536 572 prosaicis.
1572 520 1822 561 SCHAEF.

378 583 470 623 207,
497 575 560 611 25.
583 575 703 625 ὑμεῖς]
743 574 815 613 Me
843 574 1035 621 seniores,
1063 575 1250 629 inprimis
1272 576 1340 629 qui
1371 575 1446 629 ipsi
1475 576 1585 616 mala
1612 577 1680 616 illa
1711 576 1821 630 passi

318 626 431 666 estis.
474 628 724 668 SOHAEF.

375 683 485 737 ἴσως]
521 684 614 723 Non
646 685 879 726 dubitantis
909 692 984 732 est,
1019 688 1090 727 sed
1121 688 1205 726 fere
1236 687 1408 727 eandem
1434 687 1513 726 vim
1545 687 1673 728 habet
1698 703 1823 741 quam

317 738 421 788 οἶμαι
443 754 477 779 v.
504 753 561 780 10.
626 741 677 780 V.
700 747 786 781 not.
809 742 862 782 ad
887 743 1017 796 Longi
1042 743 1247 784 Pastoral.
1272 758 1311 797 p.
1334 754 1429 796 357.
1472 743 1722 784 SOHAEF.

377 797 468 840 208,
495 798 554 835 16,
581 797 711 851 τοῦτο]
748 798 795 837 ld
818 804 893 843 est,
917 801 959 838 τὸ
987 800 1038 849 μὴ
1067 800 1220 839 ἐθέλειν
1241 803 1288 838 τὰ
1319 801 1444 839 δίκαια
1475 799 1656 850 πράττειν
1677 803 1822 842 ἁπλῶς.

323 849 365 888 ld
388 856 462 895 est,
487 867 537 891 ue
560 853 770 893 Thebanis
792 855 1092 907 tergiversandi
1115 855 1373 908 relinquatur
1393 855 1567 902 occasiO,
1586 871 1666 909 quo
1688 857 1823 896 minus

318 907 439 946 urbes
464 908 554 947 illas
579 909 802 950 instaurari
837 912 985 958 sinant,
1010 912 1043 951 si
1068 911 1406 952 Lacedaemoniis
1432 912 1651 965 grassandi
1677 917 1824 953 contra

322 963 551 1003 Messenios
577 970 618 1005 et
646 966 835 1006 Arcadas
868 967 1033 1008 licentia
1065 968 1247 1008 dabitur.
1308 967 1375 1007 Sic
1402 968 1680 1008 Archidamus
1710 970 1821 1023 apud

319 1018 547 1059 Isocratem
573 1022 761 1074 queritur
795 1024 845 1061 de
877 1024 1099 1071 Thebanis,
1128 1025 1185 1063 ὅτι
1215 1024 1421 1063 Πλάταιαν
1450 1026 1522 1073 μὲν
1552 1025 1612 1063 καὶ
1644 1028 1824 1067 Θεσπιὰς

317 1076 430 1126 ἐχθὲς
462 1077 522 1115 καὶ
552 1079 683 1128 πρώην
711 1079 966 1128 πεποιήκασιν
995 1081 1247 1125 ἀναστάτους,
1272 1080 1489 1129 Μεσσήνην
1510 1082 1551 1119 δὲ
1583 1083 1644 1120 διὰ
1674 1098 1821 1131 τριακο-

317 1132 414 1170 σίων
436 1133 531 1171 ἐτῶν
554 1135 843 1181 κατοικίζουσαν,
867 1135 907 1174 id
930 1141 1005 1179 est,
1029 1137 1139 1189 quod
1167 1136 1363 1176 Plataeas
1395 1140 1437 1176 et
1459 1136 1661 1189 Thespias
1691 1151 1823 1190 nuper

315 1187 540 1227 admodum
562 1190 801 1236 everterint,
826 1196 866 1230 et
893 1192 1130 1231 Messenam
1160 1196 1256 1244 post
1280 1206 1411 1231 annos
1432 1196 1641 1232 trecentos
1666 1193 1821 1233 instau-

317 1243 397 1282 rari
426 1244 613 1295 jubeant.
652 1245 841 1285 WoLF.
902 1252 1013 1287 τοῦτο
1039 1248 1247 1301 significat
1268 1249 1310 1286 τὸ
1334 1249 1384 1297 μὴ
1407 1248 1575 1299 φάσκειν
1597 1253 1677 1289 δεῖν
1701 1266 1821 1289 κατοι-

316 1300 487 1346 κίζεσθαι
512 1305 589 1340 etc.
654 1302 872 1342 Sententia
909 1304 1009 1344 haec
1042 1300 1129 1344 est:
1170 1304 1290 1355 Quod
1327 1303 1359 1342 si
1397 1319 1592 1358 negemus
1628 1310 1822 1358 oportere

315 1355 438 1394 urbes
464 1355 554 1396 illas
581 1358 786 1403 Boeotiae,
811 1359 1022 1400 Thebanis
1043 1361 1147 1400 adeo
1170 1360 1342 1400 infestas
1370 1361 1424 1400 ab
1446 1360 1578 1413 iisque
1600 1361 1819 1409 desolatas,

316 1425 458 1450 rursus
479 1414 720 1461 restaurari,
741 1414 799 1466 (id
823 1416 933 1468 quod
955 1417 1264 1456 contendebant
1288 1416 1605 1456 Lacedaemonii
1628 1422 1821 1470 oportere

315 1466 437 1515 fieri,)
461 1474 582 1508 eruut
614 1471 758 1510 statim
784 1472 852 1523 qui
884 1487 959 1510 nos
991 1472 1262 1512 erimiufflltur
1292 1472 1588 1525 impedimento
1613 1488 1713 1521 esse,
1740 1489 1821 1527 quo

314 1522 449 1562 minus
476 1524 664 1564 Thebani
697 1527 997 1579 deprimantur.
1059 1528 1399 1568 Oriminationem
1435 1529 1564 1580 igitur
1600 1530 1705 1569 hanc
1739 1545 1820 1583 quo

315 1578 519 1627 tollamus,
543 1596 622 1632 age
643 1584 918 1622 restaulalula
948 1584 1013 1623 illu
1038 1584 1190 1637 oppida
1211 1599 1299 1623 esse
1324 1585 1601 1625 assentiamur
1622 1600 1696 1624 uos
1719 1601 1817 1639 quo-

315 1649 393 1686 que
426 1635 783 1677 Athenienses—.
817 1639 1009 1680 REISK.
1071 1640 1133 1679 Tu
1170 1640 1265 1680 audi
1292 1640 1347 1678 W
1353 1641 1492 1680 olfium
1523 1645 1634 1680 τοῦτο
1665 1642 1820 1682 rectius

313 1689 676 1744 interpretantem.
720 1694 969 1735 SCHAEF,

374 1750 465 1789 208,
490 1762 550 1798 17.
576 1750 746 1802 μικροὺς]
790 1751 816 1789 [.
842 1767 877 1803 q.
904 1753 1104 1793 ταπεινοὺς
1126 1767 1161 1791 v.
1187 1753 1223 1790 8.
1267 1752 1319 1791 V.
1341 1767 1380 1805 p.
1405 1765 1496 1806 203,
1522 1755 1571 1799 8.,
1595 1753 1664 1792 ubi
1694 1768 1819 1806 oppo-

315 1800 427 1840 nitur
446 1803 578 1853 μέγας,
599 1812 742 1857 potens.
805 1807 872 1846 Sic
895 1807 1004 1847 iuter
1025 1822 1068 1847 se
1089 1814 1358 1861 opponuntur
1378 1809 1650 1861 comparativi
1671 1811 1820 1859 μείζους

316 1862 356 1895 et
380 1859 562 1901 ἐλάττους
585 1875 623 1912 p.
651 1873 742 1915 203,
770 1875 828 1901 10.
851 1877 882 1901 s.
907 1869 949 1903 et
971 1879 1008 1916 p.
1035 1876 1126 1907 210.
1153 1877 1216 1916 25.
1240 1879 1270 1903 s.
1325 1864 1572 1904 soHAEF.

374 1916 465 1959 208.
494 1917 551 1955 18.
576 1916 644 1955 τὸν
664 1916 924 1972 Ὀρχομενὸν]
956 1919 1111 1958 Locum
1134 1920 1242 1959 hunc
1265 1919 1370 1960 citat
1392 1920 1636 1960 sclwliastes
1658 1921 1819 1975 Thucy-

314 1968 420 2007 didis
452 1985 490 2023 p.
515 1982 580 2021 72.
605 1972 678 2012 ult.
719 1973 910 2013 REISK.
975 1976 1118 2015 Verba
1149 1975 1236 2028 ejus
1267 1981 1365 2015 sunt
1395 1977 1449 2015 ad
1477 1990 1506 2024 ι,
1533 1991 1645 2031 [ι3.;
1678 1976 1818 2029 Ὀρχο-

311 2025 427 2072 μενὸς
457 2029 628 2076 θηλυκῶς
657 2031 760 2079 παρὰ
792 2032 1020 2085 Θουκυδίδῃ,
1043 2030 1285 2083 Ὀρχομενὸς
1316 2033 1525 2082 ἀρσενικῶς
1556 2035 1659 2083 παρὰ
1689 2038 1819 2082 Δημο-

313 2080 458 2120 σθένει.
513 2083 582 2121 ubi
614 2089 713 2124 ante
744 2085 859 2137 prius
880 2086 1119 2138 Ὀρχομενὸς
1144 2087 1343 2126 articulus
1373 2089 1410 2137 ἡ,
1437 2093 1536 2128 aute
1564 2088 1771 2141 posterius
1798 2091 1818 2127 ὁ

314 2135 477 2176 videtur
498 2139 719 2179 excidisse:
754 2141 909 2193 alioqui
936 2157 1082 2194 parum
1109 2143 1335 2196 perspicias
1361 2158 1433 2182 cur
1454 2158 1603 2184 nomen
1624 2144 1687 2183 bis
1709 2144 1815 2197 posi-

315 2198 402 2230 tum
425 2192 491 2232 sit.
537 2194 786 2235 SCHAEF.

374 2250 463 2291 208,
492 2262 552 2288 20.
578 2252 760 2304 ἀξιῶμεν]
797 2252 982 2292 Subaudi
1005 2255 1276 2304 συμπράττειν.
1319 2254 1568 2294 SGHAEF.

375 2305 464 2349 208,
491 2317 555 2356 ἰῇ.
578 2307 638 2345 ἐπὶ
660 2308 703 2355 τῇ
728 2308 942 2361 προφάσει]
975 2309 1118 2349 Verba
1138 2309 1243 2348 satis
1264 2310 1483 2363 perspicua
1504 2316 1614 2359 sunt,
1638 2312 1708 2350 sed
1730 2326 1818 2352 sen-

313 2373 381 2397 sus
404 2360 617 2399 obscurior
639 2366 715 2400 est.
775 2363 861 2401 Nec
883 2364 990 2402 enim
1008 2364 1125 2403 video
1147 2379 1219 2403 cur
1241 2380 1406 2404 necesse
1434 2367 1499 2411 sit,
1524 2367 1710 2407 Plataeis
1736 2382 1817 2407 uon

314 2414 569 2457 instauratis,
594 2418 723 2456 everti
756 2419 1038 2471 Megalopoliu
1066 2424 1108 2459 et
1133 2421 1382 2460 Messenam.
1444 2422 1525 2461 Sed
1548 2423 1657 2475 quod
1686 2423 1819 2476 scqui—

315 2476 393 2511 tur.
433 2471 565 2510 locum
608 2473 714 2512 hune
751 2474 960 2514 declarat:
1005 2478 1114 2524 δῆλοι
1147 2476 1266 2524 δήπου
1302 2480 1421 2516 πᾶσιν
1455 2478 1612 2517 ἔσονται
1648 2479 1719 2530 οὐχ
1755 2480 1818 2518 ἵνα

314 2528 487 2565 Θεσπιαὶ
518 2533 789 2568 κατοικισθῶσι
815 2532 1037 2579 ποιούμενοι
1062 2532 1131 2579 τὴν
1153 2533 1325 2581 σπουδὴν
1346 2538 1423 2572 etc.
1487 2533 1610 2573 Unde
1641 2540 1818 2587 apparet

318 2581 502 2622 Laconas
533 2584 684 2623 ursisse
716 2585 1061 2625 instaurationem
1085 2587 1370 2639 Thespiarum,
1401 2594 1650 2641 conquestos
1678 2590 1818 2642 inique

311 2651 450 2676 seeum
475 2639 556 2692 agi,
580 2640 613 2678 si
637 2640 823 2680 Thebani
847 2642 887 2680 in
911 2642 1086 2682 Boeotia
1109 2643 1383 2691 dominentur,
1401 2644 1471 2696 jus
1498 2645 1607 2683 idem
1635 2644 1676 2683 in
1699 2645 1817 2685 Pelo-

312 2707 495 2744 ponneso
528 2695 605 2734 sibi
639 2710 719 2735 non
754 2697 1035 2749 permittatur.
1070 2698 1124 2735 W
1131 2698 1246 2737 OLF
1251 2731 1259 2737 .
1320 2700 1384 2738 Ob
1412 2700 1728 2748 caussationem,
1752 2716 1816 2740 ve-

312 2749 484 2787 rendum
506 2764 594 2789 esse
621 2766 671 2791 ne
698 2752 850 2805 oppida
877 2753 979 2792 haec
1002 2753 1177 2793 Boeotia
1199 2754 1388 2794 sinantur
1410 2755 1449 2793 in
1472 2755 1599 2794 ruinis
1614 2756 1753 2808 jacere
1775 2762 1816 2796 et

310 2804 457 2855 perire,
492 2805 524 2844 si
560 2807 897 2847 Lace(laemouiis
933 2810 1156 2855 obstemus,
1190 2810 1407 2861 quominus
1441 2811 1719 2864 ll'legalopolin
1753 2827 1815 2851 ra-

312 2859 442 2909 piant.
478 2861 669 2902 REISK.
735 2863 889 2916 Nempe
912 2865 978 2916 qui
1012 2865 1351 2904 Lacedaemoniis
1382 2867 1576 2906 favebant
1608 2867 1658 2905 de
1687 2882 1815 2920 grege

312 2921 536 2954 oratorum.
564 2918 712 2957 bellum
742 2919 961 2970 j.·1‹·t.·1l·aut
997 2919 1105 2959 iuter
1134 2922 1327 2972 Spartam
1355 2922 1622 2974 Athenas-[ue
1647 2923 1698 2961 ob
1727 2923 1813 2961 Μυ-
