1934 3179
296 129 381 171 506
703 132 782 171 DE
817 131 1011 172 FALSA
1046 131 1403 172 LEGATIONE.

296 236 340 273 et
370 248 410 287 p.
437 243 532 287 437.
565 236 612 274 τὰ
643 236 784 286 σμικρὰ
818 235 879 274 καὶ
910 236 1045 285 φαῦλα
1076 235 1122 288 τῇ
1153 234 1345 288 περιβολῇ
1378 237 1452 273 τῶν
1478 235 1609 286 λόγων
1638 236 1802 288 μέγεθος

297 289 613 340 προσλαμβάνει.
660 294 779 330 ταῦτα
798 293 904 330 ποιεῖ
923 289 1177 339 Δημοσθένης
1207 290 1270 329 καὶ
1297 291 1392 330 οὕτω
1420 293 1609 344 τραγῳδεῖ
1626 291 1696 341 τὴν
1717 295 1801 331 Φω-

297 344 397 384 κέων
423 346 573 386 ἅλωσιν
601 346 735 388 ἔθνους
764 347 860 385 ὅλου
892 346 935 384 ἐν
959 347 1110 396 ὀλίγοις
1139 344 1283 396 ῥήμασι
1312 344 1453 397 λέγων·
1485 346 1532 396 ἧν
1554 348 1649 386 ἰδεῖν
1680 349 1802 388 οἰκίας

297 401 612 452 κατεσκαμμένας
625 426 691 441 -.
738 401 949 453 μονονουχὶ
989 401 1220 452 παρέφρασε
1255 401 1297 441 τὸ
1326 400 1537 453 (Ομηρικὸν
1566 402 1705 455 (Iliad.
1731 403 1800 453 1.).

297 456 415 497 Oitat
440 457 541 497 item
565 457 674 496 hunc
701 457 837 496 locum
858 456 1100 497 Alexander
1121 456 1282 497 Rhetor
1302 472 1340 510 p.
1363 467 1432 511 50.
1456 462 1499 497 et
1520 458 1729 498 Aristides
1750 459 1801 498 de

297 513 352 552 D.
372 512 417 553 O.
434 527 473 565 p.
496 523 602 565 274,
625 513 742 566 cujUs
763 513 864 553 haec
887 517 984 553 sunt
1005 513 1156 552 verba:
1191 513 1364 564 ἔμφασιν
1386 515 1427 553 δὲ
1447 517 1555 554 ποιεῖ
1572 515 1633 554 καὶ
1653 515 1697 554 τὸ
1720 516 1800 554 ἐπι-

296 570 556 618 σημαίνεσθαι
588 573 671 610 ταῖς
705 570 907 618 ποιότησιν
940 568 993 622 (si
1026 568 1252 621 qualitates
1291 583 1430 609 rerum
1469 574 1571 610 nota
1606 570 1799 623 quadam,

295 623 542 677 praesertim
579 624 865 677 displicentiae
904 629 1032 677 atque
1072 624 1403 678 reprehensionis
1442 625 1674 679 insignias)‚
1704 627 1800 666 ὅπου

295 679 418 730 λέγει·
451 679 577 730 θέαμα
598 682 738 720 δεινόν.
791 682 853 721 καὶ
876 681 1008 720 πάλιν·
1042 682 1193 731 νόσημα
1214 680 1342 721 δεινὸν
1364 682 1425 721 καὶ
1445 681 1624 734 χαλεπὸν
1647 683 1709 722 καὶ
1730 687 1800 733 φυ-

294 738 417 785 λακῆς
441 738 858 787 πολλῆς-δεόμενον.
920 736 1038 777 Oitat
1068 736 1168 776 item
1199 736 1442 777 scholiastes
1472 737 1528 778 ad
1556 737 1800 778 Aristotelis

296 791 524 833 Rhetorica
559 792 673 833 edita
704 792 877 833 Parisiis
912 793 1024 846 apud
1055 792 1177 833 Conr.
1201 792 1454 833 Neobarium
1480 806 1598 847 1539.
1631 793 1672 833 in
1704 794 1800 834 folio

294 847 442 887 minori
466 863 507 901 p.
530 862 590 900 14.
613 863 649 889 a.
673 849 740 903 38.
775 848 955 902 Apsines
980 864 1019 902 p.
1050 850 1142 901 726.
1174 848 1296 891 πάθος
1325 853 1482 890 ποιοῦσι
1513 850 1573 890 καὶ
1603 851 1640 890 οἳ
1670 851 1800 890 ἀναδι-

294 906 553 954 πλασιασμοί·
587 907 722 955 Θῆβαι
743 907 796 952 δὲ,
822 908 968 955 Θῆβαι.
1011 906 1072 944 καὶ
1094 907 1133 945 αἱ
1154 906 1360 948 δεινώσεις·
1394 906 1519 956 θέαμα
1540 907 1681 946 δεινόν.
1728 908 1800 946 πά-

294 963 362 1002 θος
391 965 498 1001 ποιεῖ
525 962 587 1001 καὶ
617 963 664 1001 τὰ
695 961 943 1011 ἀνακλητικά·
977 961 1102 1011 θέαμα
1132 961 1272 1010 δεινὸν,
1296 960 1325 1000 ὦ
1354 964 1402 1030 γῆ
1426 962 1487 1002 καὶ
1514 963 1608 1002 θεοί.
1658 963 1700 1002 ἐν
1720 967 1800 1004 τοῖς

294 1015 463 1056 πάθεσιν
489 1017 534 1056 οὐ
563 1017 691 1057 πολὺν
712 1017 780 1057 δὲῑζ
804 1017 902 1057 εἶναι
934 1020 994 1057 δεῖ
1020 1017 1088 1056 τὸν
1111 1018 1270 1066 κόσμον,
1293 1017 1369 1058 οὐδ’
1388 1017 1711 1067 ἐπεμβάλλεσθαι
1732 1020 1800 1060 τὰς

294 1073 460 1117 ἐννοίας,
491 1074 598 1113 ἀλλὰ
631 1076 843 1123 κομματικὰ
877 1075 925 1113 τὰ
959 1074 1094 1112 πλείω.
1149 1074 1218 1112 ἐὰν
1253 1074 1325 1122 μὲν
1359 1074 1557 1131 βουληθιης
1589 1074 1799 1126 συνέχειαν

292 1130 452 1177 ποιῆσαι
473 1130 514 1168 ἐν
535 1131 586 1182 τῷ
608 1129 734 1175 πάθει,
758 1146 854 1170 κατα
879 1129 922 1168 τὸ
945 1130 1158 1168 ἀσύνδετον
1180 1130 1360 1178 εἶσάξεις
1394 1131 1515 1172 οἰκίας
1537 1129 1798 1180 κατεσκαμμέ-

294 1200 375 1229 νας,
408 1185 516 1237 τείχη
552 1202 811 1240 περιῃρημενα
838 1190 915 1225 ete.
949 1183 1143 1224 REISK.
1206 1185 1331 1235 θεαμα
1366 1186 1494 1225 δεινὸν
1527 1186 1589 1225 καὶ
1625 1186 1799 1226 ελεεινον

292 1238 389 1280 hinc
421 1240 525 1280 citat
548 1228 738 1281 Tiberius
759 1257 798 1295 p.
821 1244 886 1283 62.
911 1246 958 1281 ut
987 1241 1219 1293 exemplum
1249 1241 1469 1281 locutionis
1500 1241 1717 1294 ellipticae,
1744 1242 1798 1282 ad

293 1309 418 1348 quam
441 1297 617 1336 ἐλλείπει
639 1297 681 1336 τὸ
703 1299 799 1337 ἐστι.
858 1297 1017 1350 Inepte.
1060 1296 1309 1336 SGHAEF.

348 1353 445 1404 361,
471 1365 536 1393 20.
561 1352 649 1406 νῦν]
684 1353 735 1392 Id
760 1357 823 1393 est
846 1354 1028 1405 ἔναγχος.
1090 1352 1233 1406 Nuper
1264 1352 1305 1392 in
1336 1352 1559 1393 novissima
1590 1352 1798 1407 legatione

294 1412 438 1448 nostra
458 1409 513 1448 ad
531 1409 717 1462 Delphos
739 1424 831 1449 cum
853 1409 1060 1463 dignitate
1082 1409 1324 1449 theororum
1344 1424 1369 1450 a
1385 1409 1500 1450 vobis
1521 1409 1614 1448 illuc
1635 1408 1798 1462 publice

294 1463 525 1504 missorum.
569 1465 759 1505 REISK.

350 1521 446 1573 361,
478 1533 542 1561 21.
580 1522 620 1570 ἐξ
656 1521 823 1572 ἀνάγκης
857 1521 904 1570 ἧν
934 1520 1044 1574 ἡμῖν]
1085 1520 1339 1574 Οοῃθόαπιῑιν.
1398 1520 1495 1560 Vid.
1529 1520 1671 1562 Reisk.
1704 1521 1795 1561 Ind.

293 1575 478 1615 Graecit.
503 1590 535 1615 s,
555 1591 591 1616 v.
615 1577 775 1627 ἀνάγκη.
819 1577 1070 1617 SOHAEF.

348 1633 446 1682 361,
466 1644 530 1685 23.
553 1633 687 1685 ὀλίγα]
727 1633 967 1673 Alexander
984 1632 1146 1672 Rhetor
1167 1647 1206 1685 p.
1223 1645 1292 1686 50.
1314 1632 1369 1672 ad
1390 1633 1509 1683 ὀλίγα
1530 1631 1648 1672 addit
1666 1633 1795 1672 ἄθλια.

286 1687 481 1727 REISK.

345 1744 536 1796 οἰκτρούς]
576 1743 815 1784 Alexander
848 1744 1010 1784 Rhetor
1040 1744 1066 1784 l.
1095 1758 1129 1783 c.
1158 1758 1234 1797 pro
1269 1744 1441 1794 οἰκτρούς
1477 1744 1551 1784 dat
1586 1745 1794 1795 οἶκουρούς,

290 1798 378 1838 sine
400 1799 526 1839 dubio
548 1799 707 1839 vitiose.
751 1800 947 1840 REISK.

343 1857 439 1908 361,
465 1868 532 1908 25.
561 1857 663 1897 ὅλως
692 1858 862 1897 δὲ-νῦν
888 1856 1031 1911 ὄντων]
1069 1855 1215 1896 Citant
1236 1856 1397 1895 Anecd.
1423 1855 1557 1895 Bekk.
1580 1870 1620 1909 p.
1642 1856 1733 1909 138,
1755 1869 1795 1907 4.

291 1911 542 1951 SCHAEF.

344 1969 440 2020 361,
466 1969 530 2009 26.
553 1968 610 2007 ὅτι
630 1969 699 2017 τὴν
721 1968 1238 2022 ἐναντίαν-προτεθεῖσαν]
1278 1966 1464 2020 Respicit
1490 1966 1796 2006 Demosthenes

289 2023 389 2063 illud
410 2028 575 2077 tempus
600 2038 692 2063 cum
716 2024 930 2077 Lysander
954 2028 1050 2077 post
1072 2023 1289 2063 victoriam
1310 2022 1363 2063 ad
1387 2025 1722 2077 Aegospotamos
1753 2022 1796 2062 in

289 2094 338 2119 eo
368 2084 477 2119 esset
510 2085 556 2120 ut
587 2080 780 2120 Athenas
812 2085 994 2133 caperet,
1024 2093 1198 2133 cumque
1226 2079 1542 2120 Lacedaemonii
1573 2083 1616 2119 et
1646 2078 1795 2132 reliqui

289 2135 387 2175 socii
411 2135 690 2176 deliberarent
711 2140 852 2176 utrum
873 2136 1066 2176 Athenas
1097 2135 1263 2189 penitus
1294 2135 1507 2175 diruerent
1532 2139 1575 2174 et
1603 2134 1645 2174 in
1671 2134 1795 2175 servi-

290 2196 425 2231 tutem
458 2191 710 2245 redigerent,
740 2206 794 2231 an
826 2195 993 2231 tantum
1028 2191 1156 2231 muris
1189 2192 1411 2231 orbarent:
1449 2191 1550 2231 illud
1581 2190 1795 2230 consilium

289 2247 494 2287 dederunt
516 2247 717 2295 Thebani,
741 2247 959 2294 Corinthii.
982 2248 1065 2296 alii⁷
1088 2247 1182 2286 huic
1204 2247 1314 2287 inter
1333 2247 1435 2287 alios
1457 2246 1675 2301 suffragati
1697 2250 1795 2286 sunt

291 2302 525 2343 Phocenses
547 2303 707 2356 ipsique
731 2303 1060 2343 Lacedaemonii.
1104 2304 1165 2344 Of.
1186 2304 1298 2342 Xen.
1318 2303 1429 2343 Hell.
1450 2315 1485 2352 2,
1504 2316 1539 2351 2,
1554 2316 1615 2354 19.
1634 2307 1677 2342 et
1699 2302 1794 2341 Plu-

289 2359 422 2399 tarch.
444 2358 486 2398 in
506 2359 559 2398 V.
586 2359 802 2412 Lysandri.
837 2359 1054 2399 GrREVE.
1115 2359 1237 2398 Adde
1262 2359 1389 2399 lsocr.
1412 2374 1452 2412 p.
1475 2371 1557 2413 302
1583 2358 1628 2399 C.

344 2416 440 2467 361,
466 2416 530 2455 28.
558 2416 645 2454 τίνα
672 2415 721 2455 ἂν
746 2416 814 2454 οὖν
835 2416 967 2454 οίεσθε
989 2433 1020 2454 κ.
1040 2432 1071 2454 τ.
1094 2414 1154 2468 λ.]
1188 2414 1397 2454 Alistides
1419 2415 1470 2454 (le
1492 2415 1544 2454 D.
1568 2414 1610 2454 C.
1634 2429 1674 2467 p.
1700 2426 1792 2454 200.

289 2472 351 2510 καὶ
378 2472 473 2510 ὅταν
498 2472 552 2512 εἰς
583 2472 747 2522 κρίσιν
730 2470 875 2541 ανάγης
904 2470 1045 2522 (scilic.
1069 2471 1112 2510 τὸ
1141 2473 1318 2522 πρᾶγμα)
1341 2472 1582 2520 τεθνηκότων
1611 2469 1792 2519 ενδόξων,

287 2528 390 2578 βαρὺ
419 2530 525 2567 δοκεῖ
549 2527 591 2566 τὸ
617 2532 792 2567 τοιοῦτον
815 2527 925 2567 εἶναι.
977 2528 1071 2566 οἶον·
1106 2528 1227 2566 καίτοι
1252 2528 1418 2576 πηλίκον
1439 2526 1487 2566 ἂν
1508 2525 1736 2575 στενάξειαν
1757 2542 1794 2566 οι

287 2584 485 2634 πρόγονοι.
542 2600 602 2622 και
623 2583 753 2622 πάλιν
788 2584 908 2622 καίτοι
929 2599 1015 2622 τινα
1035 2599 1108 2622 ποτ
1137 2584 1267 2622 οἴεσθε
1289 2586 1367 2622 etc.
1410 2581 1603 2622 REISK.

375 2640 440 2686 62,
462 2650 502 2692 5.
530 2638 737 2692 καθαροὺς]
779 2639 850 2678 Ad
886 2638 1075 2690 καθαροὺς
1104 2638 1280 2678 subaudi
1313 2639 1481 2680 ἑαυτούς.
1529 2652 1572 2678 se
1596 2636 1792 2690 (majores

288 2699 453 2734 nostros
488 2694 687 2734 miraculo
718 2694 919 2735 divinitus
956 2694 997 2733 in
1034 2694 1162 2734 vitam
1198 2696 1434 2745 revocatos)
1462 2708 1549 2734 esse
1584 2708 1610 2733 a
1640 2693 1792 2734 scelere

288 2750 495 2790 homicidii
516 2765 642 2804 puros
664 2755 706 2790 et
726 2750 920 2798 intactos,
944 2750 1106 2790 etiamsi
1133 2749 1216 2790 suis
1244 2750 1410 2803 ipsimet
1439 2749 1631 2790 manibus
1661 2749 1792 2790 imbre

332 2891 347 2912 k
372 2892 403 2921 si
422 2892 568 2923 Reiskius
585 2898 667 2923 recte
683 2893 856 2932 exscripsit,
872 2892 1018 2923 notabilis
1039 2893 1090 2923 hic
1111 2892 1195 2922 locus
1211 2902 1258 2923 est
1274 2892 1312 2922 ob
1329 2891 1515 2931 particulam
1533 2898 1578 2923 tot
1594 2891 1696 2922 verbis
1719 2891 1790 2922 sub-

284 2934 410 2970 jectam.
443 2935 691 2965 SCHAEFER.
739 2934 772 2964 δὲ
789 2935 893 2966 omisit
908 2935 1051 2965 Vl'alzius
1068 2935 1129 2965 vol.
1146 2944 1175 2973 9.
1195 2945 1226 2974 p.
1244 2943 1314 2974 595.
