1934 3179
299 132 383 173 566
695 134 773 174 DE
810 135 1003 175 FALSA
1038 135 1400 176 LEGATIONE.

297 236 460 287 ῥήτορας
479 239 769 288 πρεσβεύοντας
790 237 869 278 ἔσω
891 241 958 280 τὰς
979 244 1112 290 χεῖρας
1132 238 1253 291 ἔχειν,
1277 239 1320 278 οὐ
1340 239 1416 289 μὴν
1438 240 1478 289 ἐξ
1499 239 1668 292 ἀνάγκης
1689 243 1802 291 δημη-

298 296 522 387 ἰοριίἓντας.
584 293 642 333 Et
666 295 953 347 Hermogenes
975 309 1138 347 quoque
1160 309 1196 347 p.
1228 296 1271 333 16
1274 306 1311 347 5.
1337 295 1437 335 edit.
1461 295 1595 335 Porti.
1658 295 1804 335 TAY-

355 415 451 451 421,
480 406 539 443 18.
571 407 772 454 προτείνας
804 406 864 444 καὶ
887 405 1088 458 ὑποσχὼν]
1122 410 1321 456 προτεῖναι
1349 406 1418 455 τὴν
1445 410 1559 457 χεῖρα
1580 406 1731 446 dicitur
1756 406 1804 453 is,

299 459 367 512 qui
389 474 555 499 manum
578 474 695 499 suam
716 460 881 513 planam
903 465 945 500 et
965 460 1176 513 explosam
1196 475 1337 500 versus
1362 460 1605 514 largitorem
1625 461 1804 516 porrigit

299 529 428 567 eoque
449 520 569 568 gestu
591 529 739 554 munus
762 515 878 568 quasi
900 521 1099 569 provocat
1126 521 1254 570 atque
1280 516 1486 570 proritat:
1520 519 1712 570 ὑποσχεῖν
1733 531 1805 557 au-

298 575 383 609 tem
405 570 558 610 dicitur
579 571 647 624 qui
669 571 808 611 manui
831 572 990 611 datoris
1016 572 1092 611 sibi
1116 572 1349 612 occurrenti
1381 586 1499 612 suam
1522 587 1691 612 manum
1713 587 1806 626 sup-

299 626 431 678 ponit,
456 641 537 678 quo
559 627 741 666 dandum
762 642 912 666 munus
934 627 1127 680 excipiat.
1190 628 1382 667 REISK.

354 694 452 732 421,
482 695 547 723 22.
581 683 766 736 πιλίδιον]
803 683 915 722 Plut.
933 684 986 722 V.
1007 683 1145 722 Solon.
1168 698 1201 723 c.
1226 684 1262 723 8.
1296 685 1455 735 ἐλεγεῖα
1483 685 1525 723 δὲ
1559 684 1686 735 κρύφα
1717 701 1807 723 συν-

300 738 378 779 θεὶς
404 737 540 792 [Solo]
575 739 633 777 καὶ
667 739 897 789 μελετήσας,
927 741 1028 778 ὥστε
1060 740 1195 790 λέγειν
1226 739 1301 778 ἀπὸ
1335 740 1537 789 στόματος,
1569 739 1807 789 ἐξεπήδησεν

300 795 353 834 εἰς
374 793 443 842 τὴν
472 795 620 845 ἀγορὰν
648 795 759 845 ἄφνω
788 796 921 834 πιλίον
949 796 1209 845 περιθέμενος.
1242 796 1366 847 ὄχλου
1399 797 1439 834 δὲ
1466 798 1618 834 πολλοῦ
1645 798 1807 846 συνδρα-

298 850 449 898 μόντοῆ
473 851 625 898 ἀναβὰς
647 851 709 889 ἐπὶ
736 851 804 889 τὸν
825 854 892 889 τοῦ
921 851 1078 901 κήρυκος
1103 852 1228 896 λίθον,
1255 854 1298 890 ἐν
1325 850 1400 904 ᾠδῇ
1425 854 1600 900 διεξῆλθε
1626 850 1695 900 τὴν
1722 852 1805 890 ἐλε-

299 906 422 954 γείαν,
447 905 490 954 ἧς
513 907 620 944 ἐστιν
643 906 754 957 ἀρχή·

585 988 707 1029 Αὐτὸς
730 991 843 1039 κῆρυξ
863 990 985 1039 ἦλθον
1007 989 1073 1040 ἀφ’
1098 991 1248 1040 ἱμερτῆς
1270 993 1504 1039 Σαλαμῖνος,

641 1045 786 1094 κόσμον
807 1045 931 1084 ἐπέων
953 1045 1054 1099 ᾠδὴν
1075 1044 1157 1085 ἀντ’
1180 1047 1322 1096 ἀγορῆς
1344 1045 1518 1095 θέμενος.

299 1127 352 1166 ad
376 1141 496 1179 quem
519 1127 543 1166 1.
561 1126 717 1166 Coraes
739 1128 815 1166 vol.
838 1141 868 1167 1.
892 1143 930 1181 p.
948 1142 1044 1178 411.
1076 1129 1208 1167 πιλίον
1229 1127 1491 1178 περιθέμενος·
1523 1128 1572 1168 ὡς
1595 1130 1721 1166 νοσῶν
1742 1131 1805 1176 δη-

298 1184 441 1221 λονότι.
502 1182 593 1222 Ἐπὶ
615 1184 734 1236 τούτῳ
752 1186 825 1234 γὰρ
847 1185 973 1223 ἔοικεν
989 1185 1011 1233 ἡ
1033 1187 1098 1222 τοῦ
1120 1184 1251 1222 πιλίον
1267 1185 1464 1233 περίθεσις
1480 1184 1805 1232 ἐπιτετηδεῦσθαι,

299 1239 362 1277 ἵνα
383 1240 472 1287 δόξῃ
492 1239 725 1288 μαινόμενος
748 1241 959 1289 ἐκπηδῆσαι
974 1242 1040 1288 τῆς
1061 1240 1182 1280 οἰκίας
1197 1239 1267 1291 βίᾳ
1283 1243 1358 1277 τῶν
1376 1240 1670 1288 νοσηλευόντων
1690 1237 1808 1277 αὐτὸν

298 1295 462 1333 οἰκείων.
518 1293 678 1336 ’Ἄλλως
710 1298 783 1345 γὰρ
817 1295 1083 1346 ἐξηγήσασθαι
1115 1295 1158 1333 τὸ
1190 1295 1444 1345 προκείμενον
1473 1293 1512 1345 (δ
1541 1295 1603 1333 καὶ
1629 1297 1709 1335 τοῖς
1734 1293 1807 1343 πρὸ

299 1351 392 1398 ἐμοῦ
413 1350 649 1400 ἀνεξήγητον
670 1350 999 1401 παραλέλειπται)
1015 1351 1083 1390 οὐκ
1105 1351 1196 1402 ἔχω,
1218 1348 1240 1398 ἢ
1261 1350 1304 1388 τὸ
1327 1352 1394 1388 τοῦ
1410 1349 1623 1391 Πλάτωνος
1646 1352 1808 1401 (Πολιτ.

300 1408 342 1451 Γ,
364 1412 450 1444 σελ.
474 1408 577 1454 406)
601 1406 868 1456 παραθέμενος
900 1407 1043 1459 χωρίον
1076 1406 1192 1451 τουτὶ,
1225 1405 1359 1444 “Ἐᾶν
1381 1405 1423 1444 δέ
1450 1422 1505 1446 τις
1526 1404 1684 1458 [ἰατρὸς]
1708 1404 1808 1458 αὐτῷ

307 1462 375 1513 [τῷ
400 1462 598 1513 νοσοῦντι]
627 1465 776 1512 μακρὰν
798 1464 948 1501 δίαιταν
968 1461 1200 1515 προστάττῃ,
1224 1460 1406 1500 πιλίδιά
1427 1477 1468 1500 τε
1488 1461 1574 1511 περὶ
1596 1460 1665 1509 τὴν
1687 1466 1806 1510 κεφα-

299 1517 374 1564 λὴν
403 1517 666 1566 περιτιθεὶς,
690 1518 750 1556 καὶ
782 1520 830 1556 τὰ
860 1519 1006 1558 τούτοις
1039 1518 1223 1566 ἑπόμενα,
1244 1517 1343 1568 ταχὺ
1375 1516 1494 1564 εἶπεν,
1518 1517 1575 1555 ὅτι
1606 1516 1650 1555 οὐ
1681 1515 1809 1567 σχολὴ

301 1572 458 1621 κάμνειν
481 1590 512 1611 κ.
531 1589 562 1611 τ.
585 1572 648 1611 >U
702 1572 820 1612 ’Έστι
842 1575 881 1612 δὲ
903 1574 946 1612 τὸ
969 1574 1101 1612 πιλίον
1122 1572 1143 1621 ἢ
1166 1574 1334 1611 πιλίδιον
1357 1574 1491 1622 ἐρεοῦν
1514 1573 1687 1622 κεφαλῆς
1707 1571 1809 1621 περί-

299 1631 397 1677 θεμα
421 1645 451 1666 κ.
476 1644 507 1666 τ.
530 1633 566 1666 λ.
632 1627 854 1668 Verissima
875 1628 976 1667 haec
1005 1628 1130 1667 etiam
1156 1627 1448 1666 Demosthenis
1475 1627 1579 1675 loco,
1601 1627 1670 1680 qui
1693 1630 1809 1666 totus

299 1683 452 1735 pendet
473 1684 526 1723 ab
550 1683 616 1722 illa
638 1683 688 1723 de
711 1683 862 1723 Solone
883 1683 1205 1731 narratiuncula,
1228 1683 1360 1721 lucem
1386 1683 1632 1722 accendunt.
1695 1681 1808 1721 Scili-

298 1744 364 1778 cet
387 1739 733 1791 quemadmodum
753 1739 878 1778 Solon
896 1740 1149 1789 σκηψάμενος
1167 1739 1351 1777 ἔκστασιν
1367 1742 1443 1777 τῶν
1459 1741 1660 1789 λογισμῶν
1676 1738 1809 1776 πιλίον

297 1795 548 1844 περιθέμενος
571 1795 807 1844 ἐξεπήδησεν
830 1797 881 1837 εἰς
902 1796 972 1844 τὴν
989 1796 1151 1846 ἀγορὰν,
1165 1799 1211 1832 ut
1228 1793 1335 1833 cives
1352 1795 1597 1833 accenderet
1618 1792 1672 1832 ad
1695 1792 1793 1832 Sala

297 1850 448 1889 minem
482 1850 823 1903 recuperandam,
857 1851 917 1890 ita
953 1850 1180 1889 Aeschines
1219 1849 1565 1900 προφασισάμενος
1597 1850 1811 1899 ἀρρωστεῖν

300 1910 358 1958 (p.
382 1918 475 1958 379ἡ
507 1908 587 1957 13.)
621 1909 792 1946 πιλίδιον
813 1908 952 1956 λαβὼν
973 1908 1228 1956 περιενόστει,
1244 1910 1290 1944 ut
1316 1904 1587 1945 Demostheni
1610 1903 1810 1943 convicia-

298 1968 427 2001 retur.
490 1961 741 2001 SCHAEF.

355 2029 451 2067 421„
478 2029 539 2068 27.
568 2019 631 2056 28.
668 2017 912 2068 τοίη-ἕχει]
956 2016 1071 2056 Haec
1093 2020 1264 2068 παρῳδεῖ
1284 2016 1502 2069 Aristoph.
1526 2017 1606 2068 Eq.
1635 2025 1811 2068 1173.—

308 2087 316 2111 1
338 2075 423 2124 176.

410 2149 498 2189 Ἀλ.
584 2150 612 2189 ὦ
635 2150 716 2201 δῆμ’
737 2152 907 2202 ἐναργῶς
925 2150 947 2199 ἡ
970 2150 1058 2191 θεός
1080 2150 1114 2188 σ’
1141 2151 1358 2196 ἐπισκοπεῖ,

585 2208 645 2245 καὶ
668 2211 736 2246 νῦν
757 2207 938 2257 ὑπερέχει
960 2222 1033 2244 σου
1054 2207 1200 2257 χύτραν
1222 2206 1345 2255 ζωμοῦ
1366 2204 1506 2243 πλέαν.

413 2268 484 2311 Δη.
580 2264 650 2301 οἵει
672 2265 745 2313 γὰρ
768 2260 925 2301 οἰκεῖσθ’
948 2261 996 2300 ἂν
1017 2261 1077 2300 ἔτι
1098 2261 1211 2310 τήνδε
1232 2261 1301 2310 τὴν
1324 2261 1452 2307 πόλιν,

586 2320 619 2356 εἰ
638 2319 688 2367 μὴ
711 2321 888 2368 φανερῶς
907 2317 1013 2366 ἡμῶν
1033 2318 1213 2368 ὑπερεῖχε
1235 2317 1305 2365 τὴν
1324 2317 1495 2368 χύτραν;

301 2390 350 2427 V.
379 2389 542 2429 Hemst.
565 2389 617 2428 ad
643 2388 812 2428 Lucian.
837 2388 912 2427 vol.
938 2402 970 2426 1.
994 2403 1032 2441 p.
1058 2402 1143 2440 119.
1207 2387 1466 2427 TAYLOR.

363 2485 461 2523 421,
493 2484 556 2522 27.
594 2474 676 2521 τοίη
708 2474 781 2523 γὰρ
809 2471 1032 2522 μεγάθυμος
1061 2489 1091 2510 κ.
1115 2488 1146 2510 τ.
1169 2471 1228 2523 λ.]
1270 2469 1411 2509 Iliadis
1432 2481 1471 2521 5,
1497 2469 1589 2507 828.
1611 2468 1702 2521 ipsa
1730 2466 1811 2506 Mi-

298 2543 423 2568 nerva
449 2529 502 2567 ad
526 2527 795 2566 Diomedem:
829 2528 912 2575 τοίη
934 2543 993 2566 τοι
1016 2528 1117 2578 ἐγὼν
1139 2527 1389 2577 ἐπιτάρροθός
1412 2527 1499 2574 εἶμι.
1562 2522 1810 2563 SOHAEF.

354 2597 450 2634 422„
480 2584 540 2623 18.
572 2586 614 2623 ἐν
636 2585 815 2625 συνόδοις
836 2588 954 2622 verto
976 2583 1020 2622 ιἰι
1046 2582 1226 2633 conflictu
1244 2596 1255 2619 .·
1289 2586 1369 2622 τοῖς
1391 2582 1565 2620 ἀδικοῦσι
1586 2583 1727 2618 autem
1747 2582 1812 2617 est

298 2641 464 2680 dativus
492 2654 613 2692 quem
641 2638 754 2679 dicas
784 2638 1048 2678 incommodi.
1083 2637 1333 2678 SCHAEF.
1396 2642 1418 2658 ‘⁶
1439 2635 1613 2675 Wastes
1634 2648 1750 2687 away
1769 2633 1811 2673 in

300 2696 489 2735 conflicts
512 2695 611 2735 with
645 2695 765 2734 those
788 2695 878 2734 who
901 2708 1043 2748 wrong
1069 2694 1179 2734 their
1212 2692 1390 2731 kindred
1422 2691 1506 2731 and
1538 2689 1731 2730 frie11ds.”
1792 2688 1811 2727 I

300 2751 489 2791 conceive
522 2752 594 2790 the
628 2750 765 2790 dative
801 2754 879 2792 τοῖς
912 2751 970 2789 ἆδ.
1007 2749 1041 2789 is
1077 2747 1387 2803 appropriately
1420 2746 1629 2801 governed
1664 2745 1710 2784 of
1740 2744 1811 2784 the

302 2807 439 2847 verbal
472 2808 646 2847 σύνοδος.
701 2808 762 2845 As
794 2807 942 2855 πότμον
975 2810 1140 2846 κλεινοῖς
1168 2805 1490 2852 Λαβδακίδαισιν,
1517 2801 1641 2854 Soph.
1666 2799 1811 2853 Antig.

307 2865 400 2901 8150.
462 2862 771 2901 SHILLETO.

362 2930 456 2971 423„
488 2929 547 2969 17.
582 2916 855 2957 ὑπακούσαντά
887 2915 954 2956 τιν’
978 2916 1110 2967 αὐτοῦ]
1148 2915 1355 2968 Aliquem,
1385 2913 1452 2966 qui
1485 2927 1583 2953 aure
1615 2911 1669 2952 ad
1700 2924 1811 2950 seras
