1935 3205
572 130 732 169 l'lllLl
749 129 916 167 l’l‘wA
955 128 1216 177 ‹.2L'.›x1{'1‘.-x.
1563 133 1646 170 5205)

202 249 289 285 144,
314 237 351 274 6.
375 236 498 273 ὄντων
521 233 549 272 ’θ’
574 234 674 284 ctu]
705 233 821 272 (fitat,
846 232 883 270 h.
905 232 927 269 l.
954 231 1164 271 Aristides
1188 246 1225 283 p.
1258 233 1344 281 184.
1412 232 1600 270 REISK.

202 303 288 339 144,
322 302 378 328 10.
403 290 615 340 ἆργότατα]
646 289 764 328 (fons.
794 288 895 326 l’llil.
924 287 978 326 ll.
1002 302 1039 339 p.
1065 290 1130 331 66,
1163 289 1220 324 16.
1289 287 1454 325 l)()l3R.

199 359 289 395 144,
320 358 377 383 11.
402 345 544 396 ὠνίων]
575 346 691 383 (jons.
715 344 913 383 Cherson.
936 357 974 395 p.
1007 346 1094 388 106,
1125 356 1185 393 ¹5·
1250 342 1418 381 holm.

201 415 288 451 144,
314 406 374 439 Ιώ.
399 403 516 439 πόλιν
537 399 845 449 δ’-δοκιμάζειν
866 399 942 450 δεῖ]
973 398 1086 436 Ordo
1109 398 1174 436 1110
1192 404 1281 437 est:
1317 399 1360 437 οὐ
1380 401 1434 447 μὰ
1452 401 1530 437 Δία
1552 402 1650 438 δοκι-

135 457 267 506 μάζειν
289 459 349 494 δεῖ
369 457 407 494 ἐκ
430 460 506 494 τῶν
528 456 666 498 ὠνίων,
683 457 716 494 εἰ
738 458 856 493 ταῦτα
879 458 1004 495 καλῶς
1025 454 1121 505 ἔχει,
1145 455 1275 499 πόλιν,
1292 454 1338 502 ἣν
1361 455 1519 499 ἐκεῖνος,
1540 454 1581 496 ὃς
1603 455 1651 493 ἂν

138 513 197 552 ἀεὶ
216 513 408 561 βούληται
430 513 566 562 ἄρχειν
596 516 672 550 τῶν
692 509 913 558 Ἑλλήνων,
938 511 1132 559 ὑπείληφε
1154 510 1278 558 μόνην
1299 510 1345 548 ἂν
1373 511 1651 558 ἐναντιωθῆναι

137 577 216 607 ete.
241 567 283 605 τὸ
316 567 374 605 ἀεὶ
408 566 658 619 peculiarem
692 566 771 604 vim
805 565 869 604 1110
902 565 1030 604 habet
1061 571 1103 604 et
1135 566 1314 604 refertur
1344 565 1398 603 ad
1430 566 1570 605 omnia
1602 580 1651 604 ea

137 629 339 675 tempora,
364 623 513 675 quibus
535 622 721 661 existunt
743 635 1012 673 oppressores
1033 621 1254 659 libertatis.
1319 620 1510 660 WoLF.

200 691 288 729 145,
311 691 348 729 3.
373 681 484 730 ἄχρις
504 677 889 728 οὗ-διεπιστεύετο]
925 677 1134 729 Tantisper
1154 677 1189 714 ei
1207 677 1313 727 fides
1336 676 1562 724 habebatur,
1586 677 1651 715 (Ιο-

136 747 203 772 nec
232 735 350 773 victos
384 732 595 773 victoribus
634 739 891 785 eoeaequctsset.
956 732 1112 771 Persici
1149 746 1268 783 reges
1304 733 1503 772 beneficia
1537 733 1575 771 in
1609 747 1652 771 se

137 789 289 829 collata
303 789 342 827 in
358 789 678 828 connnentarios
693 790 940 835 referebant,
957 794 1003 828 ut
1021 788 1131 827 nulla
1145 788 1346 840 temporis
1367 788 1650 840 longinquitas

136 845 298 898 gratiae
331 849 538 884 statueret
571 845 750 883 modum.
815 844 895 883 Sed
919 844 1068 883 Graeci
1100 848 1213 883 certe
1234 844 1356 882 nimis
1379 844 1579 896 ingratos,
1605 850 1649 882 ut

138 901 214 939 11οο
236 900 325 939 loco
348 900 652 941 Demosthenes
675 904 718 939 et
740 899 781 938 in
805 899 1063 952 Panegyrico
1089 899 1296 938 Isocrates
1318 899 1520 946 meminit,
1535 905 1578 939 et
1600 914 1649 938 ex

138 956 321 995 historiis
346 960 536 1009 appa-ret,
560 971 604 995 se
634 955 711 995 illis
744 956 1053 1008 praebuerunt:
1087 955 1165 994 etsi
1200 954 1398 994 insidiosa
1422 960 1488 1005 (nt
1510 969 1651 993 verum

137 1011 290 1063 fatear)
322 1012 485 1051 illorum
515 1013 593 1052 fuit
624 1011 853 1052 liberalitas
886 1025 960 1050 nec
993 1011 1074 1050 alia
1106 1011 1283 1050 fortasse
1316 1010 1650 1049 remuneratione

138 1067 276 1121 digna.
342 1068 532 1108 WOLF.

200 1137 294 1176 145,
316 1126 355 1163 6.
390 1125 555 1176 οἰκείως]
585 1124 864 1177 Oomparatur
885 1123 1109 1162 hodiernus
1131 1137 1268 1161 rerum
1291 1124 1546 1162 Graecarum
1569 1127 1652 1161 sta-

138 1184 207 1218 tus
228 1194 321 1218 011111
352 1179 539 1232 pristino.
602 1180 710 1218 Olim
734 1180 957 1219 Persarum
990 1193 1062 1217 rex
1091 1179 1282 1217 omnibus
1305 1178 1475 1218 Graecis
1498 1177 1651 1216 invisus

139 1239 182 1274 et
203 1235 453 1287 suspiciosus
486 1239 589 1282 erat,
614 1250 745 1288 neque
779 1240 871 1274 erat
893 1235 1053 1281 civitas,
1077 1249 1183 1286 quae
1214 1249 1306 1273 eum
1335 1249 1382 1272 eo
1405 1234 1651 1272 societatem

138 1290 275 1337 iniret,
299 1291 375 1329 nisi
398 1296 545 1330 coacta
567 1302 607 1330 et
630 1292 683 1330 ad
701 1292 823 1330 breve
841 1295 1005 1342 tempus
1025 1307 1032 1329 :
1066 1304 1174 1328 nunc
1192 1305 1213 1328 e
1235 1289 1447 1328 contrario
1465 1288 1651 1328 amicitia

140 1345 249 1385 inter
281 1361 374 1385 eum
411 1351 629 1400 totamque
662 1347 882 1386 Graeciam
915 1346 1083 1394 coaluit,
1115 1345 1271 1385 scilicet
1306 1345 1358 1384 ob
1392 1359 1651 1384 communem

139 1407 296 1442 metum
322 1402 577 1442 Macedonis.
642 1401 975 1443 SGHAEFER.

197 1458 258 1496 καὶ
309 1458 464 1497 πάντων
512 1459 652 1507 ἥκιστα
700 1457 810 1512 ἡμῖν]
874 1458 1104 1510 Exspectcs
1152 1458 1259 1496 ἀλλὰ
1306 1456 1463 1496 πάντων
1512 1458 1653 1505 ἥκιστα

139 1514 239 1563 ἡμῖν.
301 1513 383 1553 Sed
405 1514 553 1553 Graeci
580 1514 807 1566 scriptores
838 1513 1148 1553 enuntiationes
1168 1517 1382 1566 negantes.
1405 1526 1580 1564 quarum
1603 1511 1654 1550 de

138 1583 288 1622 genere
318 1574 463 1608 nostra
494 1575 569 1616 est.
592 1569 802 1610 aientibus
833 1583 1031 1622 persaepe
1057 1569 1240 1621 jungunt
1268 1582 1342 1621 per
1376 1567 1653 1620 copulativam

142 1627 213 1664 καί.
277 1625 330 1664 V.
353 1639 459 1678 quae
490 1626 769 1679 congessimus
789 1640 866 1679 ego
894 1626 947 1665 ad
975 1624 1101 1664 schol.
1126 1624 1319 1677 Apollon.
1344 1623 1477 1662 Rhod.
1502 1638 1538 1676 p.
1562 1626 1653 1662 213.

140 1684 182 1720 et
203 1681 427 1721 Jacobsius
448 1682 502 1720 ad
525 1682 753 1735 Antholog.
779 1681 914 1721 l’alat.
939 1696 976 1733 p.
1001 1682 1094 1731 726.
1129 1679 1461 1719 SUHAEFER.

195 1737 353 1790 ἥκιστα]
404 1740 542 1787 ἥκιστα
581 1737 711 1777 etiam
752 1737 792 1776 in
835 1736 1023 1776 Bavarici
1066 1741 1185 1775 texto
1227 1741 1302 1781 est,
1339 1735 1410 1774 sed
1460 1735 1500 1773 in
1547 1748 1655 1773 mar-

139 1791 233 1845 gine
255 1793 367 1838 πάνυ,
392 1793 574 1839 dubium.
598 1798 739 1833 utrum
761 1793 926 1833 varians
952 1792 1087 1840 lectio,
1111 1806 1164 1831 an
1186 1791 1398 1830 scholium.
1460 1790 1654 1829 REISK.

142 1847 221 1888 Est
255 1848 477 1888 scholium:
514 1849 586 1888 sed
618 1850 812 1889 addenda
846 1849 883 1888 ei
916 1848 1083 1901 negatio
1115 1848 1172 1894 οὐ,
1203 1861 1285 1899 qua
1314 1846 1424 1885 idem
1455 1846 1656 1885 scholium

141 1903 267 1943 etiam
287 1904 384 1944 alibi
408 1910 534 1944 caret.
569 1905 762 1945 Timaeus
778 1905 879 1944 Lex.
900 1904 1064 1943 Pla-ton.
1081 1918 1119 1956 p.
1140 1916 1230 1955 131.
1255 1901 1446 1941 ‘'Huc-ra.
1476 1902 1519 1940 οὐ
1540 1902 1654 1940 πάνυ.

142 1958 437 2000 Ruhnkenius:
493 1966 515 1982 ‘⁶
540 1961 827 2015 Negationem,
871 1974 976 2014 quae
1017 1958 1241 2005 exciderat,
1284 1957 1492 1996 restitui?
1568 1956 1657 1995 Nisi

141 2014 248 2055 forte
281 2016 465 2069 ipsorum
503 2017 872 2070 grammaticorum
909 2014 1045 2068 turpis
1081 2019 1145 2053 est
1178 2027 1304 2057 error.¹
1334 2013 1483 2065 quibus
1519 2013 1658 2061 ἥκιστα

142 2069 250 2110 idem
270 2085 358 2110 esse
380 2071 590 2111 videretur
611 2073 721 2125 quod
743 2073 856 2111 πάνυ.
918 2071 1083 2110 Scilicet
1105 2069 1147 2107 in
1170 2069 1331 2107 Aneed.
1352 2068 1484 2107 Bekk.
1502 2083 1541 2120 p.
1568 2079 1655 2119 147„

143 2140 179 2179 9.
211 2126 312 2166 haec
333 2128 529 2181 leguntur
549 2128 729 2180 permira
751 2140 1002 2181 prorsusque
1026 2126 1208 2165 absona:
1237 2123 1436 2162 “Ham-a:
1471 2124 1556 2162 ἀντὶ
1591 2127 1658 2162 τοῦ

141 2182 324 2232 οὐδαμῶς.
372 2186 392 2221 ὁ
415 2185 455 2222 δὲ
479 2183 736 2232 Δημοσθένης
758 2185 801 2222 ἐν
828 2183 1027 2233 διαφόροις
1054 2182 1210 2232 χωρίοις
1233 2180 1427 2231 ἐχρήσατο
1449 2179 1549 2231 αὐτῷ
1572 2180 1658 2217 ἀντὶ

142 2240 208 2276 τοῦ
242 2238 355 2278 πάνυ.
419 2239 557 2278 Velles
590 2239 719 2278 citata
754 2239 922 2288 διάφορα
958 2237 1025 2276 illa
1059 2237 1204 2288 χωρία;
1254 2234 1323 2287 qui
1358 2234 1466 2274 enim
1501 2234 1659 2273 citatur

142 2291 254 2332 locus
275 2308 313 2346 p.
334 2305 426 2346 252,
454 2307 530 2346 23..
554 2295 755 2347 ejusmodi
782 2299 857 2335 est.
883 2299 926 2332 ut
954 2291 1276 2346 grammaticum
1302 2290 1370 2329 illa
1394 2298 1467 2330 aut
1498 2289 1659 2329 ebrium

141 2352 215 2387 aut
236 2349 340 2388 male
361 2363 507 2389 sanum
529 2350 741 2402 scripsisse
763 2349 992 2402 suspiceris.
1056 2346 1388 2387 SCHAEFER.

207 2417 293 2456 145.
318 2406 354 2443 8.
386 2405 603 2458 ἀφεστᾶσι]
649 2405 737 2444 Nisi
770 2405 900 2451 fallor,
936 2410 998 2443 est
1030 2403 1283 2454 sffjemmrunt
1315 2415 1352 2440 se-
1384 2416 1408 2440 α
1449 2407 1660 2440 ceterorum

141 2459 340 2498 societate:
411 2465 457 2499 ut
508 2461 563 2500 sit
618 2460 728 2500 idem
787 2460 897 2514 quod
953 2460 1143 2510 γεγόνασι
1199 2455 1281 2496 καθ’
1335 2457 1471 2497 αὐτοὺς
1521 2471 1556 2495 v.
1596 2469 1657 2494 11.

143 2513 472 2554 SOHAEFER.

203 2582 293 2621 145,
322 2584 384 2610 ¹0·
423 2572 493 2622 οὐχ
530 2572 580 2613 ὡς
613 2570 711 2624 ἔδει]
747 2571 876 2611 Recte
909 2571 1128 2623 Augerus:
1162 2581 1269 2607 secus
1300 2580 1419 2620 quam
1450 2564 1657 2618 oportebat.

143 2623 207 2662 De
246 2625 323 2664 hae
366 2625 553 2671 formula.
587 2627 658 2678 οὐχ
702 2627 761 2668 ὡς,
797 2642 832 2666 v.
868 2625 1090 2665 Heindorf.
1129 2623 1183 2662 ad
1227 2621 1418 2661 Platonis
1455 2621 1582 2672 Gorg.
1618 2635 1657 2672 p.

145 2691 240 2730 259.
285 2685 327 2719 et
359 2681 413 2720 ad
450 2681 674 2734 Protagor.
705 2695 746 2733 p.
777 2695 874 2734 574.
937 2680 1023 2718 Nos
1059 2679 1204 2717 eodem
1240 2677 1388 2715 modo:
1438 2675 1543 2714 m'cht
1575 2676 1658 2714 wie.

206 2803 293 2842 145,
321 2803 384 2843 13.
418 2796 492 2830 τῶν
512 2790 760 2840 Ἱῧλληνικῶν
782 2789 1038 2840 πραγμάτων]
1073 2788 1120 2827 Ρ.
1146 2801 1232 2837 144.
1254 2798 1318 2837 27.
1351 2788 1398 2825 τὰ
1419 2789 1495 2824 τῶν
1515 2784 1660 2833 εΕλλή-

144 2860 234 2884 νων.
295 2845 449 2885 Statim
476 2846 654 2885 recurrit
682 2847 830 2886 eadem
854 2845 1031 2884 locutio:
1077 2842 1306 2896 cujusmodi
1337 2839 1657 2894 repetitionibus

144 2898 467 2941 Demosthenica
489 2901 624 2941 oratio
646 2902 843 2941 abstinet.
906 2897 1238 2940 SCHAEFER.

885 2970 906 2992 P
