<?xml version="1.0" encoding="UTF-8"?>
<!DOCTYPE html PUBLIC "-//W3C//DTD XHTML 1.0 Transitional//EN"
    "http://www.w3.org/TR/xhtml1/DTD/xhtml1-transitional.dtd">
<html xmlns="http://www.w3.org/1999/xhtml" xml:lang="en" lang="en">
 <head>
  <title>
</title>
<meta http-equiv="Content-Type" content="text/html;charset=utf-8" />
  <meta name='ocr-system' content='tesseract 3.04.00' />
  <meta name='ocr-capabilities' content='ocr_page ocr_carea ocr_par ocr_line ocrx_word'/>
</head>
<body>
  <div class='ocr_page' id='page_1' title='image "./operaexrecension05demouoft_0291.png"; bbox 0 0 1935 3205; ppageno 0'>
   <div class='ocr_carea' id='block_1_1' title="bbox 567 159 1642 208">
    <p class='ocr_par' dir='ltr' id='par_1_1' title="bbox 567 159 1642 208">
     <span class='ocr_line' id='line_1_1' title="bbox 567 159 1642 208; baseline 0 -11"><span class='ocrx_word' id='word_1_1' title='bbox 567 159 914 197; x_wconf 44' lang='lat' dir='ltr'><strong>Pllllill&#39;vwfx</strong></span> <span class='ocrx_word' id='word_1_2' title='bbox 954 159 1219 208; x_wconf 63' lang='lat' dir='ltr'><strong>QUARTA.</strong></span> <span class='ocrx_word' id='word_1_3' title='bbox 1566 161 1642 197; x_wconf 69' lang='lat'><strong>211</strong></span> 
     </span>
    </p>
   </div>
   <div class='ocr_carea' id='block_1_2' title="bbox 129 260 1664 2036">
    <p class='ocr_par' dir='ltr' id='par_1_2' title="bbox 129 260 1652 578">
     <span class='ocr_line' id='line_1_2' title="bbox 129 260 1649 315; baseline -0.001 -15"><span class='ocrx_word' id='word_1_4' title='bbox 129 262 472 315; x_wconf 75' lang='lat' dir='ltr'><strong>interrogatione,</strong></span> <span class='ocrx_word' id='word_1_5' title='bbox 497 262 583 299; x_wconf 80' lang='lat' dir='ltr'><strong>sine</strong></span> <span class='ocrx_word' id='word_1_6' title='bbox 613 261 890 314; x_wconf 68' lang='lat' dir='ltr'><strong>responsione,</strong></span> <span class='ocrx_word' id='word_1_7' title='bbox 915 275 996 313; x_wconf 78' lang='lat' dir='ltr'><strong>quo</strong></span> <span class='ocrx_word' id='word_1_8' title='bbox 1028 261 1160 300; x_wconf 79' lang='lat' dir='ltr'><strong>lector</strong></span> <span class='ocrx_word' id='word_1_9' title='bbox 1186 262 1245 301; x_wconf 78' lang='lat' dir='ltr'><strong>vel</strong></span> <span class='ocrx_word' id='word_1_10' title='bbox 1277 262 1444 301; x_wconf 81' lang='lat' dir='ltr'><strong>auditor</strong></span> <span class='ocrx_word' id='word_1_11' title='bbox 1477 260 1649 312; x_wconf 53' lang='lat' dir='ltr'><strong>quisquc</strong></span> 
     </span>
     <span class='ocr_line' id='line_1_3' title="bbox 132 316 1649 370; baseline -0.003 -14"><span class='ocrx_word' id='word_1_12' title='bbox 132 317 260 356; x_wconf 83' lang='lat' dir='ltr'><strong>tacite</strong></span> <span class='ocrx_word' id='word_1_13' title='bbox 282 331 373 356; x_wconf 73' lang='lat' dir='ltr'><strong>eain</strong></span> <span class='ocrx_word' id='word_1_14' title='bbox 401 317 609 369; x_wconf 72' lang='lat' dir='ltr'><strong>subjiciat.</strong></span> <span class='ocrx_word' id='word_1_15' title='bbox 673 320 764 366; x_wconf 74' lang='lat' dir='ltr'><strong>Quo</strong></span> <span class='ocrx_word' id='word_1_16' title='bbox 790 317 845 355; x_wconf 88' lang='lat' dir='ltr'><strong>nil</strong></span> <span class='ocrx_word' id='word_1_17' title='bbox 873 321 937 356; x_wconf 79' lang='lat' dir='ltr'><strong>est</strong></span> <span class='ocrx_word' id='word_1_18' title='bbox 968 317 1080 356; x_wconf 80' lang='lat' dir='ltr'><strong>factu</strong></span> <span class='ocrx_word' id='word_1_19' title='bbox 1113 317 1282 365; x_wconf 75' lang='lat' dir='ltr'><strong>facilius,</strong></span> <span class='ocrx_word' id='word_1_20' title='bbox 1308 332 1351 355; x_wconf 71' lang='lat' dir='ltr'><strong>re</strong></span> <span class='ocrx_word' id='word_1_21' title='bbox 1383 318 1471 370; x_wconf 68' lang='lat' dir='ltr'><strong>ipsa</strong></span> <span class='ocrx_word' id='word_1_22' title='bbox 1503 316 1649 367; x_wconf 67' lang='lat' dir='ltr'><strong>«fuique</strong></span> 
     </span>
     <span class='ocr_line' id='line_1_4' title="bbox 132 371 1650 424; baseline -0.001 -14"><span class='ocrx_word' id='word_1_23' title='bbox 132 386 211 410; x_wconf 90' lang='lat' dir='ltr'><strong>non</strong></span> <span class='ocrx_word' id='word_1_24' title='bbox 245 372 483 411; x_wconf 79' lang='lat' dir='ltr'><strong>tardissimo</strong></span> <span class='ocrx_word' id='word_1_25' title='bbox 519 372 787 423; x_wconf 82' lang='lat' dir='ltr'><strong>subjiciente:</strong></span> <span class='ocrx_word' id='word_1_26' title='bbox 835 373 896 411; x_wconf 83' lang='grc' dir='ltr'><strong>καὶ</strong></span> <span class='ocrx_word' id='word_1_27' title='bbox 937 372 1037 424; x_wconf 74' lang='grc' dir='ltr'>αὐτῷ</span> <span class='ocrx_word' id='word_1_28' title='bbox 1078 374 1292 422; x_wconf 77' lang='grc' dir='ltr'>ἀρνεῖσθαι,</span> <span class='ocrx_word' id='word_1_29' title='bbox 1328 373 1388 411; x_wconf 75' lang='lat' dir='ltr'><strong>vel</strong></span> <span class='ocrx_word' id='word_1_30' title='bbox 1431 372 1492 410; x_wconf 65' lang='grc' dir='ltr'><strong>καὶ</strong></span> <span class='ocrx_word' id='word_1_31' title='bbox 1533 371 1650 409; x_wconf 81' lang='grc' dir='ltr'>αὐτὸν</span> 
     </span>
     <span class='ocr_line' id='line_1_5' title="bbox 132 426 1649 480; baseline -0.001 -14"><span class='ocrx_word' id='word_1_32' title='bbox 132 428 247 466; x_wconf 85' lang='grc' dir='ltr'>ταύτὸ</span> <span class='ocrx_word' id='word_1_33' title='bbox 289 431 427 467; x_wconf 84' lang='grc' dir='ltr'>ποιεῖν.</span> <span class='ocrx_word' id='word_1_34' title='bbox 468 428 659 466; x_wconf 69' lang='lat' dir='ltr'>REISK.</span> <span class='ocrx_word' id='word_1_35' title='bbox 723 427 960 480; x_wconf 70' lang='lat' dir='ltr'><strong>Simplicius</strong></span> <span class='ocrx_word' id='word_1_36' title='bbox 999 428 1218 479; x_wconf 74' lang='lat' dir='ltr'><strong>Augerus:</strong></span> <span class='ocrx_word' id='word_1_37' title='bbox 1274 434 1296 449; x_wconf 70' lang='lat'><strong>‘⁶</strong></span> <span class='ocrx_word' id='word_1_38' title='bbox 1318 427 1517 479; x_wconf 76' lang='grc' dir='ltr'>προσήκει,</span> <span class='ocrx_word' id='word_1_39' title='bbox 1561 426 1649 464; x_wconf 80' lang='lat' dir='ltr'><strong>sub.</strong></span> 
     </span>
     <span class='ocr_line' id='line_1_6' title="bbox 131 480 1652 535; baseline -0.001 -14"><span class='ocrx_word' id='word_1_40' title='bbox 131 483 295 522; x_wconf 76' lang='grc' dir='ltr'>ποιεῖν.”</span> <span class='ocrx_word' id='word_1_41' title='bbox 375 485 621 535; x_wconf 71' lang='lat' dir='ltr'><strong>Quanquam</strong></span> <span class='ocrx_word' id='word_1_42' title='bbox 683 497 733 521; x_wconf 86' lang='lat' dir='ltr'><strong>ne</strong></span> <span class='ocrx_word' id='word_1_43' title='bbox 797 483 873 521; x_wconf 88' lang='lat' dir='ltr'><strong>hoc</strong></span> <span class='ocrx_word' id='word_1_44' title='bbox 930 483 1095 535; x_wconf 81' lang='lat' dir='ltr'><strong>quidem</strong></span> <span class='ocrx_word' id='word_1_45' title='bbox 1147 497 1250 535; x_wconf 82' lang='lat' dir='ltr'><strong>opus</strong></span> <span class='ocrx_word' id='word_1_46' title='bbox 1300 489 1365 523; x_wconf 77' lang='lat' dir='ltr'><strong>est</strong></span> <span class='ocrx_word' id='word_1_47' title='bbox 1422 480 1652 522; x_wconf 72' lang='lat' dir='ltr'><strong>subaudiri.</strong></span> 
     </span>
     <span class='ocr_line' id='line_1_7' title="bbox 132 538 465 578; baseline -0.006 0"><span class='ocrx_word' id='word_1_48' title='bbox 132 538 238 578; x_wconf 75' lang='lat' dir='ltr'><strong>SCH</strong></span> <span class='ocrx_word' id='word_1_49' title='bbox 248 539 287 577; x_wconf 81' lang='lat' dir='ltr'><strong>A</strong></span> <span class='ocrx_word' id='word_1_50' title='bbox 296 538 410 577; x_wconf 57' lang='lat' dir='ltr'><strong>1⁴:1³]ss</strong></span> <span class='ocrx_word' id='word_1_51' title='bbox 420 538 465 577; x_wconf 72' lang='lat' dir='ltr'><strong>R.</strong></span> 
     </span>
    </p>

    <p class='ocr_par' dir='ltr' id='par_1_3' title="bbox 193 593 1271 646">
     <span class='ocr_line' id='line_1_8' title="bbox 193 593 1271 646; baseline 0 -14"><span class='ocrx_word' id='word_1_52' title='bbox 193 606 283 645; x_wconf 70' lang='lat'>147,</span> <span class='ocrx_word' id='word_1_53' title='bbox 310 594 373 633; x_wconf 81' lang='lat'><strong>28.</strong></span> <span class='ocrx_word' id='word_1_54' title='bbox 406 595 615 640; x_wconf 72' lang='grc' dir='ltr'>Φίλιππος,</span> <span class='ocrx_word' id='word_1_55' title='bbox 638 595 756 643; x_wconf 85' lang='grc' dir='ltr'>ἡμῶν,</span> <span class='ocrx_word' id='word_1_56' title='bbox 781 593 840 646; x_wconf 83' lang='grc' dir='ltr'>οὔ]</span> <span class='ocrx_word' id='word_1_57' title='bbox 879 593 929 632; x_wconf 78' lang='lat' dir='ltr'><strong>V.</strong></span> <span class='ocrx_word' id='word_1_58' title='bbox 954 595 1007 633; x_wconf 84' lang='lat' dir='ltr'><strong>ad</strong></span> <span class='ocrx_word' id='word_1_59' title='bbox 1031 609 1069 646; x_wconf 88' lang='lat' dir='ltr'><strong>p.</strong></span> <span class='ocrx_word' id='word_1_60' title='bbox 1093 607 1183 641; x_wconf 70' lang='lat'><strong>104,</strong></span> <span class='ocrx_word' id='word_1_61' title='bbox 1209 596 1271 633; x_wconf 85' lang='lat'><strong>16.</strong></span> 
     </span>
    </p>

    <p class='ocr_par' dir='ltr' id='par_1_4' title="bbox 131 648 1652 755">
     <span class='ocr_line' id='line_1_9' title="bbox 195 648 1652 702; baseline -0.001 -15"><span class='ocrx_word' id='word_1_62' title='bbox 195 661 283 701; x_wconf 80' lang='lat'>150,</span> <span class='ocrx_word' id='word_1_63' title='bbox 309 651 374 688; x_wconf 86' lang='lat'><strong>26.</strong></span> <span class='ocrx_word' id='word_1_64' title='bbox 408 650 516 688; x_wconf 80' lang='grc' dir='ltr'>ἀλλὰ</span> <span class='ocrx_word' id='word_1_65' title='bbox 548 650 592 698; x_wconf 77' lang='grc' dir='ltr'><strong>νὴ</strong></span> <span class='ocrx_word' id='word_1_66' title='bbox 616 651 694 688; x_wconf 87' lang='grc' dir='ltr'><strong>Δία</strong></span> <span class='ocrx_word' id='word_1_67' title='bbox 716 667 750 688; x_wconf 90' lang='grc' dir='ltr'><strong>κ.</strong></span> <span class='ocrx_word' id='word_1_68' title='bbox 769 666 799 687; x_wconf 87' lang='grc' dir='ltr'><strong>τ.</strong></span> <span class='ocrx_word' id='word_1_69' title='bbox 819 648 880 701; x_wconf 90' lang='grc' dir='ltr'><strong>λ.]</strong></span> <span class='ocrx_word' id='word_1_70' title='bbox 913 648 1134 701; x_wconf 78' lang='grc' dir='ltr'>Ὕποφορὰ,</span> <span class='ocrx_word' id='word_1_71' title='bbox 1158 664 1282 702; x_wconf 83' lang='lat' dir='ltr'><strong>quam</strong></span> <span class='ocrx_word' id='word_1_72' title='bbox 1305 665 1339 688; x_wconf 82' lang='lat' dir='ltr'><strong>v.</strong></span> <span class='ocrx_word' id='word_1_73' title='bbox 1366 650 1429 688; x_wconf 82' lang='lat'><strong>28.</strong></span> <span class='ocrx_word' id='word_1_74' title='bbox 1463 648 1652 701; x_wconf 78' lang='lat' dir='ltr'><strong>sequitur</strong></span> 
     </span>
     <span class='ocr_line' id='line_1_10' title="bbox 131 704 794 755; baseline -0.003 -11"><span class='ocrx_word' id='word_1_75' title='bbox 131 704 396 755; x_wconf 80' lang='grc' dir='ltr'>ἀνθυποφορά.</span> <span class='ocrx_word' id='word_1_76' title='bbox 459 705 542 743; x_wconf 77' lang='lat' dir='ltr'><strong>SC}</strong></span> <span class='ocrx_word' id='word_1_77' title='bbox 554 705 568 743; x_wconf 87' lang='lat' dir='ltr'><strong>l</strong></span> <span class='ocrx_word' id='word_1_78' title='bbox 578 706 613 743; x_wconf 74' lang='grc' dir='ltr'><strong>Λ</strong></span> <span class='ocrx_word' id='word_1_79' title='bbox 622 704 736 743; x_wconf 79' lang='lat' dir='ltr'><strong>EFE</strong></span> <span class='ocrx_word' id='word_1_80' title='bbox 748 705 794 742; x_wconf 70' lang='lat' dir='ltr'><strong>R.</strong></span> 
     </span>
    </p>

    <p class='ocr_par' dir='ltr' id='par_1_5' title="bbox 138 759 1650 854">
     <span class='ocr_line' id='line_1_11' title="bbox 198 759 1650 814; baseline -0.001 -17"><span class='ocrx_word' id='word_1_81' title='bbox 198 773 284 812; x_wconf 79' lang='grc'><strong>150,</strong></span> <span class='ocrx_word' id='word_1_82' title='bbox 309 772 373 812; x_wconf 84' lang='lat'><strong>27.</strong></span> <span class='ocrx_word' id='word_1_83' title='bbox 407 761 642 814; x_wconf 80' lang='grc' dir='ltr'>καταλῦσαι]</span> <span class='ocrx_word' id='word_1_84' title='bbox 691 760 855 799; x_wconf 81' lang='lat' dir='ltr'><strong>Scilicet</strong></span> <span class='ocrx_word' id='word_1_85' title='bbox 889 760 1069 805; x_wconf 82' lang='grc' dir='ltr'>σεαυτὸν,</span> <span class='ocrx_word' id='word_1_86' title='bbox 1105 759 1126 808; x_wconf 77' lang='grc' dir='ltr'>ἦ</span> <span class='ocrx_word' id='word_1_87' title='bbox 1161 762 1246 800; x_wconf 81' lang='grc' dir='ltr'>ἀντὶ</span> <span class='ocrx_word' id='word_1_88' title='bbox 1272 763 1339 798; x_wconf 78' lang='grc' dir='ltr'><strong>τοῦ</strong></span> <span class='ocrx_word' id='word_1_89' title='bbox 1373 761 1650 807; x_wconf 77' lang='grc' dir='ltr'>καταλυθῆναι.</span> 
     </span>
     <span class='ocr_line' id='line_1_12' title="bbox 138 815 327 854; baseline 0.011 -2"><span class='ocrx_word' id='word_1_90' title='bbox 138 815 327 854; x_wconf 83' lang='lat' dir='ltr'>WOLF.</span> 
     </span>
    </p>

    <p class='ocr_par' dir='ltr' id='par_1_6' title="bbox 133 869 1658 1256">
     <span class='ocr_line' id='line_1_13' title="bbox 199 869 1651 924; baseline -0.001 -15"><span class='ocrx_word' id='word_1_91' title='bbox 199 884 285 923; x_wconf 74' lang='lat'><strong>150,</strong></span> <span class='ocrx_word' id='word_1_92' title='bbox 312 872 375 910; x_wconf 84' lang='lat'><strong>28.</strong></span> <span class='ocrx_word' id='word_1_93' title='bbox 411 871 614 924; x_wconf 72' lang='grc' dir='ltr'>σοὶ-σοι]</span> <span class='ocrx_word' id='word_1_94' title='bbox 648 871 936 923; x_wconf 78' lang='lat' dir='ltr'>Hermogenes</span> <span class='ocrx_word' id='word_1_95' title='bbox 959 872 1102 923; x_wconf 69' lang='grc' dir='ltr'>κρκλον</span> <span class='ocrx_word' id='word_1_96' title='bbox 1122 870 1306 923; x_wconf 78' lang='lat' dir='ltr'><strong>appellat</strong></span> <span class='ocrx_word' id='word_1_97' title='bbox 1332 871 1440 910; x_wconf 87' lang='lat' dir='ltr'><strong>hanc</strong></span> <span class='ocrx_word' id='word_1_98' title='bbox 1462 869 1651 923; x_wconf 79' lang='lat' dir='ltr'><strong>figuram.</strong></span> 
     </span>
     <span class='ocr_line' id='line_1_14' title="bbox 137 926 1651 979; baseline -0.001 -15"><span class='ocrx_word' id='word_1_99' title='bbox 137 926 326 965; x_wconf 79' lang='lat' dir='ltr'><strong>WOLF.</strong></span> <span class='ocrx_word' id='word_1_100' title='bbox 372 926 443 965; x_wconf 86' lang='lat' dir='ltr'><strong>Ad</strong></span> <span class='ocrx_word' id='word_1_101' title='bbox 464 927 573 965; x_wconf 86' lang='lat' dir='ltr'><strong>hunc</strong></span> <span class='ocrx_word' id='word_1_102' title='bbox 595 940 758 965; x_wconf 83' lang='lat' dir='ltr'><strong>versum</strong></span> <span class='ocrx_word' id='word_1_103' title='bbox 780 926 1038 979; x_wconf 83' lang='lat' dir='ltr'><strong>adscriptum</strong></span> <span class='ocrx_word' id='word_1_104' title='bbox 1061 932 1125 966; x_wconf 83' lang='lat' dir='ltr'><strong>est</strong></span> <span class='ocrx_word' id='word_1_105' title='bbox 1147 927 1187 965; x_wconf 91' lang='lat' dir='ltr'><strong>in</strong></span> <span class='ocrx_word' id='word_1_106' title='bbox 1214 927 1361 966; x_wconf 75' lang='lat' dir='ltr'><strong>Bavar.</strong></span> <span class='ocrx_word' id='word_1_107' title='bbox 1385 943 1475 975; x_wconf 84' lang='grc' dir='ltr'>σημ.</span> <span class='ocrx_word' id='word_1_108' title='bbox 1500 927 1651 966; x_wconf 82' lang='grc' dir='ltr'>κύκλος.</span> 
     </span>
     <span class='ocr_line' id='line_1_15' title="bbox 136 981 1654 1051; baseline 0 -31"><span class='ocrx_word' id='word_1_109' title='bbox 136 982 783 1035; x_wconf 58' lang='grc' dir='ltr'><strong>Ηο1111οὲθ110311.194.κύκλος</strong></span> <span class='ocrx_word' id='word_1_110' title='bbox 808 983 971 1033; x_wconf 83' lang='grc' dir='ltr'>γίνεται,</span> <span class='ocrx_word' id='word_1_111' title='bbox 995 983 1103 1027; x_wconf 83' lang='grc' dir='ltr'>ὅταν,</span> <span class='ocrx_word' id='word_1_112' title='bbox 1128 981 1194 1051; x_wconf 85' lang='grc' dir='ltr'><strong>ἀφ’</strong></span> <span class='ocrx_word' id='word_1_113' title='bbox 1227 982 1271 1021; x_wconf 73' lang='grc' dir='ltr'>οὗ</span> <span class='ocrx_word' id='word_1_114' title='bbox 1296 999 1351 1023; x_wconf 81' lang='grc' dir='ltr'>τις</span> <span class='ocrx_word' id='word_1_115' title='bbox 1378 981 1538 1031; x_wconf 80' lang='grc' dir='ltr'>ἄρξηται</span> <span class='ocrx_word' id='word_1_116' title='bbox 1564 982 1654 1020; x_wconf 85' lang='grc' dir='ltr'>ὀνό-</span> 
     </span>
     <span class='ocr_line' id='line_1_16' title="bbox 133 1036 1656 1092; baseline 0.001 -16"><span class='ocrx_word' id='word_1_117' title='bbox 133 1054 253 1087; x_wconf 85' lang='grc' dir='ltr'>ματος</span> <span class='ocrx_word' id='word_1_118' title='bbox 273 1055 294 1087; x_wconf 75' lang='grc'><strong>7)</strong></span> <span class='ocrx_word' id='word_1_119' title='bbox 315 1037 495 1089; x_wconf 85' lang='grc' dir='ltr'>ῥήματος,</span> <span class='ocrx_word' id='word_1_120' title='bbox 513 1040 567 1079; x_wconf 83' lang='grc' dir='ltr'><strong>εἰς</strong></span> <span class='ocrx_word' id='word_1_121' title='bbox 591 1038 631 1076; x_wconf 82' lang='grc' dir='ltr'>τὸ</span> <span class='ocrx_word' id='word_1_122' title='bbox 649 1038 741 1077; x_wconf 83' lang='grc' dir='ltr'>αὐτὸ</span> <span class='ocrx_word' id='word_1_123' title='bbox 761 1037 956 1092; x_wconf 77' lang='grc' dir='ltr'>καταληξη</span> <span class='ocrx_word' id='word_1_124' title='bbox 973 1037 1107 1083; x_wconf 81' lang='grc' dir='ltr'>πάλιν,</span> <span class='ocrx_word' id='word_1_125' title='bbox 1125 1054 1219 1087; x_wconf 87' lang='grc' dir='ltr'>μητε</span> <span class='ocrx_word' id='word_1_126' title='bbox 1241 1041 1391 1076; x_wconf 80' lang='grc' dir='ltr'>πτῶσιν</span> <span class='ocrx_word' id='word_1_127' title='bbox 1408 1036 1656 1085; x_wconf 78' lang='grc' dir='ltr'>ἆλλάξας-,</span> 
     </span>
     <span class='ocr_line' id='line_1_17' title="bbox 135 1092 1656 1144; baseline -0.001 -12"><span class='ocrx_word' id='word_1_128' title='bbox 135 1094 229 1132; x_wconf 79' lang='grc' dir='ltr'>οἷον·</span> <span class='ocrx_word' id='word_1_129' title='bbox 277 1095 340 1133; x_wconf 88' lang='grc' dir='ltr'>σοὶ</span> <span class='ocrx_word' id='word_1_130' title='bbox 360 1095 433 1143; x_wconf 81' lang='grc' dir='ltr'><strong>μὲν</strong></span> <span class='ocrx_word' id='word_1_131' title='bbox 454 1095 528 1144; x_wconf 77' lang='grc' dir='ltr'><strong>γὰρ</strong></span> <span class='ocrx_word' id='word_1_132' title='bbox 550 1093 597 1143; x_wconf 88' lang='grc' dir='ltr'><strong>ἠν</strong></span> <span class='ocrx_word' id='word_1_133' title='bbox 615 1093 783 1141; x_wconf 84' lang='grc' dir='ltr'>κλέπτης</span> <span class='ocrx_word' id='word_1_134' title='bbox 805 1095 824 1132; x_wconf 87' lang='grc' dir='ltr'><em>ὁ</em></span> <span class='ocrx_word' id='word_1_135' title='bbox 846 1110 983 1143; x_wconf 86' lang='grc' dir='ltr'>πατηρ,</span> <span class='ocrx_word' id='word_1_136' title='bbox 1009 1095 1115 1143; x_wconf 84' lang='grc' dir='ltr'>εἴπερ</span> <span class='ocrx_word' id='word_1_137' title='bbox 1136 1094 1184 1142; x_wconf 83' lang='grc' dir='ltr'><strong>ἠν</strong></span> <span class='ocrx_word' id='word_1_138' title='bbox 1206 1094 1337 1142; x_wconf 86' lang='grc' dir='ltr'>ὅμοιος</span> <span class='ocrx_word' id='word_1_139' title='bbox 1358 1094 1434 1132; x_wconf 85' lang='grc' dir='ltr'>σοί.</span> <span class='ocrx_word' id='word_1_140' title='bbox 1483 1092 1559 1131; x_wconf 85' lang='grc' dir='ltr'><strong>ἀπὸ</strong></span> <span class='ocrx_word' id='word_1_141' title='bbox 1581 1094 1656 1142; x_wconf 77' lang='grc' dir='ltr'><strong>γὰρ</strong></span> 
     </span>
     <span class='ocr_line' id='line_1_18' title="bbox 135 1147 1658 1199; baseline -0.001 -11"><span class='ocrx_word' id='word_1_142' title='bbox 135 1165 179 1188; x_wconf 92' lang='grc' dir='ltr'>ου</span> <span class='ocrx_word' id='word_1_143' title='bbox 213 1149 352 1199; x_wconf 78' lang='grc' dir='ltr'>ἤρξατο</span> <span class='ocrx_word' id='word_1_144' title='bbox 387 1151 537 1199; x_wconf 86' lang='grc' dir='ltr'>μορίου,</span> <span class='ocrx_word' id='word_1_145' title='bbox 565 1165 629 1198; x_wconf 80' lang='grc' dir='ltr'>της</span> <span class='ocrx_word' id='word_1_146' title='bbox 661 1149 903 1197; x_wconf 82' lang='grc' dir='ltr'>ἀντωνυμίας</span> <span class='ocrx_word' id='word_1_147' title='bbox 937 1150 990 1189; x_wconf 85' lang='grc' dir='ltr'><strong>εἰς</strong></span> <span class='ocrx_word' id='word_1_148' title='bbox 1015 1149 1130 1188; x_wconf 79' lang='grc' dir='ltr'>ταύτὸ</span> <span class='ocrx_word' id='word_1_149' title='bbox 1164 1149 1316 1198; x_wconf 76' lang='grc' dir='ltr'>ἔληξεν.</span> <span class='ocrx_word' id='word_1_150' title='bbox 1350 1148 1398 1187; x_wconf 83' lang='lat' dir='ltr'><strong>P.</strong></span> <span class='ocrx_word' id='word_1_151' title='bbox 1423 1161 1516 1199; x_wconf 75' lang='lat'><strong>255.</strong></span> <span class='ocrx_word' id='word_1_152' title='bbox 1547 1147 1658 1186; x_wconf 83' lang='lat' dir='ltr'><strong>idem</strong></span> 
     </span>
     <span class='ocr_line' id='line_1_19' title="bbox 136 1203 1641 1256; baseline -0.001 -14"><span class='ocrx_word' id='word_1_153' title='bbox 136 1204 361 1244; x_wconf 87' lang='lat' dir='ltr'><strong>dictionem</strong></span> <span class='ocrx_word' id='word_1_154' title='bbox 382 1205 489 1244; x_wconf 82' lang='lat' dir='ltr'><strong>hanc</strong></span> <span class='ocrx_word' id='word_1_155' title='bbox 512 1204 552 1243; x_wconf 91' lang='lat' dir='ltr'><strong>in</strong></span> <span class='ocrx_word' id='word_1_156' title='bbox 574 1204 772 1256; x_wconf 84' lang='lat' dir='ltr'><strong>exemplis</strong></span> <span class='ocrx_word' id='word_1_157' title='bbox 794 1207 859 1253; x_wconf 86' lang='grc' dir='ltr'>τῆς</span> <span class='ocrx_word' id='word_1_158' title='bbox 880 1206 1146 1255; x_wconf 83' lang='grc' dir='ltr'>σφοδρότητος</span> <span class='ocrx_word' id='word_1_159' title='bbox 1166 1208 1397 1244; x_wconf 76' lang='lat' dir='ltr'>enumerat.</span> <span class='ocrx_word' id='word_1_160' title='bbox 1445 1203 1641 1242; x_wconf 81' lang='lat' dir='ltr'><strong>REISK.</strong></span> 
     </span>
    </p>

    <p class='ocr_par' dir='ltr' id='par_1_7' title="bbox 137 1259 1664 1810">
     <span class='ocr_line' id='line_1_20' title="bbox 199 1259 1658 1313; baseline 0 -15"><span class='ocrx_word' id='word_1_161' title='bbox 199 1272 288 1312; x_wconf 71' lang='lat'><strong>151,</strong></span> <span class='ocrx_word' id='word_1_162' title='bbox 318 1274 350 1299; x_wconf 86' lang='lat'><strong>1.</strong></span> <span class='ocrx_word' id='word_1_163' title='bbox 383 1263 427 1310; x_wconf 81' lang='grc' dir='ltr'>τῇ</span> <span class='ocrx_word' id='word_1_164' title='bbox 448 1261 563 1299; x_wconf 87' lang='grc' dir='ltr'>πόλει</span> <span class='ocrx_word' id='word_1_165' title='bbox 591 1259 620 1299; x_wconf 80' lang='grc' dir='ltr'><strong>δ’</strong></span> <span class='ocrx_word' id='word_1_166' title='bbox 644 1260 768 1312; x_wconf 85' lang='grc' dir='ltr'>ἡμῶν]</span> <span class='ocrx_word' id='word_1_167' title='bbox 810 1259 975 1299; x_wconf 75' lang='lat' dir='ltr'><strong>Scilicet</strong></span> <span class='ocrx_word' id='word_1_168' title='bbox 1005 1260 1172 1312; x_wconf 83' lang='grc' dir='ltr'>ὑπάρχει</span> <span class='ocrx_word' id='word_1_169' title='bbox 1202 1259 1363 1313; x_wconf 80' lang='grc' dir='ltr'>πατρῴα</span> <span class='ocrx_word' id='word_1_170' title='bbox 1394 1260 1455 1299; x_wconf 86' lang='grc' dir='ltr'><strong>καὶ</strong></span> <span class='ocrx_word' id='word_1_171' title='bbox 1485 1260 1658 1312; x_wconf 70' lang='grc' dir='ltr'>παππῴα</span> 
     </span>
     <span class='ocr_line' id='line_1_21' title="bbox 137 1314 1660 1369; baseline -0.001 -15"><span class='ocrx_word' id='word_1_172' title='bbox 137 1317 241 1364; x_wconf 75' lang='grc' dir='ltr'>δόξα.</span> <span class='ocrx_word' id='word_1_173' title='bbox 304 1315 392 1355; x_wconf 84' lang='lat' dir='ltr'><strong>Nisi</strong></span> <span class='ocrx_word' id='word_1_174' title='bbox 425 1316 613 1369; x_wconf 80' lang='lat' dir='ltr'><strong>placeat:</strong></span> <span class='ocrx_word' id='word_1_175' title='bbox 647 1318 692 1365; x_wconf 82' lang='grc' dir='ltr'>τῇ</span> <span class='ocrx_word' id='word_1_176' title='bbox 725 1317 840 1354; x_wconf 85' lang='grc' dir='ltr'>πόλει</span> <span class='ocrx_word' id='word_1_177' title='bbox 872 1317 909 1354; x_wconf 80' lang='grc' dir='ltr'>οἱ</span> <span class='ocrx_word' id='word_1_178' title='bbox 932 1314 1134 1364; x_wconf 67' lang='grc' dir='ltr'>’Έλληνες</span> <span class='ocrx_word' id='word_1_179' title='bbox 1159 1316 1379 1367; x_wconf 82' lang='grc' dir='ltr'>ὑπάρχουσι</span> <span class='ocrx_word' id='word_1_180' title='bbox 1409 1314 1660 1364; x_wconf 84' lang='grc' dir='ltr'>σεσωσμένοι</span> 
     </span>
     <span class='ocr_line' id='line_1_22' title="bbox 137 1371 1658 1422; baseline 0 -13"><span class='ocrx_word' id='word_1_181' title='bbox 137 1371 210 1410; x_wconf 84' lang='grc' dir='ltr'><strong>ὑπὸ</strong></span> <span class='ocrx_word' id='word_1_182' title='bbox 242 1375 317 1410; x_wconf 85' lang='grc' dir='ltr'>τῶν</span> <span class='ocrx_word' id='word_1_183' title='bbox 348 1372 566 1422; x_wconf 84' lang='grc' dir='ltr'>προγόνων,</span> <span class='ocrx_word' id='word_1_184' title='bbox 590 1372 639 1413; x_wconf 86' lang='grc' dir='ltr'><strong>ὡς</strong></span> <span class='ocrx_word' id='word_1_185' title='bbox 662 1371 805 1412; x_wconf 83' lang='grc' dir='ltr'>πάντες</span> <span class='ocrx_word' id='word_1_186' title='bbox 835 1372 957 1410; x_wconf 82' lang='grc' dir='ltr'>ἴσασι.</span> <span class='ocrx_word' id='word_1_187' title='bbox 1009 1371 1198 1410; x_wconf 82' lang='lat' dir='ltr'><strong>WOLF.</strong></span> <span class='ocrx_word' id='word_1_188' title='bbox 1260 1371 1319 1410; x_wconf 84' lang='lat' dir='ltr'><strong>Et</strong></span> <span class='ocrx_word' id='word_1_189' title='bbox 1350 1371 1404 1410; x_wconf 91' lang='lat' dir='ltr'><strong>ad</strong></span> <span class='ocrx_word' id='word_1_190' title='bbox 1436 1371 1545 1409; x_wconf 88' lang='lat' dir='ltr'><strong>hunc</strong></span> <span class='ocrx_word' id='word_1_191' title='bbox 1573 1384 1658 1409; x_wconf 85' lang='lat' dir='ltr'><strong>mo—</strong></span> 
     </span>
     <span class='ocr_line' id='line_1_23' title="bbox 138 1425 1656 1479; baseline 0.001 -15"><span class='ocrx_word' id='word_1_192' title='bbox 138 1426 235 1465; x_wconf 77' lang='lat' dir='ltr'><strong>duni</strong></span> <span class='ocrx_word' id='word_1_193' title='bbox 267 1427 489 1479; x_wconf 75' lang='lat' dir='ltr'><strong>distinguit</strong></span> <span class='ocrx_word' id='word_1_194' title='bbox 519 1426 646 1466; x_wconf 85' lang='lat' dir='ltr'><strong>etiam</strong></span> <span class='ocrx_word' id='word_1_195' title='bbox 678 1426 801 1465; x_wconf 85' lang='lat' dir='ltr'><strong>index</strong></span> <span class='ocrx_word' id='word_1_196' title='bbox 833 1425 1050 1465; x_wconf 83' lang='lat' dir='ltr'><strong>Lambini:</strong></span> <span class='ocrx_word' id='word_1_197' title='bbox 1086 1429 1234 1472; x_wconf 80' lang='grc' dir='ltr'>ἴσασιν,</span> <span class='ocrx_word' id='word_1_198' title='bbox 1259 1425 1509 1472; x_wconf 72' lang='grc' dir='ltr'>οῖ’Έλληνες</span> <span class='ocrx_word' id='word_1_199' title='bbox 1530 1426 1656 1467; x_wconf 83' lang='grc' dir='ltr'>δὶς-.</span> 
     </span>
     <span class='ocr_line' id='line_1_24' title="bbox 140 1481 1658 1535; baseline 0 -15"><span class='ocrx_word' id='word_1_200' title='bbox 140 1481 239 1520; x_wconf 85' lang='lat' dir='ltr'><strong>REI</strong></span> <span class='ocrx_word' id='word_1_201' title='bbox 246 1482 332 1521; x_wconf 88' lang='lat' dir='ltr'><strong>SK.</strong></span> <span class='ocrx_word' id='word_1_202' title='bbox 394 1482 580 1522; x_wconf 80' lang='lat' dir='ltr'><strong>Subaudi</strong></span> <span class='ocrx_word' id='word_1_203' title='bbox 601 1496 652 1522; x_wconf 82' lang='lat' dir='ltr'><strong>ex</strong></span> <span class='ocrx_word' id='word_1_204' title='bbox 672 1481 1019 1535; x_wconf 75' lang='lat' dir='ltr'><strong>praecedentibus</strong></span> <span class='ocrx_word' id='word_1_205' title='bbox 1035 1482 1150 1531; x_wconf 68' lang='grc' dir='ltr'>ἦσαν,</span> <span class='ocrx_word' id='word_1_206' title='bbox 1169 1486 1212 1521; x_wconf 91' lang='lat' dir='ltr'><strong>et</strong></span> <span class='ocrx_word' id='word_1_207' title='bbox 1232 1486 1370 1522; x_wconf 85' lang='lat' dir='ltr'><strong>totum</strong></span> <span class='ocrx_word' id='word_1_208' title='bbox 1392 1483 1501 1521; x_wconf 88' lang='lat' dir='ltr'><strong>hunc</strong></span> <span class='ocrx_word' id='word_1_209' title='bbox 1523 1481 1658 1520; x_wconf 88' lang='lat' dir='ltr'><strong>locum</strong></span> 
     </span>
     <span class='ocr_line' id='line_1_25' title="bbox 138 1537 1660 1592; baseline 0 -16"><span class='ocrx_word' id='word_1_210' title='bbox 138 1537 195 1576; x_wconf 87' lang='lat' dir='ltr'><strong>sic</strong></span> <span class='ocrx_word' id='word_1_211' title='bbox 216 1537 400 1592; x_wconf 75' lang='lat' dir='ltr'><strong>intellige</strong></span> <span class='ocrx_word' id='word_1_212' title='bbox 417 1554 424 1578; x_wconf 93' lang='lat'>:</span> <span class='ocrx_word' id='word_1_213' title='bbox 457 1537 531 1578; x_wconf 69' lang='lat' dir='ltr'><strong>tibi</strong></span> <span class='ocrx_word' id='word_1_214' title='bbox 538 1539 631 1590; x_wconf 68' lang='lat' dir='ltr'><strong>fecit</strong></span> <span class='ocrx_word' id='word_1_215' title='bbox 641 1544 765 1591; x_wconf 75' lang='lat' dir='ltr'><strong>pater</strong></span> <span class='ocrx_word' id='word_1_216' title='bbox 773 1538 858 1590; x_wconf 72' lang='lat' dir='ltr'><strong>fur</strong></span> <span class='ocrx_word' id='word_1_217' title='bbox 878 1544 913 1577; x_wconf 81' lang='lat' dir='ltr'><strong>et</strong></span> <span class='ocrx_word' id='word_1_218' title='bbox 934 1537 1049 1585; x_wconf 68' lang='lat' dir='ltr'><strong>latro,</strong></span> <span class='ocrx_word' id='word_1_219' title='bbox 1072 1538 1230 1577; x_wconf 68' lang='lat' dir='ltr'><strong>civitati</strong></span> <span class='ocrx_word' id='word_1_220' title='bbox 1249 1544 1381 1578; x_wconf 75' lang='lat' dir='ltr'><strong>autem</strong></span> <span class='ocrx_word' id='word_1_221' title='bbox 1402 1539 1660 1590; x_wconf 69' lang='lat' dir='ltr'><strong>nostraefzce-</strong></span> 
     </span>
     <span class='ocr_line' id='line_1_26' title="bbox 138 1593 1660 1647; baseline -0.001 -15"><span class='ocrx_word' id='word_1_222' title='bbox 138 1599 232 1633; x_wconf 71' lang='lat' dir='ltr'><strong>run-t</strong></span> <span class='ocrx_word' id='word_1_223' title='bbox 269 1596 464 1646; x_wconf 77' lang='lat' dir='ltr'><strong>(patres),</strong></span> <span class='ocrx_word' id='word_1_224' title='bbox 500 1600 544 1633; x_wconf 76' lang='lat' dir='ltr'><strong>ut</strong></span> <span class='ocrx_word' id='word_1_225' title='bbox 576 1594 758 1647; x_wconf 83' lang='lat' dir='ltr'><strong>(quales)</strong></span> <span class='ocrx_word' id='word_1_226' title='bbox 794 1593 924 1633; x_wconf 72' lang='lat' dir='ltr'><strong>sciunt</strong></span> <span class='ocrx_word' id='word_1_227' title='bbox 958 1607 1086 1633; x_wconf 75' lang='lat' dir='ltr'><strong>omnes</strong></span> <span class='ocrx_word' id='word_1_228' title='bbox 1129 1594 1277 1634; x_wconf 74' lang='lat' dir='ltr'><strong>Graeci</strong></span> <span class='ocrx_word' id='word_1_229' title='bbox 1315 1608 1360 1633; x_wconf 63' lang='lat' dir='ltr'><strong>ex</strong></span> <span class='ocrx_word' id='word_1_230' title='bbox 1400 1593 1660 1633; x_wconf 68' lang='lat' dir='ltr'><strong>maximis-.</strong></span> 
     </span>
     <span class='ocr_line' id='line_1_27' title="bbox 140 1648 1660 1703; baseline 0 -15"><span class='ocrx_word' id='word_1_231' title='bbox 140 1649 360 1691; x_wconf 81' lang='lat' dir='ltr'><strong>AUGER.</strong></span> <span class='ocrx_word' id='word_1_232' title='bbox 424 1649 546 1689; x_wconf 82' lang='lat' dir='ltr'><strong>Vidit</strong></span> <span class='ocrx_word' id='word_1_233' title='bbox 572 1650 768 1703; x_wconf 81' lang='lat' dir='ltr'><strong>Augerus</strong></span> <span class='ocrx_word' id='word_1_234' title='bbox 802 1649 901 1702; x_wconf 91' lang='lat' dir='ltr'><strong>quid</strong></span> <span class='ocrx_word' id='word_1_235' title='bbox 935 1663 1079 1688; x_wconf 88' lang='lat' dir='ltr'><strong>sensus</strong></span> <span class='ocrx_word' id='word_1_236' title='bbox 1111 1649 1188 1688; x_wconf 83' lang='lat' dir='ltr'><strong>loci</strong></span> <span class='ocrx_word' id='word_1_237' title='bbox 1220 1654 1378 1702; x_wconf 82' lang='lat' dir='ltr'><strong>poscat.</strong></span> <span class='ocrx_word' id='word_1_238' title='bbox 1441 1649 1524 1688; x_wconf 85' lang='lat' dir='ltr'><strong>Sed</strong></span> <span class='ocrx_word' id='word_1_239' title='bbox 1551 1648 1660 1688; x_wconf 80' lang='lat' dir='ltr'><strong>huno</strong></span> 
     </span>
     <span class='ocr_line' id='line_1_28' title="bbox 140 1704 1664 1759; baseline 0.001 -15"><span class='ocrx_word' id='word_1_240' title='bbox 140 1719 305 1744; x_wconf 84' lang='lat' dir='ltr'><strong>sensum</strong></span> <span class='ocrx_word' id='word_1_241' title='bbox 335 1705 505 1759; x_wconf 83' lang='lat' dir='ltr'><strong>vulgata</strong></span> <span class='ocrx_word' id='word_1_242' title='bbox 538 1705 725 1744; x_wconf 91' lang='lat' dir='ltr'><strong>nonnihil</strong></span> <span class='ocrx_word' id='word_1_243' title='bbox 763 1704 1016 1744; x_wconf 76' lang='lat' dir='ltr'><strong>obscuravit.</strong></span> <span class='ocrx_word' id='word_1_244' title='bbox 1079 1705 1307 1744; x_wconf 85' lang='lat' dir='ltr'><strong>Lenissime</strong></span> <span class='ocrx_word' id='word_1_245' title='bbox 1343 1704 1552 1758; x_wconf 79' lang='lat' dir='ltr'><strong>corrigas:</strong></span> <span class='ocrx_word' id='word_1_246' title='bbox 1597 1705 1664 1746; x_wconf 78' lang='grc' dir='ltr'>οὓς</span> 
     </span>
     <span class='ocr_line' id='line_1_29' title="bbox 139 1759 1450 1810; baseline 0 -10"><span class='ocrx_word' id='word_1_247' title='bbox 139 1760 282 1803; x_wconf 86' lang='grc' dir='ltr'>πάντες</span> <span class='ocrx_word' id='word_1_248' title='bbox 302 1763 439 1800; x_wconf 87' lang='grc' dir='ltr'>ἴσασιν</span> <span class='ocrx_word' id='word_1_249' title='bbox 460 1762 497 1800; x_wconf 84' lang='grc' dir='ltr'>οἱ</span> <span class='ocrx_word' id='word_1_250' title='bbox 512 1759 711 1810; x_wconf 69' lang='grc' dir='ltr'>“Ἐλληνες</span> <span class='ocrx_word' id='word_1_251' title='bbox 733 1777 764 1799; x_wconf 91' lang='grc' dir='ltr'><strong>κ.</strong></span> <span class='ocrx_word' id='word_1_252' title='bbox 783 1777 815 1800; x_wconf 89' lang='grc' dir='ltr'>τ.</span> <span class='ocrx_word' id='word_1_253' title='bbox 833 1765 872 1800; x_wconf 90' lang='grc' dir='ltr'>λ.</span> <span class='ocrx_word' id='word_1_254' title='bbox 906 1760 1242 1800; x_wconf 80' lang='lat' dir='ltr'><strong>SCHAEFER.</strong></span> <span class='ocrx_word' id='word_1_255' title='bbox 1305 1760 1450 1800; x_wconf 82' lang='lat' dir='ltr'><strong>Recte.</strong></span> 
     </span>
    </p>

    <p class='ocr_par' dir='ltr' id='par_1_8' title="bbox 141 1816 1664 2036">
     <span class='ocr_line' id='line_1_30' title="bbox 201 1816 1664 1869; baseline 0 -14"><span class='ocrx_word' id='word_1_256' title='bbox 201 1828 292 1869; x_wconf 81' lang='lat'>151,</span> <span class='ocrx_word' id='word_1_257' title='bbox 320 1829 382 1857; x_wconf 84' lang='lat'><strong>12.</strong></span> <span class='ocrx_word' id='word_1_258' title='bbox 414 1817 527 1869; x_wconf 85' lang='grc' dir='ltr'>ὅταν]</span> <span class='ocrx_word' id='word_1_259' title='bbox 597 1816 711 1855; x_wconf 87' lang='lat' dir='ltr'><strong>Usus</strong></span> <span class='ocrx_word' id='word_1_260' title='bbox 733 1820 798 1856; x_wconf 85' lang='lat' dir='ltr'><strong>est</strong></span> <span class='ocrx_word' id='word_1_261' title='bbox 823 1816 1113 1856; x_wconf 84' lang='lat' dir='ltr'><strong>enuntiatione</strong></span> <span class='ocrx_word' id='word_1_262' title='bbox 1134 1819 1308 1868; x_wconf 67' lang='grc' dir='ltr'>χρονικῇ,</span> <span class='ocrx_word' id='word_1_263' title='bbox 1331 1830 1426 1856; x_wconf 88' lang='lat' dir='ltr'><strong>cum</strong></span> <span class='ocrx_word' id='word_1_264' title='bbox 1447 1820 1664 1868; x_wconf 80' lang='lat' dir='ltr'><strong>exspectes</strong></span> 
     </span>
     <span class='ocr_line' id='line_1_31' title="bbox 141 1871 1664 1925; baseline 0.001 -15"><span class='ocrx_word' id='word_1_265' title='bbox 141 1872 417 1922; x_wconf 82' lang='grc' dir='ltr'>αἰτιολογικὴν,</span> <span class='ocrx_word' id='word_1_266' title='bbox 441 1871 573 1924; x_wconf 82' lang='lat' dir='ltr'><strong>qualis</strong></span> <span class='ocrx_word' id='word_1_267' title='bbox 593 1871 695 1911; x_wconf 84' lang='lat' dir='ltr'><strong>haec</strong></span> <span class='ocrx_word' id='word_1_268' title='bbox 716 1871 851 1911; x_wconf 85' lang='lat' dir='ltr'><strong>foret:</strong></span> <span class='ocrx_word' id='word_1_269' title='bbox 885 1873 991 1911; x_wconf 77' lang='grc' dir='ltr'>ἀλλὰ</span> <span class='ocrx_word' id='word_1_270' title='bbox 1018 1874 1069 1925; x_wconf 78' lang='grc' dir='ltr'>τῷ</span> <span class='ocrx_word' id='word_1_271' title='bbox 1099 1871 1211 1912; x_wconf 83' lang='grc' dir='ltr'>πάντ’</span> <span class='ocrx_word' id='word_1_272' title='bbox 1239 1873 1485 1912; x_wconf 81' lang='grc' dir='ltr'>ἀκούσαντας</span> <span class='ocrx_word' id='word_1_273' title='bbox 1509 1873 1664 1920; x_wconf 80' lang='grc' dir='ltr'>ὑμᾶς-</span> 
     </span>
     <span class='ocr_line' id='line_1_32' title="bbox 143 1927 1662 1979; baseline -0.001 -13"><span class='ocrx_word' id='word_1_274' title='bbox 143 1930 331 1976; x_wconf 87' lang='grc' dir='ltr'>καθῆο-θαι</span> <span class='ocrx_word' id='word_1_275' title='bbox 351 1928 685 1978; x_wconf 72' lang='grc' dir='ltr'>ἀκροωμένους-.</span> <span class='ocrx_word' id='word_1_276' title='bbox 748 1927 869 1977; x_wconf 72' lang='lat' dir='ltr'><strong>Quod</strong></span> <span class='ocrx_word' id='word_1_277' title='bbox 899 1927 932 1966; x_wconf 84' lang='lat' dir='ltr'><strong>si</strong></span> <span class='ocrx_word' id='word_1_278' title='bbox 954 1927 1055 1979; x_wconf 86' lang='lat' dir='ltr'><strong>quid</strong></span> <span class='ocrx_word' id='word_1_279' title='bbox 1080 1927 1423 1975; x_wconf 83' lang='lat' dir='ltr'><strong>subaudiendum,</strong></span> <span class='ocrx_word' id='word_1_280' title='bbox 1445 1931 1545 1966; x_wconf 85' lang='lat' dir='ltr'><strong>ante</strong></span> <span class='ocrx_word' id='word_1_281' title='bbox 1566 1928 1662 1966; x_wconf 88' lang='grc' dir='ltr'>ὅταν</span> 
     </span>
     <span class='ocr_line' id='line_1_33' title="bbox 142 1982 1662 2036; baseline 0 -14"><span class='ocrx_word' id='word_1_282' title='bbox 142 1982 315 2022; x_wconf 80' lang='lat' dir='ltr'><strong>subaudi</strong></span> <span class='ocrx_word' id='word_1_283' title='bbox 347 1984 398 2036; x_wconf 74' lang='grc' dir='ltr'>τῷ</span> <span class='ocrx_word' id='word_1_284' title='bbox 434 1998 465 2022; x_wconf 87' lang='lat' dir='ltr'><strong>s.</strong></span> <span class='ocrx_word' id='word_1_285' title='bbox 503 1984 634 2023; x_wconf 87' lang='grc' dir='ltr'>τούτω.</span> <span class='ocrx_word' id='word_1_286' title='bbox 697 1983 814 2023; x_wconf 83' lang='lat' dir='ltr'><strong>Conf.</strong></span> <span class='ocrx_word' id='word_1_287' title='bbox 851 1997 956 2036; x_wconf 85' lang='lat' dir='ltr'><strong>quae</strong></span> <span class='ocrx_word' id='word_1_288' title='bbox 990 1983 1177 2036; x_wconf 82' lang='lat' dir='ltr'><strong>congessi</strong></span> <span class='ocrx_word' id='word_1_289' title='bbox 1207 1983 1249 2022; x_wconf 89' lang='lat' dir='ltr'><strong>in</strong></span> <span class='ocrx_word' id='word_1_290' title='bbox 1281 1987 1368 2023; x_wconf 88' lang='lat' dir='ltr'><strong>not.</strong></span> <span class='ocrx_word' id='word_1_291' title='bbox 1397 1982 1451 2023; x_wconf 87' lang='lat' dir='ltr'><strong>ad</strong></span> <span class='ocrx_word' id='word_1_292' title='bbox 1484 1982 1662 2022; x_wconf 82' lang='lat' dir='ltr'><strong>Porsoni</strong></span> 
     </span>
    </p>
   </div>
   <div class='ocr_carea' id='block_1_3' title="bbox 144 2025 1202 2093">
    <p class='ocr_par' dir='ltr' id='par_1_9' title="bbox 144 2025 1202 2093">
     <span class='ocr_line' id='line_1_34' title="bbox 144 2025 1202 2093; baseline 0.001 -16"><span class='ocrx_word' id='word_1_293' title='bbox 144 2037 304 2078; x_wconf 86' lang='lat' dir='ltr'><strong>Hecub.</strong></span> <span class='ocrx_word' id='word_1_294' title='bbox 328 2053 367 2092; x_wconf 89' lang='lat' dir='ltr'><strong>p.</strong></span> <span class='ocrx_word' id='word_1_295' title='bbox 394 2052 453 2093; x_wconf 86' lang='lat'><strong>¹3·</strong></span> <span class='ocrx_word' id='word_1_296' title='bbox 479 2039 543 2079; x_wconf 91' lang='lat' dir='ltr'><strong>ed.</strong></span> <span class='ocrx_word' id='word_1_297' title='bbox 567 2025 666 2079; x_wconf 72' lang='lat' dir='ltr'><strong>tert.</strong></span> <span class='ocrx_word' id='word_1_298' title='bbox 690 2038 804 2092; x_wconf 91' lang='lat' dir='ltr'><strong>Lips.</strong></span> <span class='ocrx_word' id='word_1_299' title='bbox 869 2038 1202 2079; x_wconf 83' lang='lat' dir='ltr'>SOHAEFER.</span> 
     </span>
    </p>
   </div>
  </div>
 </body>
</html>
