1914 3184
256 125 311 164 926
686 122 1083 164 OLYNTHIAUA
1118 121 1327 160 PRIMA.

256 228 489 282 hujusmodi
511 227 654 268 attulit
677 228 905 273 Dobraeus„
930 226 1137 266 Herodoti
1169 239 1197 273 1,
1217 227 1281 264 86.
1318 227 1556 277 προετίμησα
1576 227 1761 278 μεγάλων

257 285 475 337 χρημάτων.
498 298 539 337 3,
560 298 623 337 29.
656 288 850 335 προτιμῶν
871 286 1034 322 πολλοῦ.
1060 281 1244 334 Thucyd.
1268 284 1305 329 6,
1330 295 1389 321 10.
1422 284 1487 323 οὓς
1507 285 1578 333 πρὸ
1599 288 1761 323 πολλῶν

259 340 307 380 ἂν
347 340 576 390 ἐτιμήσαντο
618 340 837 391 ξυμμάχους
873 340 990 389 σφίσι
1029 337 1228 389 γενέσθαι.
1263 338 1299 385 8,
1332 339 1396 377 82.
1438 338 1506 387 τὴν
1546 341 1762 389 παραυτίκα

258 398 399 436 ἐλπίδα
421 398 584 436 ἕκαστος
604 398 670 444 τῆς
692 394 1095 445 σωτηρίας-οὐὸενὸς
1116 394 1163 433 ἂν
1184 393 1396 442 ἠλλάξατο.
1443 394 1566 433 Adde
1587 395 1760 448 Joseph.

261 452 311 491 A.
336 452 379 491 J.
404 453 460 497 18.
487 463 522 502 7,
553 464 612 490 10.
643 465 701 502 19,
732 465 762 497 1,
793 453 853 489 16.
914 449 1109 489 Ceterum
1142 449 1376 502 hujusmodi
1410 449 1451 488 in
1486 450 1761 490 locutionibus

257 508 531 561 hyperbolicis
564 521 645 545 non
680 506 857 546 multum
897 505 1071 545 interest
1111 507 1184 555 πρό
1224 520 1276 544 an
1319 507 1408 544 ἀντί
1446 506 1618 553 dicatur,
1657 521 1762 560 quae

256 554 316 604 ita
349 563 545 603 differunt
578 569 624 602 ut
657 563 730 613 πρὸ
763 561 1032 615 praeferendi,
1057 562 1142 600 ἀντὶ
1172 560 1469 615 aequiparandi
1499 561 1761 615 significatio-

258 633 350 658 nem
375 619 542 658 habeat.

313 689 350 726 9,
384 689 411 713 1.
435 673 464 713 a
491 678 625 725 ὀίνδρε»Ι
649 673 867 726 Ἀθηναῖοι]
900 674 1036 724 ἄνδρες
1062 688 1087 713 a
1115 672 1323 712 codicibus
1354 672 1544 726 pluribus
1571 674 1691 714 abest
1720 678 1761 713 et

257 731 459 770 omittunt
482 730 614 769 Rufus
634 730 675 770 in
695 729 847 769 Walzii
871 729 994 769 Rhet.
1018 729 1093 769 vol.
1116 743 1154 781 3.
1178 744 1216 782 p.
1233 741 1329 783 451.
1356 732 1413 782 (p.
1434 730 1498 779 78.
1522 730 1584 768 ed.
1607 730 1760 780 Paris.)

256 787 381 826 schol.
413 801 642 839 anonymus
675 785 952 839 Hermogenis
983 785 1036 825 ib.
1059 786 1135 825 vol.
1160 797 1196 837 7.
1228 800 1267 838 p.
1292 787 1385 837 891.
1409 790 1451 825 et
1473 785 1645 840 Gregor.
1668 786 1761 826 Cor.

256 843 310 882 ib.
328 858 367 896 p.
390 857 398 882 1
410 855 506 896 317.
524 858 531 881 ε
565 843 726 882 addunt
741 841 1003 896 grammatici
1021 856 1146 894 supra
1162 841 1379 881 memorati
1398 847 1440 881 et
1457 841 1587 881 Bekk.
1602 842 1762 882 Anecd.

256 914 295 951 p.
323 913 338 938 1
352 912 413 949 27,
439 912 503 940 20.
533 900 665 948 ἄνδρες
689 899 729 937 in
751 899 828 938 hac
849 897 1025 937 formula
1046 902 1288 937 constanter
1308 898 1452 937 abesse
1474 913 1499 937 a
1519 898 1608 937 cod.
1632 898 1761 938 Paris.

260 955 314 994 Y.
337 954 555 994 annotavit
578 954 792 994 Bekkerus
826 954 879 993 ad
907 969 945 1007 p.
974 967 1034 999 11.
1059 968 1096 1005 9.
1120 961 1161 994 et
1190 969 1215 993 a
1238 954 1370 993 Paris.
1393 954 1432 992 k.
1466 954 1519 993 ad
1540 968 1578 1006 p.
1603 956 1699 1007 623,
1723 970 1762 1003 4.

256 1010 447 1064 idemque
464 1011 514 1049 de
529 1010 778 1064 Augustano
795 1010 940 1063 quinto
962 1010 1089 1049 refert
1104 1009 1307 1049 Reiskius.
1360 1010 1408 1048 In
1427 1011 1677 1063 Augustano
1693 1025 1764 1049 no-

257 1095 345 1130 stro
363 1090 415 1129 A.
433 1090 604 1143 aliisque
627 1091 867 1144 plerumque
889 1091 995 1130 duae
1017 1096 1182 1131 tantum
1204 1091 1349 1131 literae
1370 1092 1574 1146 leguntur,
1594 1072 1634 1140 3),
1654 1093 1763 1145 quod

257 1146 413 1186 librarii
436 1146 476 1184 in
500 1147 674 1186 formula
696 1146 821 1186 toties
843 1147 1044 1187 redeunte
1065 1148 1294 1200 compendii
1316 1163 1461 1188 caussa
1483 1163 1558 1202 pro
1579 1148 1608 1188 ὦ
1630 1150 1764 1200 ἄνδρες

256 1203 456 1251 Ἄθηναῖοι
485 1202 670 1255 posuisse
692 1203 898 1251 videntur,
922 1204 1030 1243 unde
1058 1204 1214 1243 factum
1242 1209 1287 1244 ut
1310 1205 1574 1257 postmodum
1602 1205 1654 1244 ab
1675 1205 1764 1246 aliis

257 1257 286 1297 ὦ
320 1257 532 1307 Ἀθηναῖοι.
568 1258 755 1313 neglecto
797 1260 942 1310 ἄνδρες,
986 1259 1248 1299 scriberetur.
1311 1260 1470 1300 Eadem
1510 1261 1550 1299 in
1590 1261 1765 1301 aliorum

258 1328 420 1367 quoque
434 1320 647 1354 oratorum
662 1314 870 1354 codicibus
885 1315 1163 1368 discrepantia
1177 1316 1536 1361 animadvertitur.
1548 1316 1608 1356 ita
1624 1322 1764 1357 tamen

257 1374 304 1409 ut
325 1370 514 1410 additum
537 1371 671 1421 ἄνδρες
700 1371 819 1425 longe
853 1371 1010 1424 majore
1043 1372 1355 1412 commendetur
1382 1372 1663 1426 exemplorum
1691 1388 1764 1413 nu—

258 1441 370 1465 mero
394 1441 516 1479 quam
539 1426 746 1466 omissum.
810 1427 942 1466 Porro
971 1428 1011 1466 in
1034 1428 1240 1482 Apologia
1263 1429 1463 1476 Platonis7
1487 1428 1555 1468 ubi
1576 1429 1764 1482 frequen-

258 1482 440 1521 tissimus
461 1487 524 1521 est
546 1483 666 1535 hujus
687 1483 886 1522 formulae
908 1498 1019 1529 usus,
1043 1483 1195 1537 legitur
1217 1486 1244 1523 ὦ
1267 1486 1403 1535 ἄνδρες
1422 1484 1624 1535 Ἀθηναῖοι
1648 1488 1765 1539 (pau-

257 1538 315 1577 cis
342 1538 587 1591 quibusdam
614 1538 712 1577 locis
741 1539 938 1592 exeeptis,
962 1540 1031 1579 ubi
1057 1545 1120 1579 est
1142 1539 1171 1579 ὦ
1193 1542 1339 1591 ἄνδρες,
1363 1546 1409 1580 ut
1431 1556 1468 1594 p.
1491 1544 1544 1593 38
1570 1541 1619 1580 1).
1642 1555 1696 1595 39
1720 1541 1764 1582 C.

259 1599 301 1634 et
324 1595 382 1641 O„
406 1594 616 1633 codicibus
648 1600 787 1634 tamen
821 1595 1025 1635 nonnullis
1054 1595 1254 1645 Ἀθηναῖοι
1286 1597 1570 1645 addentibus),
1603 1597 1643 1636 in
1675 1598 1764 1637 cod.

261 1661 443 1699 Vindob.
467 1661 646 1700 seeundo
668 1662 744 1701 hac
772 1661 873 1715 sigla
901 1676 1140 1715 expressum
1168 1654 1215 1702 ωδ
1236 1664 1320 1712 ἀθη,
1345 1664 1394 1702 de
1421 1678 1502 1716 qua
1523 1664 1692 1703 Bastius
1712 1664 1765 1704 ad

259 1732 297 1770 p.
330 1728 371 1768 ¹7
397 1717 448 1755 A.
489 1724 510 1738 ⁴⁶
530 1717 640 1756 Hinc
671 1722 789 1771 patet
821 1718 888 1771 qui
921 1719 1078 1758 factum
1107 1719 1161 1758 sit
1195 1726 1241 1758 ut
1274 1720 1516 1758 vocabulum
1547 1721 1682 1770 ἄνδρες
1712 1721 1765 1760 ab

258 1772 461 1826 imperitis
491 1773 669 1812 librariis
690 1774 817 1813 toties
839 1774 1116 1814 omitteretur.
1179 1775 1235 1813 Hi
1266 1775 1373 1814 enim
1401 1775 1564 1815 literam
1593 1779 1612 1815 δ
1644 1791 1767 1829 super

259 1847 287 1868 ω
310 1829 485 1882 positam
508 1844 582 1882 pro
603 1829 865 1869 circumflexu
889 1830 1083 1870 habuere.
1146 1830 1194 1869 In
1217 1846 1298 1884 qua
1319 1846 1362 1871 re
1384 1836 1584 1885 quant-um
1607 1847 1631 1871 a
1652 1837 1767 1872 recta

259 1895 419 1935 ratione
442 1896 739 1940 aberraverint.
764 1897 948 1936 ostendit
969 1897 1102 1937 altera
1123 1898 1329 1951 scriptura
1352 1890 1410 1945 ὦδ,
1429 1898 1563 1937 minus
1579 1900 1766 1952 frequen—

260 1956 324 1991 ter
345 1951 501 1991 obvia.qq
561 1954 761 1992 Oratores
783 1958 829 1993 ut
851 1953 1018 1992 omnino
1040 1968 1119 1992 non
1138 1954 1301 1994 videtur
1322 1954 1503 1994 dubitari
1527 1969 1647 2008 posse
1668 1955 1766 2008 quin

260 2006 288 2046 ὦ
307 2009 441 2058 ἄνδρες
461 2007 661 2058 Ἀθηναῖοι
679 2008 816 2049 dicere
837 2009 1071 2057 maluerint.
1088 2010 1148 2049 ita
1165 2010 1441 2050 certissimum
1462 2011 1604 2050 haberi
1626 2016 1767 2065 potest

262 2063 585 2103 Demosthenem
621 2065 661 2103 in
697 2065 898 2105 orationis
931 2065 1049 2106 initio
1085 2066 1440 2119 compellationem
1478 2067 1703 2120 pleniorem
1738 2067 1767 2106 ὦ

260 2121 395 2169 ἄνδρες
414 2119 614 2169 Ἀθηναῖοι
641 2121 812 2174 simplici
847 2121 875 2160 ὦ
895 2121 1097 2170 Ἀθηναῖοι
1118 2122 1374 2175 praetulisse.
1438 2123 1596 2162 Contra
1623 2123 1692 2163 ubi
1714 2124 1767 2163 ab

260 2175 337 2213 hae
360 2175 447 2227 ipsa
473 2176 798 2228 compellatione.
822 2177 931 2217 nullo
952 2177 1032 2217 alio
1053 2178 1279 2230 praemisso
1301 2178 1512 2225 vocabulo,
1536 2178 1699 2219 initium
1719 2179 1768 2218 fit

261 2230 476 2277 erationis7
499 2236 546 2270 ut
573 2233 708 2282 ἄνδρες
738 2234 917 2272 δικασταί
936 2234 997 2272 vel
1035 2235 1171 2284 ἄνδρες
1203 2233 1403 2284 Ἀθηναῖοι
1435 2234 1475 2273 in
1509 2235 1768 2275 orationibus

266 2286 368 2325 lsaei
401 2286 452 2325 de
476 2287 625 2339 Pyrrhi
654 2288 886 2328 hereditate
915 2290 1179 2343 ejusdemque
1206 2291 1440 2343 fragmento
1465 2290 1665 2330 orationis
1693 2305 1768 2344 pro

264 2341 484 2389 Eumathe,
511 2342 803 2383 Demosthenis
835 2345 1032 2384 adversus
1056 2345 1273 2398 Leptinem
1295 2350 1337 2385 et
1355 2346 1631 2385 Zenothenim
1653 2352 1696 2386 et
1717 2347 1768 2386 de

264 2397 516 2444 Halonneso,
547 2397 575 2437 ὦ
613 2399 743 2452 (quod
776 2400 816 2438 in
852 2400 1158 2441 Halonnesiaca
1193 2401 1355 2442 addunt
1392 2402 1431 2441 S.
1470 2407 1512 2441 et
1546 2402 1768 2455 Dionysius

264 2453 380 2500 Hal.)
423 2454 598 2493 fortasse
639 2455 832 2495 omittere
874 2456 1107 2496 maluerunt
1147 2462 1347 2496 oratores.
1409 2457 1607 2497 Proxima
1643 2459 1769 2498 verba

261 2509 396 2548 minus
417 2510 521 2548 bene
542 2510 742 2550 collocata
773 2512 812 2550 in
838 2512 1027 2552 Prooem.
1059 2512 1277 2564 χρημάτων,
1301 2516 1333 2553 εἰ
1353 2514 1527 2564 φανερὸν
1548 2514 1702 2565 γένοιτο
1723 2515 1767 2553 τὸ

260 2564 411 2613 μέλλον
433 2567 634 2607 συνοίσειν
654 2568 742 2615 ὑμῖν
769 2569 855 2617 περὶ
873 2569 926 2607 ὧν
948 2569 1030 2608 νυνὶ
1051 2568 1265 2620 τυγχάνετε
1281 2573 1529 2615 σκοποῦντες,
1549 2570 1652 2619 οἶμαι
1673 2568 1768 2609 πάν-

262 2637 329 2660 τας
349 2623 444 2670 ὑμᾶς
467 2620 638 2660 ἑλέσθαι·
672 2622 749 2661 nisi
777 2623 880 2676 quis,
905 2624 1015 2676 quod
1037 2638 1118 2663 non
1140 2625 1410 2678 improbabile
1433 2625 1607 2672 videtur,
1632 2625 1767 2664 delere

263 2675 317 2714 ibi
341 2676 437 2716 velit
458 2677 583 2716 verba
605 2679 638 2716 εἰ
659 2680 833 2729 φανερὸν
861 2680 1026 2730 γένοιτο,
1050 2680 1089 2718 in
1123 2681 1163 2720 S.
1188 2686 1230 2720 et
1260 2681 1420 2720 duobus
1445 2681 1535 2720 aliis
1557 2681 1768 2721 codicibus

259 2731 425 2771 omissa.
487 2732 578 2782 Qua
605 2733 765 2773 ratione
796 2740 935 2774 tamen
961 2736 1188 2775 cavendum
1210 2742 1274 2776 est
1306 2751 1356 2776 ne
1379 2736 1468 2789 quis
1489 2737 1692 2776 abutatur
1712 2737 1767 2776 ad

263 2787 392 2826 nostri
415 2787 490 2826 loci
513 2788 887 2842 interpunctionem
909 2806 1001 2830 euin
1030 2792 1070 2830 in
1099 2793 1265 2831 modum
1294 2792 1534 2832 mutandam
1558 2806 1681 2844 quam
1709 2792 1767 2830 in-

264 2843 434 2894 terpreti
468 2843 624 2883 Gallico
657 2845 825 2897 Dupino
858 2847 1057 2899 placuisse
1089 2848 1215 2887 refert
1249 2848 1434 2887 Boisson.
1467 2847 1507 2886 in
1538 2852 1678 2887 annot.
1713 2848 1765 2887 ad
