1914 3184
285 136 367 176 136
700 135 1050 174 PHILIPPICA
1088 134 1383 174 SECUNDA.

344 250 409 291 71,
439 252 498 279 10.
522 239 575 279 ὅτ’
599 239 747 292 αὐτοῖς]
784 239 881 278 Alio
913 244 1100 292 tempore
1132 244 1332 291 tyrannos
1357 239 1491 292 ejecit,
1516 240 1676 294 Olymp.
1704 241 1793 288 106,

285 310 340 347 43
375 295 456 336 alio
485 300 672 348 tempore
708 296 790 344 (καὶ
816 294 936 334 πάλιν
963 295 1014 334 cf.
1038 295 1207 348 Olynth.
1239 309 1268 334 1.
1302 310 1342 347 p.
1373 298 1452 346 11.)
1489 295 1698 336 Thessalis
1725 295 1794 336 Ni-

285 366 426 392 caeam
460 351 636 391 tradidit
672 356 714 390 et
752 350 1014 404 Magnesiam
1045 350 1240 398 reddidit,
1273 350 1434 404 Olymp.
1466 352 1554 400 108,
1582 365 1620 406 3.
1682 352 1795 392 Anni

285 407 572 461 praecedentis
603 406 749 446 ultimo
780 421 920 446 mense
943 406 1153 455 Nicaeam,
1178 407 1548 460 Thermopylarum
1579 408 1796 447 castellum

286 478 430 503 recens
451 468 498 503 ut
518 463 684 502 videtur
705 462 933 510 conditum,
955 478 980 503 a
1002 462 1289 502 phocensibus
1309 468 1541 516 acceperat.
1577 463 1765 503 VOEM.

344 533 408 570 71,
438 533 498 560 12.
535 517 814 572 δεκαδαρχίαν]
841 519 894 558 V.
920 519 1100 572 Philipp.
1125 519 1206 558 111.
1240 534 1278 572 p.
1308 529 1397 570 117,
1423 523 1487 568 26,
1517 521 1624 559 ἀλλὰ
1646 523 1795 560 coerra-

287 577 355 615 λία
370 579 448 616 πῶς
471 576 553 627 ἕχει
571 591 580 620 ;
616 575 702 627 οὐχὶ
719 577 785 616 τὰς
805 576 1004 617 πολιτείας
1026 576 1087 614 καὶ
1111 577 1176 617 τὰς
1197 577 1341 623 πόλεις,
1358 576 1482 615 αὐτῶν
1497 575 1712 627 παρῄρηται
1733 576 1796 616 καὶ

285 632 511 683 τετραρχίας
534 631 786 680 κατέστησεν,
810 632 873 671 ἵνα
903 632 954 681 μὴ
974 632 1096 681 μόνον
1119 633 1213 670 κατὰ
1235 633 1368 673 πόλεις
1389 633 1494 671 ἀλλὰ
1517 633 1578 671 καὶ
1600 631 1678 671 κατ’
1703 632 1795 682 ἔθνη

285 688 524 727 δουλεύωσιν
539 703 549 734 ;
582 686 740 740 Ν61111)6
755 687 973 741 Philippus
991 686 1205 727 Thessalia
1222 687 1373 727 iterum
1395 687 1436 726 in
1454 691 1634 740 quatuor
1653 692 1795 740 partes

288 742 667 792 (Thessaliotidem,
692 743 993 791 Phthiotidem,
1020 743 1343 797 Pelasgiotidem
1375 748 1417 783 et
1440 743 1792 795 Hestiaeotidem)

284 799 495 852 descripta
516 799 685 853 singulis
706 799 896 852 partibus
918 799 1100 853 singulos
1118 799 1391 854 magistratus
1410 800 1699 852 (tetrarchas),
1713 799 1795 840 toti

286 855 525 895 Thessaliae
546 855 839 909 magistratum
857 856 1180 896 decemvirorum
1204 856 1451 909 praefecisse
1472 855 1648 903 videtur,
1666 856 1726 896 ita
1747 860 1794 896 ut

286 912 590 952 Demosthenes
611 916 654 951 et
676 913 714 951 h.
737 912 761 951 1.
797 913 1074 964 τετραρχίας
1107 927 1183 965 pro
1212 913 1469 964 δεδαδαρχίαν
1491 912 1629 951 dicere
1651 916 1794 966 potue-

282 967 349 1015 rit,
368 969 441 1007 sed
452 968 676 1021 prudenter
696 968 889 1008 ‘invidioso
910 969 1063 1008 nomine
1084 983 1174 1008 113116
1193 975 1244 1008 est
1264 969 1307 1008 in
1328 969 1503 1008 oratione
1523 968 1636 1021 apud
1649 969 1795 1008 Messe-

282 1025 369 1064 wios
390 1030 425 1064 et
446 1025 482 1063 A
487 1025 614 1078 νρὶυοε
633 1023 780 1067 Ιιαόἱία,
804 1025 872 1078 qui
894 1025 1295 1065 Lacedaemoniorum
1319 1024 1620 1064 Βασιλείαν-6111113
1640 1024 1712 1064 diu
1732 1038 1794 1064 6113-

275 1081 385 1133 perti
421 1086 531 1120 erant
567 1087 610 1127 (et,
644 1095 691 1121 ne
723 1081 826 1120 idem
850 1081 995 1134 jussum
1027 1081 1169 1121 'iterum
1204 1082 1482 1134 imponeretur,
1514 1088 1596 1121 tima
1626 1080 1797 1120 maxime

285 1135 472 1176 {iacebant
509 1136 750 1188 (VOEM.).
793 1137 1014 1176 FRANK.
1054 1139 1313 1189 δεκαδαρχίαν
1346 1138 1398 1176 ab
1436 1142 1603 1177 oratore
1638 1136 1796 1176 dictam

283 1192 553 1245 reprehendit
577 1193 889 1246 Harpocration
912 1208 943 1232 s.
963 1194 1003 1232 h.
1028 1209 1063 1232 v.
1087 1194 1283 1234 Φίλιππος
1303 1194 1436 1242 μέντοι
1458 1195 1562 1244 παρὰ
1577 1195 1796 1234 Θετταλοῖς

286 1250 545 1301 δεκαδαρχίαν
570 1250 614 1288 οὐ
642 1249 891 1299 κατέστησεν,
915 1251 963 1290 ὡς
985 1249 1199 1301 γέγραπται
1222 1251 1263 1288 ἐν
1290 1249 1321 1294 ς’
1345 1250 1566 1303 Φιλιππικῷ
1591 1249 1795 1299 Δημοσθέ-

285 1322 384 1353 νους,
409 1306 514 1344 ἀλλὰ
536 1308 779 1357 τετραρχίαν.

342 1374 406 1409 71,
437 1374 497 1414 ¹3-
532 1361 722 1415 πυλαίαν]
759 1361 946 1401 Thessali
980 1362 1077 1401 olim
1109 1377 1134 1401 a
1162 1361 1446 1401 Phocensibus
1470 1360 1796 1414 Amphictyonia

285 1416 435 1470 privati
458 1419 473 1466 (
482 1417 539 1455 W
543 1417 658 1457 essel.
680 1418 733 1457 ad
758 1418 927 1458 Diodor.
951 1420 1011 1463 16.
1029 1421 1097 1469 60)
1124 1424 1166 1457 et
1184 1418 1346 1471 Olymp.
1370 1418 1456 1461 108,
1481 1431 1520 1470 3.
1543 1431 1617 1470 per
1639 1416 1795 1470 Philip-

284 1488 381 1526 pum
405 1474 559 1526 recepti
582 1478 690 1513 sunt.
755 1474 942 1513 VOEM.

342 1542 407 1579 71,
437 1532 497 1577 16,
520 1531 627 1579 ὑμεῖς
651 1548 681 1568 κ.
705 1547 735 1569 τ.
760 1529 821 1583 λ]
848 1530 885 1568 V
891 1535 1002 1570 erte:
1040 1545 1109 1569 106
1130 1535 1271 1570 auton
1297 1529 1543 1583 largientem
1565 1529 1731 1582 quidem
1751 1534 1795 1569 et

284 1585 547 1638 pollicentem
563 1585 803 1639 Philippum
819 1586 1154 1639 contemplamini
1175 1586 1385 1637 (consider
1387 1586 1501 1636 atis),
1524 1585 1596 1625 sed
1619 1585 1689 1638 qui
1707 1585 1796 1638 jam

282 1641 439 1681 16161161
442 1641 475 1681 lt
513 1646 555 1681 et
586 1642 808 1695 deceperit,
832 1657 925 1682 eum
960 1642 1236 1696 (Philippum)
1265 1641 1558 1695 deplecamini,
1591 1641 1795 1694 siquidem

283 1697 442 1751 sapitis,
461 1712 511 1737 ne
533 1697 709 1737 videatis
734 1698 946 1748 (16611111
968 1713 1050 1738 non
1073 1698 1196 1738 vultis
1218 1698 1391 1748 videre).
1458 1698 1606 1750 Itaque
1625 1698 1795 1751 (τοίνυν)

284 1768 332 1793 60
362 1768 433 1793 vos
469 1753 675 1807 praesidio
707 1754 905 1794 adversus
940 1754 1145 1794 fallaciam
1182 1754 1291 1808 regis
1322 1754 1496 1805 munite,
1526 1753 1636 1806 quod
1668 1767 1795 1792 unum

283 1810 466 1850 salutare
487 1814 563 1857 est,
586 1810 827 1850 diffidentia.
893 1810 1110 1850 FRANK.

341 1878 405 1916 71,
433 1866 495 1905 18.
533 1867 617 1905 ἔστι
648 1868 778 1906 τοίνυν
811 1884 842 1906 κ.
869 1884 900 1905 τ.
925 1866 985 1920 λ]
1022 1867 1137 1906 Citat
1167 1867 1207 1905 h.
1241 1867 1267 1905 l.
1300 1867 1506 1906 Stobueus
1537 1881 1575 1919 p.
1612 1879 1704 1917 244,
1733 1878 1793 1904 10.

286 1921 478 1961 REISK.

343 1991 406 2028 71,
434 1990 498 2017 22.
522 1978 791 2032 χειροποίητα]
817 1979 932 2019 Oitat
957 1979 1105 2018 Pollux
1132 1993 1165 2021 2,
1197 1991 1284 2017 121.
1310 1994 1344 2017 v.
1366 1980 1646 2030 χειροποίητος.
1702 1977 1795 2017 11111-

282 2038 398 2074 tatus
420 2039 484 2073 est
506 2034 546 2072 h.
571 2034 595 2073 l.
623 2034 905 2075 Philostratus
926 2050 965 2088 p.
991 2035 1083 2080 282,
1108 2039 1171 2075 26.
1234 2034 1427 2074 REISK.

343 2101 406 2142 71,
433 2102 498 2143 23.
523 2090 565 2129 ἓν
586 2090 629 2129 δέ
650 2108 684 2129 τι
707 2092 838 2130 κοινὸν
861 2110 893 2130 κ.
919 2108 950 2130 τ.
973 2090 1035 2144 λ.]
1071 2091 1280 2131 Aristides
1303 2091 1353 2130 de
1375 2090 1424 2130 D.
1450 2090 1496 2130 C.
1519 2104 1557 2142 p.
1588 2090 1676 2129 188.
1700 2106 1792 2139 σεμ·

283 2147 424 2195 νότητα
457 2148 497 2185 δὲ
521 2146 616 2198 ἔχει,
640 2148 735 2186 ὅταν
760 2147 811 2196 μὴ
839 2148 947 2188 εὐθὺς
970 2147 1173 2201 ἐπιτρέχῃς
1205 2150 1256 2200 τῷ
1291 2146 1546 2199 εἰσαγομένῳ,
1571 2147 1678 2186 ἀλλὰ
1699 2163 1792 2197 προ-

282 2201 489 2251 λαμβάνῃς
509 2204 575 2243 τὰς
596 2202 774 2252 δυνάμεις
794 2203 910 2242 αὐτοῦ
935 2204 994 2242 καὶ
1016 2206 1260 2255 προαναρτᾷς
1277 2203 1343 2242 τὸν
1364 2203 1500 2254 λόγον.
1534 2202 1576 2241 ἓν
1597 2201 1640 2241 δέ
1661 2219 1697 2241 τι
1718 2218 1792 2241 κοι,

283 2257 420 2297 νὸν--.
445 2258 505 2296 καὶ
535 2258 603 2297 οὐκ
637 2258 747 2299 εὐθὺς
781 2258 954 2309 ἐπήγαγε
989 2261 1049 2298 καὶ
1072 2259 1191 2298 εἶπεν·
1225 2260 1421 2298 ἀπιστίαν·
1454 2259 1560 2297 ἀλλὰ
1580 2256 1796 2309 προλαβὼν

283 2314 418 2352 τούτου
451 2315 518 2354 τὰς
550 2314 729 2363 δυνάμεις
763 2314 823 2353 καὶ
846 2315 1061 2364 ἐναρτήσας
1085 2319 1203 2366 (1111111
1233 2315 1465 2364 ἐναρθρίσας
1481 2314 1534 2363 ¹3³)
1558 2313 1581 2362 ἢ
1602 2317 1698 2353 πᾶσι
1722 2313 1795 2363 μέν

281 2369 389 2406 ἐστιν
411 2369 629 2419 ἀγαθὸν-.
664 2370 725 2408 καὶ
757 2370 861 2418 ἄλλη
889 2369 1152 2421 ἐπανάληψις·
1185 2371 1224 2408 τί
1254 2371 1323 2409 οὖν
1353 2372 1436 2408 ἐστι
1463 2372 1601 2415 τοῦτο;
1638 2369 1720 2409 εἶτα
1750 2369 1794 2408 τὸ

279 2425 549 2474 εἰσαγόμενον·
582 2425 755 2463 ἀπιστία.
818 2425 1130 2477 Harpocration
1158 2426 1198 2464 in
1221 2440 1256 2464 v.
1280 2427 1458 2464 ἀπιστεῖν
1490 2439 1587 2463 1111111
1618 2425 1672 2464 ad
1700 2425 1741 2464 h.
1763 2424 1788 2464 l.

284 2480 526 2532 respexerit,
550 2479 590 2518 in
613 2479 739 2519 dubio
761 2480 1002 2533 relinquam.
1066 2481 1259 2521 REISK.

340 2548 404 2585 71,
428 2536 490 2575 26.
514 2540 595 2576 τοῖς
614 2536 795 2588 πλήθεσι]
820 2536 1002 2589 Populis,
1018 2537 1043 2575 i.
1063 2552 1097 2577 c.
1118 2537 1258 2576 liberis
1281 2536 1533 2576 civitatibus.
1574 2535 1793 2575 FRANK.

341 2602 405 2641 72.
438 2605 467 2630 1.
503 2592 564 2631 καὶ
586 2593 653 2632 τὰς
674 2594 953 2644 προσηγορίας]
995 2593 1113 2632 Idem
1141 2598 1205 2633 est
1238 2607 1285 2632 ac
1308 2592 1341 2631 si
1363 2592 1560 2632 dixisset:
1596 2592 1657 2631 καὶ
1679 2593 1795 2633 αὐτὰς

280 2649 348 2688 τὰς
369 2648 645 2698 προσηγορίας.
678 2652 752 2687 aut
773 2648 830 2687 610
848 2664 854 2686 ;
889 2650 933 2687 οὐ
953 2651 1074 2698 μόνον
1090 2651 1157 2691 τὰς
1179 2650 1343 2700 γνώμας,
1363 2650 1468 2688 ἀλλὰ
1491 2649 1633 2689 καὶτὰς
1649 2664 1792 2698 προση-

282 2704 427 2752 γορίας.
493 2703 685 2742 REISK.

340 2770 403 2809 72,
425 2770 462 2808 7.
488 2761 590 2809 παρὰ
612 2763 687 2798 τῶν
704 2759 933 2813 πρέσβεων]
958 2763 993 2799 Α
1021 2760 1168 2813 locatis,
1187 2774 1333 2813 nempe
1351 2761 1403 2800 ab
1426 2759 1487 2805 116,
1506 2760 1574 2812 qui
1597 2773 1679 2799 una
1700 2772 1793 2797 cum

286 2813 562 2854 Dmnostheno
594 2815 646 2854 ad
672 2815 903 2854 Messenios
938 2816 1062 2868 legati
1097 2816 1274 2860 fucrant.
1299 2820 1341 2855 ct
1364 2831 1466 2869 quos
1489 2815 1792 2855 Demosthenes

714 2954 726 2968 ’Ἴ
759 2945 1060 2983 [ninuzaeraprſtrrac.
1110 2946 1357 2974 SUIMHFJCR.
