1934 3179
308 158 390 199 466
863 156 981 198 PRO
1014 158 1264 199 CORONA.

309 261 338 300 ὦ
361 265 559 312 Μεγαρεῖς
587 263 674 301 οὔτε
700 263 818 311 τρίτοι
846 263 932 301 οὔτε
960 261 1149 311 τέταρτοι,
1173 262 1259 300 οὔτε
1289 261 1531 306 δυωδέκατοι,
1553 260 1628 300 οὔτ’
1649 262 1691 300 ἐν
1713 261 1818 313 λόγῳ

308 315 384 357 οὔτ’
403 318 445 356 ἐν
466 318 624 369 ἀριθμῷ.
665 317 899 355 DISSEN.

366 373 463 425 328,
488 374 553 410 26.
584 371 914 423 ἐπί-ηὐξάνετο]
957 370 1072 411 Citat
1094 371 1276 410 Thomas
1307 370 1367 410 M.
1395 385 1434 423 p.
1462 382 1548 421 127.
1611 371 1726 410 Inest
1757 369 1821 409 his

310 427 446 466 verbis
478 441 710 466 sarcasmus
741 426 844 465 satis
875 440 1055 466 amarus.
1118 426 1211 465 Hoc
1242 426 1351 465 enim
1379 425 1534 465 Orator
1559 425 1671 466 vult:
1708 430 1821 465 certe

311 483 443 521 virtus
478 487 552 521 tua
589 481 717 521 civica
756 481 855 520 nihil
887 481 1114 534 quidquam
1150 481 1327 520 contulit
1361 481 1416 521 ad
1452 495 1521 520 eas
1556 495 1635 528 res,
1674 481 1822 533 quibus

310 537 455 576 civitas
477 542 714 590 augeretur.
758 536 1009 576 SGHAEF.

367 593 463 645 328,
489 603 553 642 27.
588 594 642 633 τίς
670 595 744 643 γὰρ
773 593 974 654 συμμαχία
1002 610 1031 630 κ
1052 608 1084 630 τ.
1108 591 1164 644 λ.]
1198 591 1312 631 Citat
1343 591 1452 630 hunc
1483 591 1617 630 locum
1639 591 1821 630 Alexan-

310 649 384 687 der
406 647 568 687 Rhetor
588 662 626 700 p.
652 649 716 698 78,
740 648 800 686 16.
828 646 886 685 sic
915 646 1115 699 scriptum
1142 648 1196 688 τίς
1225 649 1265 686 δὲ
1295 647 1460 696 βοηθεια
1492 648 1533 685 ἐκ
1564 664 1629 695 της
1660 663 1731 695 σης
1763 647 1821 685 εὐ-

311 705 417 744 zelas
441 704 502 742 καὶ
524 703 662 752 δόξης;
718 702 835 741 Idem
856 714 1009 754 11329,
1030 716 1063 740 1.
1087 702 1328 753 ἐνδοξοτέρα.
1370 716 1406 741 V.
1427 714 1462 741 2.
1486 703 1523 741 τί
1541 706 1617 741 τῶν
1637 701 1821 750 Ελληνι-

312 763 386 797 κῶν
407 757 428 807 ἦ
450 762 525 796 τῶν
542 759 694 797 οἰκείων
715 760 848 798 ἁπλῶς
871 759 1143 807 ἐπηνώρθωται
1165 760 1226 796 διὰ
1248 758 1319 803 σέ;
1354 772 1388 796 V.
1410 770 1448 809 5.
1472 761 1631 809 τειχῶν,
1666 756 1687 805 η
1709 760 1822 795 ποῖον

311 815 484 857 ἱππικόν,
518 811 638 861 ἢτῶν
659 814 840 852 ἁπάντων
866 815 904 852 τί
932 813 1143 864 χρήσιμον;
1173 812 1194 861 ἢ
1221 817 1302 854 τοῖς
1333 814 1492 862 ἀπόροις
1522 813 1699 861 πολιτικὴ
1726 811 1822 861 βοή-

309 872 394 908 θεια
424 867 446 918 ὴ
477 868 683 920 χρημάτων
713 869 896 917 εὐπορίας
962 867 1028 906 Sic
1052 867 1231 907 Aldina:
1270 882 1366 907 nam
1396 868 1684 907 Norrmannus
1715 867 1821 906 hanc

308 923 529 963 lectionem
546 938 567 962 e
584 923 753 976 vulgata
775 922 1030 976 interpolans
1047 928 1238 962 neutram
1256 923 1456 967 exhibuit,
1475 937 1607 975 neque
1625 922 1822 961 Aldinam

310 993 443 1032 neque
470 979 694 1031 vulgatam,
724 978 796 1017 sed
829 978 1004 1017 mixtam
1037 978 1174 1017 nescio
1199 993 1323 1031 quam
1358 979 1407 1017 de
1443 993 1516 1017 suo
1551 982 1820 1025 commentus,

311 1034 658 1087 quemadmodum
696 1034 852 1072 Portus
888 1048 1050 1086 quoque
1092 1048 1214 1086 saepe
1255 1034 1438 1073 locorum
1479 1034 1519 1072 in
1556 1034 1822 1086 Hermogene

310 1090 411 1129 fecit
439 1090 546 1129 malo
568 1089 769 1141 exemplo.
803 1089 998 1128 REISK.
1060 1088 1171 1127 Hinc
1195 1089 1386 1128 Tiberius
1407 1104 1446 1141 p.
1467 1100 1533 1141 57.
1558 1103 1591 1128 s.
1615 1088 1822 1141 excerpsit

310 1145 437 1184 haec:
476 1146 532 1186 τίς
563 1147 637 1195 γὰρ
671 1147 883 1195 συμμαχία,
919 1147 991 1183 σοῦ
1023 1144 1250 1193 πράξαντος,
1286 1144 1427 1195 γέγονε
1460 1146 1505 1198 τῇ
1537 1145 1675 1189 πόλεις
1714 1148 1823 1183 ποῖαι

311 1200 498 1250 τριήρεις;
547 1204 650 1238 ποῖοι
687 1201 913 1243 νεώσοικοι,
962 1201 1015 1240 τίς
1057 1200 1239 1248 ἐπισκευὴ
1278 1204 1444 1251 τειχῶν;
1490 1204 1603 1239 ποῖον
1640 1199 1819 1243 ἱππικόν;

315 1255 566 1295 SOHAEF.

369 1312 426 1351 τίς
452 1313 526 1360 γὰρ
548 1309 1048 1362 συμμαχία-ἐντιμοτέρα]
1082 1309 1146 1348 Ut
1176 1324 1250 1363 pel·
1272 1310 1596 1349 Demosthenem
1617 1324 1667 1348 ex
1698 1310 1822 1348 rebus

313 1366 355 1404 in
378 1365 551 1405 Euboea
572 1370 614 1404 et
635 1365 689 1403 ad
712 1365 958 1418 Byzantium
979 1365 1110 1418 gestis
1131 1365 1418 1405 benevolentia
1440 1369 1483 1404 et
1502 1365 1635 1418 gloria
1657 1370 1698 1405 et
1720 1364 1822 1404 talia

313 1420 581 1472 contigerunt
602 1419 708 1459 urbi.
753 1421 924 1459 mss]
931 1421 984 1459 N.

370 1478 466 1527 328,
491 1488 554 1523 20.
577 1476 788 1527 πρεσβεία]
828 1475 1131 1514 Demosthenes
1162 1475 1327 1529 legatus
1359 1475 1510 1528 ubique
1536 1475 1633 1516 vicit
1664 1475 1823 1529 legatos

316 1530 495 1583 Philippi
527 1535 568 1570 et
599 1531 715 1569 urbis
745 1531 1043 1570 auctoritatem
1075 1531 1219 1576 auxit;
1255 1530 1476 1569 Aeschinis
1509 1531 1738 1584 legationes
1768 1531 1824 1570 ad

316 1586 555 1639 Philippum
577 1585 732 1624 nullum
754 1585 887 1625 honor
889 1600 952 1625 em
974 1586 1130 1625 attulei
1133 1591 1208 1626 unt
1225 1586 1396 1626 civitati.
1431 1587 1605 1626 DISsP
1612 1588 1665 1626 N
1718 1586 1824 1625 Post

314 1643 507 1691 πρεσβεία
529 1655 690 1680 comma
710 1645 903 1693 ponatur.

371 1709 466 1748 329.
492 1709 527 1735 2.
549 1695 794 1744 Ἑλληνικῶν
820 1698 881 1735 καὶ
913 1696 1088 1749 ξενικῶν]
1118 1695 1335 1746 Ἑλληνικὰ
1362 1697 1471 1750 quod
1502 1695 1668 1741 attinet.
1702 1696 1823 1749 Pyla-

313 1765 437 1804 goras
470 1751 559 1796 fuit.
590 1750 658 1789 ubi
690 1756 832 1790 tamen
867 1751 1029 1790 nonnisi
1063 1752 1210 1790 turbas
1246 1752 1456 1791 excitavit.
1518 1751 1824 1791 Demosthenes

314 1811 455 1845 autem
477 1805 668 1845 liberavit
692 1806 906 1845 Euboeam
929 1810 970 1845 et
988 1807 1233 1858 1332a11tiu1n
1255 1806 1549 1859 psephismatis
1572 1806 1668 1845 suis.
1721 1806 1824 1846 Por-

315 1876 362 1899 ro
383 1863 512 1909 ξενικὰ
534 1866 631 1899 sunt
662 1861 887 1913 pactiones
910 1861 1118 1901 amicitiae
1144 1862 1328 1901 lationes
1357 1876 1449 1900 cum
1477 1861 1566 1900 aliis
1594 1861 1760 1914 regibus
1781 1866 1824 1901 et

316 1916 492 1969 populis,
514 1916 638 1955 xeluti
670 1930 763 1954 cum
794 1916 891 1954 Thi
884 1916 996 1955 aciae
1028 1917 1194 1969 legibus
1226 1916 1641 1963 i11tercesserunt‚cf
1664 1931 1703 1969 p.
1725 1918 1822 1968 308.

317 1986 410 2010 cum
442 1971 693 2023 Bosporanis
724 1972 900 2024 regibus
929 1972 978 2010 cf.
997 1972 1120 2024 Ocip
1147 1972 1275 2010 lnscr.
1300 1972 1375 2011 v.ol
1401 1986 1431 2010 1.
1455 1986 1516 2010 nr.
1541 1984 1630 2022 107.
1695 1971 1824 2010 Aliud

315 2026 546 2078 exemplum
570 2026 664 2065 talis
685 2026 892 2066 amicitiae
913 2041 1005 2065 cum
1027 2027 1181 2066 exteris
1203 2026 1369 2080 regibus
1389 2027 1566 2079 praebet
1586 2026 1823 2079 psephisma

316 2081 357 2119 in
391 2081 601 2120 Stratonis
635 2081 897 2120 Sidoniorum
929 2082 1038 2134 regis
1069 2082 1267 2121 honorem
1290 2082 1369 2121 vol.
1393 2095 1424 2120 1.
1449 2096 1510 2120 nr.
1535 2083 1599 2132 87.
1623 2081 1701 2120 etsi
1722 2085 1823 2120 tem-

318 2150 417 2188 pore
439 2136 564 2188 prius.
608 2137 841 2175 DISSEN.

374 2204 469 2243 329,
493 2205 531 2243 3.
563 2196 671 2230 ποῖαι
701 2191 883 2244 τριήρεις]
926 2191 1122 2231 Imitatur
1156 2192 1390 2231 Dinarchus
1423 2191 1516 2230 adv.
1549 2191 1822 2230 Demosthen.

319 2261 357 2298 p.
386 2258 471 2284 102.
499 2251 606 2284 ποῖαι
637 2249 710 2296 γὰρ
737 2246 898 2295 τριήρεις
930 2248 1005 2284 εἰσὶ
1037 2247 1392 2295 κατεσκευασμέναι
1423 2249 1484 2285 διὰ
1511 2248 1661 2292 τοῦτον,
1692 2247 1823 2296 ὥσπερ

319 2303 380 2339 ἐπὶ
417 2301 637 2349 Εὐβούλου,
669 2302 713 2353 τῇ
749 2303 886 2348 πόλεις
927 2300 949 2349 ἦ
980 2305 1082 2339 ποῖοι
1118 2303 1319 2340 νεώσοικοι
1354 2303 1489 2340 τούτου
1524 2300 1824 2349 πολιτευομένου

319 2356 534 2405 γεγόνασι,
568 2356 662 2393 πότε
691 2355 799 2394 οὗτος
828 2353 850 2402 ἢ
879 2358 939 2393 διὰ
960 2356 1215 2405 ψηφίσματος
1236 2355 1257 2404 ἦ
1280 2357 1396 2404 νόμου
1422 2356 1677 2404 ἐπηνώρθωσε
1699 2355 1742 2393 τὸ
1767 2357 1823 2394 ἱπ-

319 2411 455 2456 πικόν,
491 2427 523 2448 κ.
540 2426 571 2448 τ.
590 2415 628 2447 λ.
672 2410 904 2448 DISSEN.

376 2468 469 2503 ποῖα
487 2464 590 2513 βέλη
605 2464 636 2516 ;]
670 2464 735 2502 Sic
759 2464 971 2516 Lycurgus
993 2478 1074 2502 non
1096 2464 1165 2503 diu
1187 2470 1285 2504 ante
1314 2465 1419 2504 hanc
1445 2464 1674 2504 orationem
1699 2480 1824 2515 χειρο-

319 2520 492 2568 τονηθεὶς
514 2520 575 2558 ἐπὶ
596 2522 660 2567 τῆς
680 2521 747 2557 τοῦ
766 2519 939 2566 πολέμου
959 2522 1202 2569 παρασκευῆς
1224 2521 1328 2558 ὅπλα
1356 2521 1428 2568 μὲν
1448 2522 1580 2558 πολλὰ
1602 2520 1663 2557 καὶ
1690 2522 1825 2567 βελῶν

320 2574 502 2623 μυριάδας
536 2573 651 2612 πέντε
689 2574 902 2623 ἀνήνεγκεν
935 2575 988 2613 εἰς
1022 2575 1091 2622 τὴν
1124 2576 1348 2623 ἀκρόπολιν,
1382 2574 1431 2612 cs.
1453 2574 1690 2626 psephisma
1722 2578 1822 2612 tert.

323 2634 419 2681 post
437 2629 524 2667 Vit.
558 2642 616 2667 10.
639 2629 758 2667 Orat.
784 2643 850 2680 ap.
879 2629 1092 2667 Plutarch.
1115 2643 1153 2680 p.
1179 2630 1271 2680 852,
1334 2629 1451 2678 Quod
1483 2629 1639 2667 factum
1661 2628 1825 2667 videtur

323 2684 386 2723 Ol.
411 2697 417 2720 ι
438 2697 496 2728 11,
521 2696 557 2724 2.
590 2697 683 2721 cum
715 2683 864 2722 bellum
897 2683 1094 2722 adversus
1126 2684 1411 2722 Alexandrum
1443 2687 1652 2735 pararent,
1686 2697 1824 2735 quem-

322 2738 546 2777 admodum
581 2738 708 2776 etiam
744 2738 946 2776 Muellero
978 2738 1142 2777 videtur
1174 2739 1224 2777 de
1263 2737 1534 2776 Munimentis
1561 2738 1824 2777 Athenarum

324 2793 503 2831 Dissert.
526 2806 561 2831 2.
579 2808 617 2844 p.
635 2805 702 2844 30.
758 2792 957 2831 Similiter
978 2792 1019 2830 in
1041 2793 1320 2845 psephismate
1342 2793 1520 2831 secundo
1543 2797 1637 2844 post
1653 2792 1742 2831 Vit.
1765 2805 1823 2830 10.

325 2849 441 2886 Orat.
483 2862 520 2899 p.
552 2849 645 2899 851.
680 2847 963 2886 Demochares
998 2847 1195 2886 laudatur
1229 2849 1282 2886 ob
1315 2848 1562 2897 παρασκευὴν
1594 2848 1727 2885 ὅπλων
1765 2847 1824 2885 καὶ

323 2906 456 2950 βελῶν
479 2902 536 2939 καὶ
558 2903 854 2952 μηχανημάτων.
897 2901 1125 2940 DISSEN.
