1914 3184
147 1075 244 1097 XLHI

168 2860 257 2882 XLIV

260 125 329 165 xlii
878 123 1137 164 REISKII

966 265 996 307 ξ.
1021 274 1055 309 9.

612 346 670 380 De
689 344 961 392 Framfurtana
986 344 1233 379 Demosthenis
1253 344 1415 379 editione.

314 426 420 461 Haec
452 425 498 461 de
521 425 712 460 Wolfiana
740 424 1011 460 Demosthenis
1046 423 1213 458 editione
1247 430 1452 470 postrema,
1485 436 1580 471 quae
1616 424 1661 459 ad
1694 424 1767 459 hoc

259 490 333 526 diei
354 489 573 537 plenissima
593 496 630 523 et
650 487 926 537 perfectissima
946 487 1017 522 fuit
1037 487 1208 522 omnium
1231 495 1268 522 et
1288 487 1560 536 vulgatissima.
1619 488 1769 523 Recusa

259 554 413 601 quidem
445 560 501 588 est
532 553 600 593 bis,
623 551 861 587 Francofurti
891 552 1010 587 semel
1039 564 1140 586 anno
1160 552 1272 597 1604.
1296 560 1334 587 et
1354 559 1434 587 tum
1457 552 1636 588 Genevae
1667 564 1768 587 anno

263 618 389 663 1607.,
410 624 603 664 praestare
625 624 753 652 tamen
776 616 922 652 videtur
943 615 1186 655 Basileensis.
1205 628 1301 663 quae
1322 615 1473 651 videtur
1493 616 1664 651 omnium
1686 628 1767 651 cor-

257 681 469 716 rectissima
490 693 580 716 esse.
639 680 878 716 Genevensis
909 687 966 715 est
994 679 1199 716 admodum
1231 678 1390 715 sordidis
1411 680 1550 714 chartis
1571 692 1768 726 expressa;

258 752 457 792 praeterea
486 751 589 780 caret
619 744 763 791 optima
793 744 881 780 dote
903 743 1116 779 Wolfianae
1148 744 1338 784 editionis,
1355 743 1483 779 Wolfii
1513 742 1769 778 annotationi-

259 809 339 844 bus.
400 807 675 844 Francfurtana
709 808 913 843 luculentis
946 808 1099 856 quidem
1135 808 1274 844 chartis
1309 808 1483 856 typisque
1518 815 1574 843 est
1608 819 1769 847 excusa3

258 881 468 920 praeterea,
503 872 603 919 quod
642 872 678 906 in
724 872 1061 908 commoditatibus
1108 880 1285 907 numerat
1320 872 1526 913 Fabricius,
1568 870 1772 918 unicuique

259 936 422 972 orationi
452 936 580 971 statim
611 936 770 984 subjecti
801 944 890 971 sunt
918 936 957 971 in
987 936 1051 970 illa
1081 936 1248 971 editione
1279 935 1543 971 commentarii
1568 934 1770 984 Ulpianei;

260 1000 416 1036 tandem
438 1000 552 1035 etiam
574 1000 834 1035 accessionem
857 1000 1048 1047 quandam
1071 1000 1298 1035 variantium
1332 1000 1458 1041 habet,
1482 1012 1596 1047 quam
1617 999 1655 1034 in
1675 999 1773 1034 libro

261 1076 347 1100 meo
376 1064 605 1099 variantium
647 1064 838 1111 appellare
877 1063 982 1099 soleo
1020 1064 1242 1111 appendicem
1273 1063 1590 1110 Franefurtanam,
1623 1063 1670 1098 de
1700 1075 1775 1110 qua

263 1140 360 1175 quae
382 1128 504 1163 dicam
527 1128 621 1162 haec
641 1127 779 1162 habeo.
838 1127 909 1162 Sed
934 1127 1037 1175 prius
1059 1135 1181 1163 totum
1213 1128 1386 1163 habitum
1408 1128 1520 1176 hujus
1542 1127 1600 1162 ed.
1624 1125 1772 1162 Francf.

261 1192 471 1227 videamus.
531 1190 716 1226 'Universe
747 1200 804 1226 est
834 1191 967 1227 eadem
998 1204 1084 1227 cum
1108 1192 1329 1233 Basileensi,
1350 1191 1422 1226 nisi
1444 1192 1543 1238 quod
1571 1190 1773 1238 opusculo-

261 1268 345 1291 rum
377 1255 648 1290 nonnullorum
679 1255 806 1290 sedem
838 1256 1013 1290 mutavit.
1072 1256 1117 1290 E.
1139 1268 1172 1291 c.
1200 1256 1378 1303 epistolas
1398 1255 1525 1290 Wolfii
1554 1255 1600 1290 ad
1631 1255 1776 1303 Fugge*

261 1332 345 1354 rum
381 1327 419 1354 et
451 1319 496 1354 ad
529 1319 739 1354 Henricum
772 1319 927 1354 fratrem
963 1319 1000 1354 in
1038 1328 1207 1355 extrema
1241 1320 1344 1355 calce
1376 1319 1606 1355 Basileensis
1633 1319 1777 1354 locatas

264 1383 456 1419 revocavit
485 1383 579 1417 haec
610 1382 886 1418 Francfurtana
915 1382 961 1418 ad
991 1384 1114 1431 operis
1146 1384 1391 1431 principium.
1452 1383 1605 1431 Ulpiani
1634 1382 1778 1418 scholia

264 1447 428 1482 orationi
449 1447 586 1493 cuique
608 1447 782 1495 subjecit.
842 1446 917 1482 Sed
939 1447 1103 1482 debebat
1122 1447 1221 1482 idem
1245 1455 1355 1483 tenor
1376 1448 1490 1483 etiam
1521 1448 1559 1482 in
1582 1459 1776 1482 commen-

264 1510 368 1546 tariis
391 1510 591 1545 VVolfianis
616 1518 693 1546 tam
722 1511 767 1546 ad
794 1511 1097 1546 Demosthenem
1119 1524 1232 1558 quam
1263 1511 1309 1547 ad
1342 1512 1550 1558 Ulpianum
1578 1511 1709 1552 teneri,
1738 1518 1779 1546 ut

265 1582 301 1609 et
323 1574 368 1609 ad
386 1574 576 1609 orationes
598 1574 852 1623 adjicerentur
869 1576 1137 1610 annotationes
1154 1587 1324 1622 quasque
1346 1587 1449 1618 suae,
1468 1583 1506 1610 et
1526 1576 1570 1610 ad
1591 1575 1780 1622 Ulpianea

265 1639 411 1674 scholia
436 1639 527 1674 item
554 1652 656 1675 suae.
704 1640 795 1675 Vita
818 1647 898 1675 tum
930 1641 1103 1688 sequitur
1125 1640 1396 1676 Demosthenis
1426 1640 1706 1688 olympiadibus
1736 1652 1779 1674 ac

265 1703 452 1749 praeturis
473 1703 767 1739 Atheniensium
789 1704 970 1739 distincta
991 1716 1034 1740 ex
1057 1704 1249 1739 Parallelis
1270 1704 1443 1739 Andreae
1465 1703 1628 1745 Schotti,
1651 1715 1778 1739 acces-

265 1766 699 1814 sionibuslocupletata.
758 1768 1063 1803 Anuotationum
1092 1769 1207 1804 series
1236 1769 1348 1815 plane
1378 1769 1528 1803 inversa
1547 1776 1615 1803 est.
1676 1768 1778 1803 Reli-

267 1843 342 1877 qua
362 1831 489 1865 omnia
509 1839 597 1866 sunt
618 1832 751 1867 eadem
774 1840 815 1867 ut
835 1833 873 1867 in
895 1833 1120 1875 Basileensi,
1142 1833 1214 1867 nisi
1235 1833 1337 1879 quod
1362 1833 1399 1867 in
1422 1833 1497 1867 fine
1519 1832 1670 1867 additae
1692 1840 1781 1867 sunt

266 1895 430 1929 lectiones
450 1895 485 1928 in
506 1895 776 1930 Demosthenem
797 1896 958 1931 diversae
980 1897 1058 1941 (hic
1086 1904 1143 1932 est
1169 1896 1303 1932 titulus
1331 1897 1431 1931 illius
1456 1896 1648 1944 opusculi)
1673 1902 1744 1931 tum
1764 1908 1782 1930 e

266 1958 383 1993 codice
413 1959 562 2005 quodam
594 1964 729 1995 vetusto
758 1960 903 2000 Italico,
935 1966 1005 1995 tum
1037 1973 1078 1995 eoe
1108 1961 1251 2002 Aldz'no,
1280 1962 1335 1995 cui
1368 1961 1451 1996 illas
1484 1961 1538 1995 vir
1562 1961 1783 1995 doctissimus

265 2034 369 2056 mame
392 2023 546 2069 propria
571 2024 826 2070 adscripserat.
884 2024 1118 2066 Dolendum,
1141 2024 1241 2072 quod
1272 2032 1424 2059 curator
1452 2025 1564 2073 hujus
1593 2024 1781 2066 editionis,

267 2085 436 2132 quisquis
469 2085 551 2126 fuit,
587 2094 664 2122 tam
703 2088 869 2123 incertos
902 2100 972 2123 nos
1007 2088 1053 2124 de
1093 2088 1163 2123 hac
1199 2088 1405 2124 collatione
1439 2088 1661 2135 reliquerit:
1703 2097 1781 2123 tam

267 2149 439 2188 obscure,
462 2158 539 2185 tam
563 2151 712 2186 infinite
733 2151 779 2187 de
801 2152 933 2187 codice
954 2152 1120 2199 quodam
1142 2152 1276 2188 Italico
1307 2152 1486 2199 loquitur,
1508 2153 1561 2187 nil
1582 2152 1781 2194 definiens,

267 2215 374 2260 cujus
404 2213 466 2248 ille
502 2214 753 2250 bibliothecae
788 2215 913 2251 fuerit.
977 2217 1184 2264 Exemplar
1217 2217 1416 2257 Aldinum,
1447 2217 1509 2251 cui
1540 2217 1597 2251 vir
1627 2216 1782 2263 quidam

268 2276 403 2311 doctus
423 2277 615 2312 variantes
635 2278 773 2313 dicitur
793 2279 1047 2326 adscripsisse,
1063 2280 1215 2315 videtur
1234 2279 1347 2315 hodie
1368 2280 1405 2314 in
1431 2280 1661 2315 bibliotheca
1681 2280 1782 2315 Bod-

269 2339 405 2387 leyana
425 2340 563 2375 Oxonii
593 2342 787 2382 asservari,
812 2350 849 2377 et
870 2343 927 2377 vir
947 2342 1006 2378 ille
1027 2343 1163 2378 doctus
1185 2344 1317 2378 Petrus
1338 2343 1517 2379 Pithoeus
1547 2355 1637 2378 esse.
1696 2343 1783 2379 Co]-

269 2403 346 2451 ligo
384 2404 420 2439 id
457 2416 476 2439 e
515 2413 722 2452 conspectu
757 2405 985 2453 Taylorano,
1020 2407 1083 2442 ubi
1119 2407 1251 2447 codex,
1283 2420 1396 2454 quem
1426 2407 1565 2455 Taylor
1590 2407 1782 2443 Venetum

271 2467 449 2514 appellat,
471 2468 524 2503 sic
546 2476 755 2504 enarratur.
810 2469 972 2515 [Codex‚
994 2478 1036 2505 ut
1057 2479 1232 2506 constare
1263 2483 1372 2518 posse
1401 2471 1574 2512 arbitror,
1597 2470 1634 2506 S.
1658 2471 1783 2507 Marci

272 2531 455 2566 Venetiis.
507 2533 696 2567 variantes
731 2533 880 2580 excepit
910 2534 967 2568 vir
999 2534 1207 2569 industriae
1242 2543 1280 2570 et
1317 2535 1404 2570 fidei
1445 2547 1616 2570 summae
1652 2535 1784 2570 Petrus

272 2595 463 2631 Pithoeus.
521 2596 575 2631 Ex
597 2597 737 2632 Aldino
759 2598 965 2644 exemplari
990 2599 1028 2632 in
1052 2598 1283 2634 bibliotheca
1304 2598 1528 2647 Bodleyana
1547 2599 1701 2641 Oxonii‚
1723 2600 1785 2635 cui

272 2671 316 2693 ea
337 2659 518 2694 alleverat
541 2659 756 2706 Pithoeus]
818 2661 1017 2708 Nusquam
1039 2663 1306 2697 discernuntur
1326 2662 1364 2697 in
1385 2663 1464 2703 illa,
1484 2675 1596 2709 quam
1620 2663 1782 2710 appello,

272 2723 481 2769 appendice
513 2723 786 2759 Francfurtana
815 2725 998 2760 lectiones
1032 2726 1184 2761 illorum
1219 2726 1336 2761 duum
1371 2726 1560 2767 codicum,
1592 2726 1715 2762 Italici
1747 2734 1785 2762 et

273 2786 420 2821 Veneti.
472 2786 594 2834 Saepe
617 2788 772 2823 eaedem
794 2788 980 2824 lectiones
1004 2790 1058 2825 bis
1080 2790 1236 2826 diversis
1258 2791 1296 2825 in
1318 2791 1411 2826 locis
1433 2799 1638 2838 ponuntur.
1698 2790 1785 2838 Ipsa

272 2856 432 2884 testatur
461 2851 505 2885 ad
537 2864 572 2897 p.
603 2863 665 2897 31,
692 2853 748 2887 16.
780 2861 927 2899 partem
962 2854 1171 2889 lectionum
1206 2866 1224 2889 e
1253 2854 1402 2889 Veneto
1438 2867 1519 2890 esse
1554 2855 1780 2890 desumtam.

272 2911 467 2947 Interdum
500 2922 625 2949 tamen
658 2928 678 2949 a
709 2915 917 2952 pithoeano
948 2917 1148 2964 discrepat,
1171 2926 1212 2953 ut
1238 2931 1273 2965 p.
1298 2917 1359 2964 36,
1384 2930 1436 2964 ¹3-
1497 2918 1622 2953 Multa
1651 2919 1688 2952 in
1720 2917 1783 2952 illa
