1914 3184
280 138 335 178 56
676 138 1071 178 OLYNTHIACA
1109 137 1402 177 SECUNDA.

281 243 343 281 καὶ
364 243 451 284 τοὺς
472 242 635 292 λιμένας
652 262 659 288 ;
694 258 776 282 non
798 258 895 283 raro
914 243 1021 282 enim
1044 257 1149 281 unus
1170 242 1370 282 articulus
1392 242 1553 281 duobus
1575 241 1791 296 praeponi-

280 303 352 338 tur
372 298 628 338 diversorum
657 313 856 352 generum
882 298 1128 338 nominibus.
1191 297 1257 337 Sic
1280 297 1404 337 Plato
1422 297 1548 351 Gorg.
1571 313 1609 351 p.
1632 301 1714 348 469
1741 297 1790 336 E.

281 354 334 393 ab
358 353 541 407 Sauppio
576 354 755 394 citatus:
787 357 849 394 Τὰ
883 355 1022 404 νεώρια
1056 355 1116 393 καὶ
1149 353 1311 404 τριήρεις
1343 354 1404 392 καὶ
1434 356 1481 393 τὰ
1502 357 1623 392 πλοῖα
1650 353 1788 392 πάντα.

282 410 386 449 Cum
407 410 582 449 articulo
604 410 821 449 Demosth.
845 425 883 463 p.
915 422 975 461 15,
1001 422 1063 449 20.
1087 410 1174 450 τοὺς
1195 408 1356 458 λιμένας
1380 410 1441 448 καὶ
1461 411 1528 450 τὰς
1550 408 1702 460 ἀγοράς.

341 478 405 512 20,
427 478 489 504 21.
513 465 815 517 προειληφέναι]
845 465 1091 519 Praeripere
1113 471 1148 504 et
1161 478 1457 517 praeoccupare
1477 478 1543 504 res
1563 464 1792 504 festinabat

284 520 513 574 Philippus.
558 521 665 560 Phil.
715 536 753 574 p.
795 534 863 569 44.
903 522 970 569 48.
1011 533 1078 572 52.
1153 521 1264 559 Dum
1308 520 1456 560 Graeci
1504 520 1792 560 deliberabant

282 581 356 616 aut
378 577 549 616 classem
577 577 797 629 parabant,
824 577 1016 623 Macedo,
1040 576 1109 630 qui
1142 576 1250 616 bella
1283 590 1365 615 non
1395 575 1616 621 indicebat,
1641 575 1792 629 quique

282 633 406 672 rebus
423 633 582 680 aderat,
601 632 711 672 velut
732 633 900 672 morbus
916 632 1241 685 inexspectatus,
1257 631 1395 671 media
1415 645 1538 684 saepe
1555 631 1688 670 hieme
1704 631 1793 684 jam

282 693 451 741 ceperat
467 689 590 727 urbes
610 688 880 741 improvisus,
916 688 1026 741 quod
1042 687 1109 727 alii
1126 687 1277 727 facturi
1293 687 1552 734 videbantur,
1571 687 1637 726 ille
1658 687 1792 727 facere

283 744 528 797 occupabat,
551 744 775 796 hostesque
792 748 1072 791 antevertens,
1090 743 1283 795 injuriam
1299 743 1449 782 inferre
1467 742 1580 795 prior
1596 743 1790 790 malebat,

281 804 357 839 aut
387 800 671 840 imminentem
699 814 957 853 praecavere,
980 814 1105 853 quam
1138 799 1296 839 illatam
1327 798 1609 851 exspectando
1630 798 1719 851 pati
1750 804 1792 838 et

283 855 503 895 vindicare.
557 855 758 895 Valcken.
783 856 853 895 Or.
876 855 926 895 de
951 855 1057 894 Phil.
1079 870 1118 908 p.
1138 869 1231 907 250.
1254 854 1351 907 ibiq.
1374 859 1459 894 not.
1482 867 1550 906 35.
1604 853 1790 894 VOEM.

342 923 408 959 20,
445 924 509 953 22.
547 912 690 966 συστῇ]
739 911 782 950 Si
824 910 893 964 qui
930 916 1077 951 mutua
1111 910 1400 950 benevolentia
1436 909 1613 963 permoti
1648 910 1792 949 foedus

282 966 444 1006 icel'int.
507 967 630 1006 Isocr.
658 982 696 1020 p.
729 981 735 1006 1
755 981 765 1005 1
785 981 792 1005 1
825 967 888 1005 A:
923 968 1010 1006 οὔτε
1032 972 1111 1008 τοῖς
1138 967 1356 1017 βαρβάροις
1379 966 1478 1007 εἰκός
1500 967 1583 1004 ἐστι
1604 968 1793 1015 συστῆναι

283 1024 514 1072 τηλικαύτην
535 1024 706 1073 δύναμιν.
770 1022 981 1062 SAUPP.

344 1090 408 1125 20,
435 1091 498 1127 24.
522 1083 736 1128 συμπονεῖν
759 1080 819 1118 καὶ
842 1078 977 1129 φέρειν
998 1080 1064 1119 τὰς
1086 1078 1307 1130 συμφορὰς]
1338 1077 1402 1116 Ex
1424 1091 1473 1116 eo
1495 1077 1604 1130 quod
1626 1090 1791 1130 praece-

283 1133 347 1173 dit
369 1138 583 1183 συμπονεῖν
605 1134 851 1173 Schaeferus
882 1133 984 1174 dicit
1006 1134 1078 1173 σὺν
1099 1133 1227 1173 etiam
1256 1133 1291 1173 ei
1313 1134 1422 1185 quod
1449 1132 1636 1186 sequitur
1656 1132 1793 1195 φέρειν

283 1189 507 1243 cogitando
539 1190 776 1230 addendum
806 1204 908 1229 esse
970 1190 1051 1229 Sed
1074 1189 1217 1242 quidni
1248 1189 1347 1228 socii
1372 1189 1490 1228 lab01
1492 1202 1534 1228 es
1568 1187 1716 1241 partiri
1750 1192 1793 1228 et

284 1245 484 1298 quidquid
517 1245 803 1286 calamitatum
839 1245 916 1285 sibi
954 1245 1138 1285 evenerit
1163 1246 1271 1285 ferre
1304 1245 1448 1284 eodem
1477 1245 1570 1297 jure
1601 1243 1793 1283 dicantur

286 1316 409 1354 quam
431 1301 594 1341 labores
615 1306 658 1341 et
679 1301 938 1342 calamitates
960 1300 1106 1354 partiri
1121 1302 1133 1340 ’ἔ
1194 1300 1405 1341 SAUPP.

346 1369 410 1404 20,
431 1370 495 1409 27.
519 1358 762 1411 ἀνεχαίτισε]
793 1358 876 1397 Per
896 1357 1095 1408 ἀνέκοψεν
1111 1355 1133 1406 ἢ
1151 1356 1370 1407 ἀνέτρεψεν
1389 1356 1569 1409 explicat
1587 1355 1793 1409 Harpocr.

284 1427 335 1452 ex
356 1413 396 1452 h.
419 1413 443 1452 l.
507 1414 721 1466 Frequens
754 1413 1012 1466 metaphora,
1036 1417 1202 1465 sumpta
1234 1413 1286 1452 ab
1318 1426 1424 1466 equo
1449 1425 1651 1451 sessorem
1672 1425 1793 1451 excu-

284 1469 428 1508 tiente.

345 1536 409 1571 20,
436 1526 499 1563 23.
522 1525 565 1564 οὐ
587 1527 661 1575 γὰρ
684 1525 810 1577 ἔστιν]
842 1524 1109 1564 Marcellinus
1129 1525 1182 1563 ad
1207 1524 1460 1577 Hermogen.
1483 1538 1523 1576 p.
1545 1536 1642 1576 313.
1664 1538 1697 1562 c.
1720 1523 1790 1563 fin.

286 1579 500 1630 ἀρξάμενος
522 1580 597 1619 ἀπὸ
618 1585 693 1619 τῶν
727 1583 822 1619 κατὰ
854 1580 989 1632 ψυχὴν
1021 1581 1174 1630 πρόεισι
1200 1580 1315 1631 μέχρι
1347 1584 1422 1618 τῶν
1445 1581 1564 1621 ἐκτός.
1597 1580 1692 1625 οἷον,
1716 1583 1795 1620 πῶς

285 1636 368 1686 ἔχει
384 1639 514 1687 ψυχῆς
531 1637 728 1677 Φίλιππος
746 1652 755 1683 ;
789 1636 1049 1687 (declaratur
1065 1635 1141 1674 hoc
1161 1651 1197 1688 p.
1226 1649 1285 1685 [o.
1309 1635 1543 1686 Demosth.)
1578 1636 1636 1673 ὅτι
1657 1636 1797 1684 ἀθυμεῖ

291 1690 394 1742 (sic),
419 1692 480 1730 καὶ
501 1692 560 1730 ὅτι
581 1692 646 1730 οὐκ
670 1692 777 1731 ἔστιν
798 1693 1002 1731 ἀδικοῦντα
1024 1692 1085 1730 καὶ
1107 1693 1359 1741 ἐπιορκοῦντα
1381 1692 1443 1730 καὶ
1464 1692 1711 1741 ψευδόμενον
1732 1691 1794 1730 δύ-

289 1763 404 1796 ναμιν
426 1748 577 1786 δικαίαν
611 1747 839 1796 κτήσασθαι.
871 1751 948 1788 πῶς
979 1749 1026 1786 τὰ
1059 1748 1191 1791 ἐκτός;
1225 1747 1283 1785 ὅτι
1306 1747 1503 1786 Θετταλοὶ
1534 1747 1703 1785 ἄπιστοι.
1736 1746 1795 1784 ὅτι

286 1801 473 1852 Ἰλλυριοὶ
515 1803 575 1841 καὶ
612 1804 782 1844 Παίονες
817 1804 1039 1852 ἐλευθερίας
1076 1804 1340 1852 ἐπιθυμοῦσιν.
1385 1803 1443 1841 ὅτι
1478 1805 1554 1840 τῶν
1589 1802 1794 1851 προσόδων

290 1857 491 1907 ἐστέρηται
523 1858 584 1897 καὶ
605 1857 849 1908 στερήσεται.
880 1859 938 1897 ὅτι
972 1860 1025 1899 εἰς
1046 1857 1186 1897 στενὸν
1220 1860 1351 1907 κομιδῆ
1381 1859 1428 1896 τὰ
1459 1860 1524 1905 τῆς
1551 1859 1695 1906 τροφῆς
1715 1860 1796 1897 τοῖς

288 1912 413 1962 ξένοις
435 1914 534 1967 αὐτῷ
557 1915 852 1962 καταστήσεται.
888 1914 948 1952 καὶ
970 1914 1071 1954 ὅπως
1092 1914 1251 1964 ἔχουσιν
1279 1914 1315 1952 οἱ
1337 1914 1574 1953 Μακεδόνες.
1609 1913 1671 1951 καὶ
1694 1913 1791 1961 ἑξῆς.

289 1969 350 2007 ἐπὶ
371 1970 443 2017 μὲν
464 1969 532 2008 οὖν
553 1973 628 2008 τῶν
650 1973 787 2008 κοινῶν
812 1969 879 2020 (de
899 1969 1022 2008 rebus
1044 1983 1125 2007 non
1157 1967 1226 2007 uni
1249 1967 1438 2022 propriis,
1458 1968 1530 2006 sed
1552 1981 1654 2020 quas
1674 1967 1794 2007 multi

287 2023 558 2077 participant)
584 2026 631 2063 τὰ
653 2024 761 2066 ἐκτὸς
781 2025 953 2074 μάλιστα
969 2024 1037 2073 τὴν
1058 2026 1248 2075 χορηγίαν
1268 2025 1358 2073 ἡμῖν
1379 2024 1597 2074 παρέξεται.
1619 2023 1732 2072 ἡνίκα
1753 2024 1794 2062 δὲ

287 2079 382 2129 πρὸς
402 2081 603 2130 τύραννον,
627 2079 648 2129 ἢ
670 2081 876 2130 δυνάστην,
899 2079 920 2129 ἢ
942 2081 1043 2121 ὅλως
1077 2081 1145 2119 ἕνα
1166 2081 1287 2130 ἄνδρα
1319 2081 1339 2118 ὁ
1371 2080 1542 2129 πόλεμος
1571 2081 1639 2128 ε’ίη,
1662 2079 1795 2130 χώραν

288 2135 378 2184 ἡμῖν
400 2137 446 2174 τὰ
468 2135 542 2174 ἀπὸ
564 2138 630 2184 τῆς
650 2138 780 2187 ψυχῆς
798 2135 1016 2186 παρέξεται,
1050 2135 1285 2185 ἐξετάσομεν
1300 2137 1374 2186 γὰρ
1393 2136 1617 2184 ἐπιβουλὰς,
1636 2133 1793 2181 ἀπάτας,

289 2191 449 2235 ἀδικίας,
474 2191 522 2231 ὡς
544 2191 798 2240 Δημοσθένης
821 2192 991 2239 ἐποίησε.
1023 2192 1249 2241 χρησόμεθα
1270 2192 1309 2230 δὲ
1343 2191 1403 2229 καὶ
1433 2194 1512 2231 τοῖς
1541 2190 1693 2238 ἔξωθεν.
1727 2189 1795 2228 οὐκ

290 2245 506 2296 ἀποχρήσει
520 2247 561 2285 δὲ
578 2248 624 2284 τὰ
637 2250 712 2285 τῶν
729 2248 927 2295 πολεμίων
939 2247 1060 2295 μόνον
1078 2244 1324 2295 διαβάλλειν,
1342 2248 1448 2285 ἀλλὰ
1464 2248 1524 2286 δεῖ
1535 2246 1596 2284 καὶ
1613 2247 1660 2284 τὰ
1672 2247 1795 2284 οἰκεῖα

290 2317 495 2349 συστησαι,
520 2302 569 2342 ὡς
589 2303 609 2339 ὁ
633 2303 870 2350 Θουκυδίδης
892 2303 934 2340 ἐν
955 2302 998 2350 τῇ
1024 2302 1260 2351 Περικλέους
1280 2302 1502 2353 δημηγορία.
1553 2300 1746 2339 REISK.

348 2367 411 2402 21,
442 2369 473 2394 1.
496 2357 602 2395 ἀλλὰ
622 2359 670 2395 τὰ
701 2357 876 2408 τοιαῦτα]
906 2356 1021 2396 Citat
1051 2356 1091 2395 h.
1113 2356 1138 2395 l.
1163 2356 1449 2410 Hermogenes
1480 2371 1518 2425 p.
1541 2368 1638 2408 334
1667 2370 1701 2395 c.
1722 2355 1792 2394 fin.

289 2411 432 2450 λοιπὸν
459 2411 560 2452 ειδος
581 2428 710 2461 τριτον
741 2413 861 2457 εστὶν,
885 2411 914 2464 ᾧ
946 2413 1006 2450 καὶ
1028 2413 1047 2450 ὁ
1079 2412 1202 2462 ῥήτωρ
1225 2411 1418 2463 κέχρηται.
1451 2413 1600 2462 γίνεται
1621 2413 1674 2456 δὲ,
1699 2412 1794 2450 ὅταν

291 2469 411 2516 τροπῇ
434 2483 508 2505 τινι
540 2467 780 2518 χρησάμενοι
800 2484 851 2517 μη
873 2468 1027 2517 σφόδρα
1049 2468 1219 2519 αὐστηρᾷ
1239 2469 1333 2516 μηδε
1359 2469 1509 2519 σκληρᾷ
1531 2483 1600 2506 κατ
1634 2467 1794 2505 ἀκολου-

292 2523 380 2560 θίαν
414 2523 561 2571 ἐκείνης
594 2522 730 2573 ἑτέραν
764 2522 1033 2573 ἐπενέγκωμεν
1059 2523 1218 2573 τροπὴν,
1242 2522 1507 2573 σκληροτέραν
1538 2524 1622 2571 μὲν,
1645 2523 1689 2561 οὐ
1718 2538 1794 2571 μην

291 2577 484 2616 δοκοῦσάν
505 2594 550 2628 γε
573 2577 671 2617 εἶναι
691 2579 869 2627 τοιαύτην
890 2580 951 2617 διὰ
981 2582 1047 2617 τοῦ
1078 2577 1365 2629 προειρημένου.
1397 2579 1493 2617 οἱον·
1527 2579 1632 2616 ἀλλα
1652 2579 1699 2616 τὰ
1721 2593 1794 2616 τοι-

292 2635 388 2671 αῦτα
410 2634 462 2674 εἰς
481 2635 553 2682 μὲν
574 2633 675 2682 ἅπαξ
697 2635 758 2673 καὶ
778 2634 933 2685 βραχὺν
952 2634 1097 2684 χρόνον
1119 2634 1275 2685 ἀντέχει
1297 2635 1358 2672 καὶ
1383 2634 1538 2684 σφόδρα
1558 2649 1604 2684 γε
1624 2633 1794 2682 ἤνθησεν

292 2688 354 2725 ἐπὶ
375 2692 458 2729 ταῖς
479 2690 648 2734 ελπίσιν,
672 2688 720 2728 ἂν
742 2691 850 2740 τύχῃ,
873 2690 923 2742 τῷ
944 2690 1073 2757 χρόνω
1095 2691 1135 2728 δὲ
1158 2693 1332 2740 φωρᾶται
1355 2690 1416 2728 καὶ
1437 2689 1523 2739 περὶ
1543 2686 1638 2727 αὐτα
1660 2704 1793 2738 καταρ-

290 2746 361 2791 ρεῖ.
393 2743 436 2781 τὸ
458 2743 531 2794 γὰρ
552 2744 697 2793 ἤνθησε
718 2744 901 2794 τροπικὸν
920 2746 1004 2793 μὲν,
1027 2745 1071 2783 οὐ
1097 2761 1172 2793 μην
1204 2744 1397 2794 αὐστηρὸν
1419 2744 1505 2783 οὐδε
1537 2744 1719 2793 σκληρόν·
1751 2743 1793 2781 τὸ

292 2799 331 2835 δὲ
357 2803 537 2849 καταρρεῖ
554 2799 727 2849 σκληρὸν
749 2802 924 2850 ἰσχυρῶς.
957 2800 1001 2838 οὐ
1031 2801 1107 2848 μὴν
1137 2803 1311 2839 τοιοῦτον
1333 2799 1458 2850 ἐφάνη
1489 2798 1550 2838 διὰ
1577 2799 1619 2837 τὸ
1645 2799 1725 2847 ἐξ’
1707 2815 1793 2837 ακο-

292 2854 452 2894 λουθίας
474 2856 658 2903 εἰρῆσθαι·
692 2855 754 2893 ἐπὶ
775 2854 849 2905 γὰρ
864 2859 939 2894 τῶν
956 2855 1106 2894 ἀνθέων
1122 2859 1197 2893 τῶν
1213 2854 1507 2905 μαραινομένων
1528 2854 1571 2892 τὸ
1592 2856 1794 2903 καταρρεῖν

293 2908 438 2958 σχεδὸν
461 2911 591 2958 κυρίως
612 2909 781 2959 λέγεται.
812 2910 881 2959 ἤδη
905 2911 945 2949 δὲ
969 2910 1092 2949 αὐτῶν
1118 2911 1159 2960 (f.
1186 2911 1314 2959 αὐτοῦ)
1337 2909 1405 2959 τὴν
1427 2910 1528 2959 ἄγαν
1549 2910 1792 2959 σκληρότητα
