<?xml version="1.0" encoding="UTF-8"?>
<!DOCTYPE html PUBLIC "-//W3C//DTD XHTML 1.0 Transitional//EN"
    "http://www.w3.org/TR/xhtml1/DTD/xhtml1-transitional.dtd">
<html xmlns="http://www.w3.org/1999/xhtml" xml:lang="en" lang="en">
 <head>
  <title>
</title>
<meta http-equiv="Content-Type" content="text/html;charset=utf-8" />
  <meta name='ocr-system' content='tesseract 3.04.00' />
  <meta name='ocr-capabilities' content='ocr_page ocr_carea ocr_par ocr_line ocrx_word'/>
</head>
<body>
  <div class='ocr_page' id='page_1' title='image "./operaexrecension05demouoft_0055.png"; bbox 0 0 1935 3205; ppageno 0'>
   <div class='ocr_carea' id='block_1_1' title="bbox 689 136 1646 176">
    <p class='ocr_par' dir='ltr' id='par_1_1' title="bbox 689 136 1646 176">
     <span class='ocr_line' id='line_1_1' title="bbox 689 136 1646 176; baseline 0.001 -1"><span class='ocrx_word' id='word_1_1' title='bbox 689 137 813 175; x_wconf 68' lang='lat' dir='ltr'>vim</span> <span class='ocrx_word' id='word_1_2' title='bbox 830 136 860 175; x_wconf 63' lang='lat'>1⁴]</span> <span class='ocrx_word' id='word_1_3' title='bbox 876 137 952 176; x_wconf 72' lang='lat' dir='ltr'>FA</span> <span class='ocrx_word' id='word_1_4' title='bbox 968 136 1089 176; x_wconf 61' lang='lat' dir='ltr'>&#39;1¹1st</span> <span class='ocrx_word' id='word_1_5' title='bbox 1624 138 1646 176; x_wconf 88' lang='lat' dir='ltr'>li</span> 
     </span>
    </p>
   </div>
   <div class='ocr_carea' id='block_1_2' title="bbox 121 244 1741 2782">
    <p class='ocr_par' dir='ltr' id='par_1_2' title="bbox 121 244 1741 2782">
     <span class='ocr_line' id='line_1_2' title="bbox 132 244 1648 292; baseline 0.002 -16"><span class='ocrx_word' id='word_1_6' title='bbox 132 244 317 278; x_wconf 85' lang='lat' dir='ltr'>nonnullo</span> <span class='ocrx_word' id='word_1_7' title='bbox 348 245 398 279; x_wconf 81' lang='lat' dir='ltr'>rci</span> <span class='ocrx_word' id='word_1_8' title='bbox 432 244 624 279; x_wconf 80' lang='lat' dir='ltr'>familiaris</span> <span class='ocrx_word' id='word_1_9' title='bbox 656 245 931 285; x_wconf 72' lang='lat' dir='ltr'>emolumenm,</span> <span class='ocrx_word' id='word_1_10' title='bbox 964 244 1086 278; x_wconf 83' lang='lat' dir='ltr'>famae</span> <span class='ocrx_word' id='word_1_11' title='bbox 1118 244 1300 279; x_wconf 68' lang='lat' dir='ltr'>facientes</span> <span class='ocrx_word' id='word_1_12' title='bbox 1329 247 1532 292; x_wconf 71' lang='lat' dir='ltr'>jacturam,</span> <span class='ocrx_word' id='word_1_13' title='bbox 1563 258 1648 279; x_wconf 75' lang='lat' dir='ltr'>cuni</span> 
     </span>
     <span class='ocr_line' id='line_1_3' title="bbox 130 308 1648 356; baseline 0.001 -15"><span class='ocrx_word' id='word_1_14' title='bbox 130 319 283 343; x_wconf 83' lang='lat' dir='ltr'>necesse</span> <span class='ocrx_word' id='word_1_15' title='bbox 314 308 361 342; x_wconf 85' lang='lat' dir='ltr'>sit</span> <span class='ocrx_word' id='word_1_16' title='bbox 395 321 522 356; x_wconf 84' lang='lat' dir='ltr'>opera,</span> <span class='ocrx_word' id='word_1_17' title='bbox 556 322 631 344; x_wconf 87' lang='lat' dir='ltr'>non</span> <span class='ocrx_word' id='word_1_18' title='bbox 671 309 846 348; x_wconf 81' lang='lat' dir='ltr'>scribere,</span> <span class='ocrx_word' id='word_1_19' title='bbox 879 308 942 343; x_wconf 76' lang='lat' dir='ltr'>scd</span> <span class='ocrx_word' id='word_1_20' title='bbox 981 321 1168 343; x_wconf 78' lang='lat' dir='ltr'>evomere.</span> <span class='ocrx_word' id='word_1_21' title='bbox 1229 308 1502 343; x_wconf 85' lang='lat' dir='ltr'>Condoncmus</span> <span class='ocrx_word' id='word_1_22' title='bbox 1534 308 1648 343; x_wconf 85' lang='lat' dir='ltr'>ctiam</span> 
     </span>
     <span class='ocr_line' id='line_1_4' title="bbox 130 371 1647 419; baseline 0.001 -14"><span class='ocrx_word' id='word_1_23' title='bbox 130 371 271 406; x_wconf 82' lang='lat' dir='ltr'>saeculi</span> <span class='ocrx_word' id='word_1_24' title='bbox 293 371 400 407; x_wconf 84' lang='lat' dir='ltr'>istius</span> <span class='ocrx_word' id='word_1_25' title='bbox 427 373 594 412; x_wconf 74' lang='lat' dir='ltr'>ruditati,</span> <span class='ocrx_word' id='word_1_26' title='bbox 619 381 698 409; x_wconf 90' lang='lat' dir='ltr'>tum</span> <span class='ocrx_word' id='word_1_27' title='bbox 721 373 890 408; x_wconf 88' lang='lat' dir='ltr'>nondum</span> <span class='ocrx_word' id='word_1_28' title='bbox 921 372 1100 408; x_wconf 86' lang='lat' dir='ltr'>adsuetae</span> <span class='ocrx_word' id='word_1_29' title='bbox 1124 373 1168 407; x_wconf 88' lang='lat' dir='ltr'>ad</span> <span class='ocrx_word' id='word_1_30' title='bbox 1197 372 1436 419; x_wconf 66' lang='lat' dir='ltr'>diligentiam</span> <span class='ocrx_word' id='word_1_31' title='bbox 1465 372 1647 406; x_wconf 73' lang='lat' dir='ltr'>criticam.</span> 
     </span>
     <span class='ocr_line' id='line_1_5' title="bbox 129 435 1647 484; baseline 0 -15"><span class='ocrx_word' id='word_1_32' title='bbox 129 435 254 478; x_wconf 81' lang='lat' dir='ltr'>Quam</span> <span class='ocrx_word' id='word_1_33' title='bbox 278 436 420 483; x_wconf 73' lang='lat' dir='ltr'>primus</span> <span class='ocrx_word' id='word_1_34' title='bbox 448 437 621 472; x_wconf 74' lang='lat' dir='ltr'>adhibuit</span> <span class='ocrx_word' id='word_1_35' title='bbox 644 437 889 472; x_wconf 67' lang='lat' dir='ltr'>Demostheni</span> <span class='ocrx_word' id='word_1_36' title='bbox 913 437 1013 472; x_wconf 78' lang='lat' dir='ltr'>(iuil.</span> <span class='ocrx_word' id='word_1_37' title='bbox 1033 437 1230 477; x_wconf 82' lang='lat' dir='ltr'>Morellus,</span> <span class='ocrx_word' id='word_1_38' title='bbox 1255 437 1310 471; x_wconf 78' lang='lat' dir='ltr'>vir</span> <span class='ocrx_word' id='word_1_39' title='bbox 1338 436 1523 484; x_wconf 62' lang='lat' dir='ltr'>egregiuS,</span> <span class='ocrx_word' id='word_1_40' title='bbox 1548 435 1647 470; x_wconf 86' lang='lat' dir='ltr'>idem</span> 
     </span>
     <span class='ocr_line' id='line_1_6' title="bbox 130 498 1650 548; baseline 0 -15"><span class='ocrx_word' id='word_1_41' title='bbox 130 506 258 534; x_wconf 85' lang='lat' dir='ltr'>tamen</span> <span class='ocrx_word' id='word_1_42' title='bbox 292 499 432 534; x_wconf 73' lang='lat' dir='ltr'>Wolfio</span> <span class='ocrx_word' id='word_1_43' title='bbox 468 502 650 548; x_wconf 76' lang='lat' dir='ltr'>aequalis,</span> <span class='ocrx_word' id='word_1_44' title='bbox 685 510 721 536; x_wconf 81' lang='lat' dir='ltr'>et</span> <span class='ocrx_word' id='word_1_45' title='bbox 757 501 890 536; x_wconf 82' lang='lat' dir='ltr'>eadem</span> <span class='ocrx_word' id='word_1_46' title='bbox 927 509 1053 536; x_wconf 85' lang='lat' dir='ltr'>aetate</span> <span class='ocrx_word' id='word_1_47' title='bbox 1089 514 1219 535; x_wconf 78' lang='lat' dir='ltr'>saxum</span> <span class='ocrx_word' id='word_1_48' title='bbox 1255 513 1342 535; x_wconf 86' lang='lat' dir='ltr'>cum</span> <span class='ocrx_word' id='word_1_49' title='bbox 1379 500 1459 547; x_wconf 80' lang='lat' dir='ltr'>ipso</span> <span class='ocrx_word' id='word_1_50' title='bbox 1495 498 1650 534; x_wconf 84' lang='lat' dir='ltr'>volvens</span> 
     </span>
     <span class='ocr_line' id='line_1_7' title="bbox 130 562 1649 613; baseline 0.001 -16"><span class='ocrx_word' id='word_1_51' title='bbox 130 563 484 600; x_wconf 85' lang='lat' dir='ltr'>Demosthenicum.</span> <span class='ocrx_word' id='word_1_52' title='bbox 544 566 644 601; x_wconf 86' lang='lat' dir='ltr'>Octo</span> <span class='ocrx_word' id='word_1_53' title='bbox 672 565 823 600; x_wconf 85' lang='lat' dir='ltr'>codices</span> <span class='ocrx_word' id='word_1_54' title='bbox 848 565 910 600; x_wconf 90' lang='lat' dir='ltr'>ille</span> <span class='ocrx_word' id='word_1_55' title='bbox 939 577 1026 600; x_wconf 88' lang='lat' dir='ltr'>cum</span> <span class='ocrx_word' id='word_1_56' title='bbox 1050 565 1303 613; x_wconf 68' lang='lat' dir='ltr'>Herwagiana</span> <span class='ocrx_word' id='word_1_57' title='bbox 1324 564 1446 611; x_wconf 90' lang='lat' dir='ltr'>prima</span> <span class='ocrx_word' id='word_1_58' title='bbox 1473 562 1649 605; x_wconf 85' lang='lat' dir='ltr'>contulit,</span> 
     </span>
     <span class='ocr_line' id='line_1_8' title="bbox 130 625 1647 677; baseline 0.001 -16"><span class='ocrx_word' id='word_1_59' title='bbox 130 634 167 661; x_wconf 90' lang='lat' dir='ltr'>et</span> <span class='ocrx_word' id='word_1_60' title='bbox 188 625 370 664; x_wconf 84' lang='lat' dir='ltr'>lectiones</span> <span class='ocrx_word' id='word_1_61' title='bbox 392 642 433 663; x_wconf 78' lang='lat' dir='ltr'>ex</span> <span class='ocrx_word' id='word_1_62' title='bbox 456 629 528 664; x_wconf 77' lang='lat' dir='ltr'>illis</span> <span class='ocrx_word' id='word_1_63' title='bbox 549 642 570 664; x_wconf 84' lang='lat' dir='ltr'>a</span> <span class='ocrx_word' id='word_1_64' title='bbox 590 643 629 665; x_wconf 86' lang='lat' dir='ltr'>se</span> <span class='ocrx_word' id='word_1_65' title='bbox 651 637 824 664; x_wconf 77' lang='lat' dir='ltr'>enotatas</span> <span class='ocrx_word' id='word_1_66' title='bbox 846 629 881 663; x_wconf 92' lang='lat' dir='ltr'>in</span> <span class='ocrx_word' id='word_1_67' title='bbox 905 629 1075 677; x_wconf 79' lang='lat' dir='ltr'>margine</span> <span class='ocrx_word' id='word_1_68' title='bbox 1101 641 1189 663; x_wconf 81' lang='lat' dir='ltr'>suae</span> <span class='ocrx_word' id='word_1_69' title='bbox 1211 628 1388 663; x_wconf 75' lang='lat' dir='ltr'>editionis</span> <span class='ocrx_word' id='word_1_70' title='bbox 1409 627 1541 663; x_wconf 86' lang='lat' dir='ltr'>retulit</span> <span class='ocrx_word' id='word_1_71' title='bbox 1561 640 1647 663; x_wconf 81' lang='lat' dir='ltr'>cum</span> 
     </span>
     <span class='ocr_line' id='line_1_9' title="bbox 130 690 1651 740; baseline 0.001 -16"><span class='ocrx_word' id='word_1_72' title='bbox 130 698 221 725; x_wconf 86' lang='lat' dir='ltr'>nota</span> <span class='ocrx_word' id='word_1_73' title='bbox 255 694 438 740; x_wconf 83' lang='lat' dir='ltr'>cujusque</span> <span class='ocrx_word' id='word_1_74' title='bbox 473 693 625 734; x_wconf 85' lang='lat' dir='ltr'>codicis,</span> <span class='ocrx_word' id='word_1_75' title='bbox 661 693 760 727; x_wconf 79' lang='lat' dir='ltr'>unde</span> <span class='ocrx_word' id='word_1_76' title='bbox 797 691 911 727; x_wconf 87' lang='lat' dir='ltr'>lectio</span> <span class='ocrx_word' id='word_1_77' title='bbox 947 704 1122 739; x_wconf 85' lang='lat' dir='ltr'>quaeque</span> <span class='ocrx_word' id='word_1_78' title='bbox 1158 700 1284 727; x_wconf 87' lang='lat' dir='ltr'>sumta</span> <span class='ocrx_word' id='word_1_79' title='bbox 1318 699 1429 727; x_wconf 80' lang='lat' dir='ltr'>esset.</span> <span class='ocrx_word' id='word_1_80' title='bbox 1488 690 1651 727; x_wconf 84' lang='lat' dir='ltr'>Codices</span> 
     </span>
     <span class='ocr_line' id='line_1_10' title="bbox 128 754 1648 804; baseline 0.001 -16"><span class='ocrx_word' id='word_1_81' title='bbox 128 754 212 790; x_wconf 88' lang='lat' dir='ltr'>illos</span> <span class='ocrx_word' id='word_1_82' title='bbox 242 755 361 791; x_wconf 85' lang='lat' dir='ltr'>literis</span> <span class='ocrx_word' id='word_1_83' title='bbox 393 756 586 804; x_wconf 83' lang='lat' dir='ltr'>alphabeti</span> <span class='ocrx_word' id='word_1_84' title='bbox 617 756 755 791; x_wconf 81' lang='lat' dir='ltr'>Graeci</span> <span class='ocrx_word' id='word_1_85' title='bbox 788 756 1012 804; x_wconf 75' lang='lat' dir='ltr'>designavit,</span> <span class='ocrx_word' id='word_1_86' title='bbox 1040 756 1205 803; x_wconf 88' lang='lat' dir='ltr'>primum</span> <span class='ocrx_word' id='word_1_87' title='bbox 1240 756 1349 791; x_wconf 84' lang='lat' dir='ltr'>litera</span> <span class='ocrx_word' id='word_1_88' title='bbox 1378 772 1409 795; x_wconf 84' lang='lat' dir='ltr'>a,</span> <span class='ocrx_word' id='word_1_89' title='bbox 1438 755 1648 791; x_wconf 84' lang='lat' dir='ltr'>secundum</span> 
     </span>
     <span class='ocr_line' id='line_1_11' title="bbox 128 818 1648 867; baseline 0 -14"><span class='ocrx_word' id='word_1_90' title='bbox 128 818 239 854; x_wconf 85' lang='lat' dir='ltr'>litera</span> <span class='ocrx_word' id='word_1_91' title='bbox 263 823 298 861; x_wconf 83' lang='grc' dir='ltr'>β,</span> <span class='ocrx_word' id='word_1_92' title='bbox 320 827 357 854; x_wconf 91' lang='lat' dir='ltr'>et</span> <span class='ocrx_word' id='word_1_93' title='bbox 384 820 437 855; x_wconf 83' lang='lat' dir='ltr'>sic</span> <span class='ocrx_word' id='word_1_94' title='bbox 464 833 588 867; x_wconf 89' lang='lat' dir='ltr'>porro.</span> <span class='ocrx_word' id='word_1_95' title='bbox 651 820 795 855; x_wconf 86' lang='lat' dir='ltr'>llorum</span> <span class='ocrx_word' id='word_1_96' title='bbox 824 819 999 855; x_wconf 90' lang='lat' dir='ltr'>codicum</span> <span class='ocrx_word' id='word_1_97' title='bbox 1027 819 1202 854; x_wconf 78' lang='lat' dir='ltr'>notitiam</span> <span class='ocrx_word' id='word_1_98' title='bbox 1225 832 1243 855; x_wconf 93' lang='lat' dir='ltr'>e</span> <span class='ocrx_word' id='word_1_99' title='bbox 1264 819 1432 867; x_wconf 82' lang='lat' dir='ltr'>Tayloro</span> <span class='ocrx_word' id='word_1_100' title='bbox 1454 827 1598 867; x_wconf 89' lang='lat' dir='ltr'>repete,</span> <span class='ocrx_word' id='word_1_101' title='bbox 1620 820 1648 854; x_wconf 84' lang='lat' dir='ltr'>si</span> 
     </span>
     <span class='ocr_line' id='line_1_12' title="bbox 128 882 1648 932; baseline 0 -14"><span class='ocrx_word' id='word_1_102' title='bbox 128 882 265 929; x_wconf 81' lang='lat' dir='ltr'>placet.</span> <span class='ocrx_word' id='word_1_103' title='bbox 324 883 464 919; x_wconf 84' lang='lat' dir='ltr'>Verum</span> <span class='ocrx_word' id='word_1_104' title='bbox 497 896 573 919; x_wconf 89' lang='lat' dir='ltr'>non</span> <span class='ocrx_word' id='word_1_105' title='bbox 608 883 793 931; x_wconf 84' lang='lat' dir='ltr'>processit</span> <span class='ocrx_word' id='word_1_106' title='bbox 823 883 917 918; x_wconf 87' lang='lat' dir='ltr'>haec</span> <span class='ocrx_word' id='word_1_107' title='bbox 949 883 1103 918; x_wconf 86' lang='lat' dir='ltr'>Morelli</span> <span class='ocrx_word' id='word_1_108' title='bbox 1138 883 1337 932; x_wconf 82' lang='lat' dir='ltr'>diligentia</span> <span class='ocrx_word' id='word_1_109' title='bbox 1368 883 1468 918; x_wconf 82' lang='lat' dir='ltr'>ultra</span> <span class='ocrx_word' id='word_1_110' title='bbox 1501 891 1648 930; x_wconf 87' lang='lat' dir='ltr'>partem</span> 
     </span>
     <span class='ocr_line' id='line_1_13' title="bbox 128 945 1651 995; baseline 0.001 -14"><span class='ocrx_word' id='word_1_111' title='bbox 128 945 244 987; x_wconf 85' lang='lat' dir='ltr'>illam,</span> <span class='ocrx_word' id='word_1_112' title='bbox 267 960 364 994; x_wconf 85' lang='lat' dir='ltr'>quae</span> <span class='ocrx_word' id='word_1_113' title='bbox 394 948 475 995; x_wconf 90' lang='lat' dir='ltr'>ipso</span> <span class='ocrx_word' id='word_1_114' title='bbox 505 948 629 984; x_wconf 87' lang='lat' dir='ltr'>adhuc</span> <span class='ocrx_word' id='word_1_115' title='bbox 659 948 861 995; x_wconf 83' lang='lat' dir='ltr'>superstite</span> <span class='ocrx_word' id='word_1_116' title='bbox 891 960 1028 983; x_wconf 73' lang='lat' dir='ltr'>excusa</span> <span class='ocrx_word' id='word_1_117' title='bbox 1054 946 1136 982; x_wconf 89' lang='lat' dir='ltr'>fuit.</span> <span class='ocrx_word' id='word_1_118' title='bbox 1195 946 1411 994; x_wconf 81' lang='lat' dir='ltr'>Supersunt</span> <span class='ocrx_word' id='word_1_119' title='bbox 1438 947 1535 982; x_wconf 87' lang='lat' dir='ltr'>illius</span> <span class='ocrx_word' id='word_1_120' title='bbox 1565 947 1651 982; x_wconf 88' lang='lat' dir='ltr'>dili-</span> 
     </span>
     <span class='ocr_line' id='line_1_14' title="bbox 128 1010 1649 1060; baseline -0.001 -14"><span class='ocrx_word' id='word_1_121' title='bbox 128 1011 280 1059; x_wconf 83' lang='lat' dir='ltr'>gentiae</span> <span class='ocrx_word' id='word_1_122' title='bbox 309 1011 469 1060; x_wconf 77' lang='lat' dir='ltr'>vestigia</span> <span class='ocrx_word' id='word_1_123' title='bbox 498 1012 684 1059; x_wconf 85' lang='lat' dir='ltr'>quaedam</span> <span class='ocrx_word' id='word_1_124' title='bbox 716 1011 839 1047; x_wconf 86' lang='lat' dir='ltr'>adhuc</span> <span class='ocrx_word' id='word_1_125' title='bbox 870 1012 907 1046; x_wconf 90' lang='lat' dir='ltr'>in</span> <span class='ocrx_word' id='word_1_126' title='bbox 938 1011 1111 1046; x_wconf 87' lang='lat' dir='ltr'>oratione</span> <span class='ocrx_word' id='word_1_127' title='bbox 1143 1011 1190 1046; x_wconf 92' lang='lat' dir='ltr'>de</span> <span class='ocrx_word' id='word_1_128' title='bbox 1220 1010 1314 1046; x_wconf 87' lang='lat' dir='ltr'>falsa</span> <span class='ocrx_word' id='word_1_129' title='bbox 1343 1011 1546 1060; x_wconf 81' lang='lat' dir='ltr'>legatione.</span> <span class='ocrx_word' id='word_1_130' title='bbox 1606 1011 1649 1046; x_wconf 88' lang='lat' dir='ltr'>In</span> 
     </span>
     <span class='ocr_line' id='line_1_15' title="bbox 128 1075 1649 1124; baseline -0.001 -14"><span class='ocrx_word' id='word_1_131' title='bbox 128 1075 418 1122; x_wconf 84' lang='lat' dir='ltr'>insequentibus</span> <span class='ocrx_word' id='word_1_132' title='bbox 448 1076 561 1124; x_wconf 90' lang='lat' dir='ltr'>plane</span> <span class='ocrx_word' id='word_1_133' title='bbox 593 1076 809 1124; x_wconf 79' lang='lat' dir='ltr'>exspiravit.</span> <span class='ocrx_word' id='word_1_134' title='bbox 868 1075 912 1110; x_wconf 92' lang='lat' dir='ltr'>In</span> <span class='ocrx_word' id='word_1_135' title='bbox 942 1075 1008 1110; x_wconf 86' lang='lat' dir='ltr'>illa</span> <span class='ocrx_word' id='word_1_136' title='bbox 1036 1084 1143 1123; x_wconf 87' lang='lat' dir='ltr'>parte</span> <span class='ocrx_word' id='word_1_137' title='bbox 1162 1075 1277 1111; x_wconf 89' lang='lat' dir='ltr'>Dem.</span> <span class='ocrx_word' id='word_1_138' title='bbox 1303 1075 1512 1115; x_wconf 86' lang='lat' dir='ltr'>Lutetiani,</span> <span class='ocrx_word' id='word_1_139' title='bbox 1535 1088 1649 1122; x_wconf 86' lang='lat' dir='ltr'>quam</span> 
     </span>
     <span class='ocr_line' id='line_1_16' title="bbox 129 1137 1649 1185; baseline 0 -12"><span class='ocrx_word' id='word_1_140' title='bbox 129 1137 338 1174; x_wconf 89' lang='lat' dir='ltr'>Lambinus</span> <span class='ocrx_word' id='word_1_141' title='bbox 372 1139 531 1181; x_wconf 89' lang='lat' dir='ltr'>curavit,</span> <span class='ocrx_word' id='word_1_142' title='bbox 563 1147 630 1174; x_wconf 90' lang='lat' dir='ltr'>aut</span> <span class='ocrx_word' id='word_1_143' title='bbox 663 1139 790 1174; x_wconf 89' lang='lat' dir='ltr'>nullos</span> <span class='ocrx_word' id='word_1_144' title='bbox 820 1139 882 1173; x_wconf 91' lang='lat' dir='ltr'>ille</span> <span class='ocrx_word' id='word_1_145' title='bbox 913 1137 1064 1174; x_wconf 88' lang='lat' dir='ltr'>codices</span> <span class='ocrx_word' id='word_1_146' title='bbox 1094 1138 1274 1185; x_wconf 77' lang='lat' dir='ltr'>inspexit,</span> <span class='ocrx_word' id='word_1_147' title='bbox 1305 1146 1370 1173; x_wconf 87' lang='lat' dir='ltr'>aut</span> <span class='ocrx_word' id='word_1_148' title='bbox 1404 1151 1558 1185; x_wconf 84' lang='lat' dir='ltr'>perraro</span> <span class='ocrx_word' id='word_1_149' title='bbox 1592 1138 1649 1173; x_wconf 91' lang='lat' dir='ltr'>in-</span> 
     </span>
     <span class='ocr_line' id='line_1_17' title="bbox 128 1201 1646 1250; baseline -0.001 -13"><span class='ocrx_word' id='word_1_150' title='bbox 128 1202 262 1249; x_wconf 81' lang='lat' dir='ltr'>spexit,</span> <span class='ocrx_word' id='word_1_151' title='bbox 284 1202 364 1238; x_wconf 90' lang='lat' dir='ltr'>sine</span> <span class='ocrx_word' id='word_1_152' title='bbox 391 1202 532 1238; x_wconf 89' lang='lat' dir='ltr'>indicio</span> <span class='ocrx_word' id='word_1_153' title='bbox 554 1203 708 1250; x_wconf 90' lang='lat' dir='ltr'>quidem</span> <span class='ocrx_word' id='word_1_154' title='bbox 737 1202 890 1249; x_wconf 90' lang='lat' dir='ltr'>reliquit</span> <span class='ocrx_word' id='word_1_155' title='bbox 916 1201 1113 1243; x_wconf 89' lang='lat' dir='ltr'>lectiones,</span> <span class='ocrx_word' id='word_1_156' title='bbox 1136 1202 1165 1236; x_wconf 82' lang='lat' dir='ltr'>si</span> <span class='ocrx_word' id='word_1_157' title='bbox 1187 1214 1280 1249; x_wconf 89' lang='lat' dir='ltr'>quas</span> <span class='ocrx_word' id='word_1_158' title='bbox 1308 1201 1412 1237; x_wconf 85' lang='lat' dir='ltr'>illinc</span> <span class='ocrx_word' id='word_1_159' title='bbox 1434 1202 1620 1249; x_wconf 72' lang='lat' dir='ltr'>excerpsit</span> <span class='ocrx_word' id='word_1_160' title='bbox 1639 1217 1646 1236; x_wconf 89' lang='lat'>:</span> 
     </span>
     <span class='ocr_line' id='line_1_18' title="bbox 128 1265 1650 1315; baseline 0 -14"><span class='ocrx_word' id='word_1_161' title='bbox 128 1267 250 1301; x_wconf 89' lang='lat' dir='ltr'>multo</span> <span class='ocrx_word' id='word_1_162' title='bbox 270 1267 431 1302; x_wconf 85' lang='lat' dir='ltr'>rariores</span> <span class='ocrx_word' id='word_1_163' title='bbox 458 1275 548 1301; x_wconf 88' lang='lat' dir='ltr'>sunt</span> <span class='ocrx_word' id='word_1_164' title='bbox 563 1269 642 1315; x_wconf 89' lang='lat' dir='ltr'>jam</span> <span class='ocrx_word' id='word_1_165' title='bbox 672 1266 856 1302; x_wconf 83' lang='lat' dir='ltr'>lectiones</span> <span class='ocrx_word' id='word_1_166' title='bbox 878 1265 1081 1306; x_wconf 83' lang='lat' dir='ltr'>variantes,</span> <span class='ocrx_word' id='word_1_167' title='bbox 1105 1278 1219 1312; x_wconf 86' lang='lat' dir='ltr'>quam</span> <span class='ocrx_word' id='word_1_168' title='bbox 1241 1266 1278 1301; x_wconf 92' lang='lat' dir='ltr'>in</span> <span class='ocrx_word' id='word_1_169' title='bbox 1308 1274 1415 1313; x_wconf 87' lang='lat' dir='ltr'>parte</span> <span class='ocrx_word' id='word_1_170' title='bbox 1444 1279 1466 1301; x_wconf 85' lang='lat' dir='ltr'>a</span> <span class='ocrx_word' id='word_1_171' title='bbox 1486 1266 1650 1301; x_wconf 78' lang='lat' dir='ltr'>Morello</span> 
     </span>
     <span class='ocr_line' id='line_1_19' title="bbox 129 1328 1650 1377; baseline 0 -12"><span class='ocrx_word' id='word_1_172' title='bbox 129 1337 272 1370; x_wconf 84' lang='lat' dir='ltr'>curata,</span> <span class='ocrx_word' id='word_1_173' title='bbox 295 1338 333 1365; x_wconf 89' lang='lat' dir='ltr'>et</span> <span class='ocrx_word' id='word_1_174' title='bbox 363 1330 588 1377; x_wconf 87' lang='lat' dir='ltr'>plerumque</span> <span class='ocrx_word' id='word_1_175' title='bbox 617 1344 636 1365; x_wconf 86' lang='lat' dir='ltr'>e</span> <span class='ocrx_word' id='word_1_176' title='bbox 658 1329 827 1365; x_wconf 84' lang='lat' dir='ltr'>fontibus</span> <span class='ocrx_word' id='word_1_177' title='bbox 856 1328 1076 1377; x_wconf 70' lang='lat' dir='ltr'>vulgaribus</span> <span class='ocrx_word' id='word_1_178' title='bbox 1104 1329 1276 1365; x_wconf 86' lang='lat' dir='ltr'>haustae.</span> <span class='ocrx_word' id='word_1_179' title='bbox 1336 1329 1409 1365; x_wconf 88' lang='lat' dir='ltr'>Sed</span> <span class='ocrx_word' id='word_1_180' title='bbox 1440 1331 1510 1365; x_wconf 86' lang='lat' dir='ltr'>hac</span> <span class='ocrx_word' id='word_1_181' title='bbox 1538 1330 1584 1365; x_wconf 86' lang='lat' dir='ltr'>de</span> <span class='ocrx_word' id='word_1_182' title='bbox 1611 1343 1650 1365; x_wconf 92' lang='lat' dir='ltr'>re</span> 
     </span>
     <span class='ocr_line' id='line_1_20' title="bbox 122 1393 1649 1442; baseline 0 -14"><span class='ocrx_word' id='word_1_183' title='bbox 122 1396 202 1442; x_wconf 89' lang='lat' dir='ltr'>jam</span> <span class='ocrx_word' id='word_1_184' title='bbox 226 1406 339 1441; x_wconf 78' lang='lat' dir='ltr'>supia</span> <span class='ocrx_word' id='word_1_185' title='bbox 360 1402 516 1440; x_wconf 85' lang='lat' dir='ltr'>questus</span> <span class='ocrx_word' id='word_1_186' title='bbox 538 1406 635 1428; x_wconf 89' lang='lat' dir='ltr'>sum.</span> <span class='ocrx_word' id='word_1_187' title='bbox 695 1393 783 1428; x_wconf 86' lang='lat' dir='ltr'>Post</span> <span class='ocrx_word' id='word_1_188' title='bbox 804 1393 1050 1428; x_wconf 88' lang='lat' dir='ltr'>intervallum</span> <span class='ocrx_word' id='word_1_189' title='bbox 1073 1401 1228 1428; x_wconf 86' lang='lat' dir='ltr'>centum</span> <span class='ocrx_word' id='word_1_190' title='bbox 1252 1400 1290 1428; x_wconf 90' lang='lat' dir='ltr'>et</span> <span class='ocrx_word' id='word_1_191' title='bbox 1311 1393 1552 1441; x_wconf 82' lang='lat' dir='ltr'>septuaginta</span> <span class='ocrx_word' id='word_1_192' title='bbox 1572 1393 1649 1429; x_wconf 88' lang='lat' dir='ltr'>fere</span> 
     </span>
     <span class='ocr_line' id='line_1_21' title="bbox 127 1455 1741 1505; baseline 0.001 -13"><span class='ocrx_word' id='word_1_193' title='bbox 127 1470 313 1492; x_wconf 86' lang='lat' dir='ltr'>annorum</span> <span class='ocrx_word' id='word_1_194' title='bbox 334 1457 474 1504; x_wconf 85' lang='lat' dir='ltr'>prodiit</span> <span class='ocrx_word' id='word_1_195' title='bbox 494 1457 646 1505; x_wconf 87' lang='lat' dir='ltr'>Taylor,</span> <span class='ocrx_word' id='word_1_196' title='bbox 669 1470 688 1491; x_wconf 83' lang='lat' dir='ltr'>a</span> <span class='ocrx_word' id='word_1_197' title='bbox 710 1470 784 1503; x_wconf 90' lang='lat' dir='ltr'>quo</span> <span class='ocrx_word' id='word_1_198' title='bbox 813 1469 934 1503; x_wconf 86' lang='lat' dir='ltr'>paene</span> <span class='ocrx_word' id='word_1_199' title='bbox 956 1455 1162 1503; x_wconf 87' lang='lat' dir='ltr'>perfectam</span> <span class='ocrx_word' id='word_1_200' title='bbox 1191 1464 1410 1504; x_wconf 80' lang='lat' dir='ltr'>poteramus</span> <span class='ocrx_word' id='word_1_201' title='bbox 1439 1457 1646 1493; x_wconf 87' lang='lat' dir='ltr'>editionem</span> <span class='ocrx_word' id='word_1_202' title='bbox 1661 1465 1741 1488; x_wconf 75' lang='lat' dir='ltr'>Lvn</span> 
     </span>
     <span class='ocr_line' id='line_1_22' title="bbox 126 1520 1649 1568; baseline 0.001 -13"><span class='ocrx_word' id='word_1_203' title='bbox 126 1520 237 1555; x_wconf 85' lang='lat' dir='ltr'>Dem.</span> <span class='ocrx_word' id='word_1_204' title='bbox 266 1533 431 1568; x_wconf 87' lang='lat' dir='ltr'>sperare.</span> <span class='ocrx_word' id='word_1_205' title='bbox 491 1522 636 1556; x_wconf 78' lang='lat' dir='ltr'>Extulit</span> <span class='ocrx_word' id='word_1_206' title='bbox 670 1534 756 1557; x_wconf 88' lang='lat' dir='ltr'>eum</span> <span class='ocrx_word' id='word_1_207' title='bbox 788 1521 982 1556; x_wconf 88' lang='lat' dir='ltr'>saeculum</span> <span class='ocrx_word' id='word_1_208' title='bbox 1013 1521 1135 1556; x_wconf 89' lang='lat' dir='ltr'>multo</span> <span class='ocrx_word' id='word_1_209' title='bbox 1166 1521 1335 1568; x_wconf 90' lang='lat' dir='ltr'>pluribus</span> <span class='ocrx_word' id='word_1_210' title='bbox 1369 1521 1461 1556; x_wconf 89' lang='lat' dir='ltr'>artis</span> <span class='ocrx_word' id='word_1_211' title='bbox 1493 1520 1649 1556; x_wconf 83' lang='lat' dir='ltr'>criticae</span> 
     </span>
     <span class='ocr_line' id='line_1_23' title="bbox 127 1584 1646 1632; baseline 0 -13"><span class='ocrx_word' id='word_1_212' title='bbox 127 1584 368 1620; x_wconf 85' lang='lat' dir='ltr'>adminiculis</span> <span class='ocrx_word' id='word_1_213' title='bbox 395 1585 637 1626; x_wconf 86' lang='lat' dir='ltr'>instructum,</span> <span class='ocrx_word' id='word_1_214' title='bbox 661 1598 774 1632; x_wconf 87' lang='lat' dir='ltr'>quam</span> <span class='ocrx_word' id='word_1_215' title='bbox 798 1585 868 1620; x_wconf 89' lang='lat' dir='ltr'>fuit</span> <span class='ocrx_word' id='word_1_216' title='bbox 895 1584 1091 1620; x_wconf 84' lang='lat' dir='ltr'>saeculum</span> <span class='ocrx_word' id='word_1_217' title='bbox 1116 1586 1171 1620; x_wconf 85' lang='lat'>16.</span> <span class='ocrx_word' id='word_1_218' title='bbox 1230 1585 1374 1620; x_wconf 83' lang='lat' dir='ltr'>Aderat</span> <span class='ocrx_word' id='word_1_219' title='bbox 1403 1585 1436 1620; x_wconf 89' lang='lat' dir='ltr'>ei</span> <span class='ocrx_word' id='word_1_220' title='bbox 1458 1597 1534 1620; x_wconf 88' lang='lat' dir='ltr'>non</span> <span class='ocrx_word' id='word_1_221' title='bbox 1556 1597 1646 1619; x_wconf 90' lang='lat' dir='ltr'>con-</span> 
     </span>
     <span class='ocr_line' id='line_1_24' title="bbox 127 1648 1647 1696; baseline 0 -13"><span class='ocrx_word' id='word_1_222' title='bbox 127 1649 335 1685; x_wconf 87' lang='lat' dir='ltr'>temnenda</span> <span class='ocrx_word' id='word_1_223' title='bbox 361 1649 470 1696; x_wconf 90' lang='lat' dir='ltr'>copia</span> <span class='ocrx_word' id='word_1_224' title='bbox 498 1662 564 1684; x_wconf 89' lang='lat' dir='ltr'>seu</span> <span class='ocrx_word' id='word_1_225' title='bbox 592 1649 775 1685; x_wconf 87' lang='lat' dir='ltr'>librorum</span> <span class='ocrx_word' id='word_1_226' title='bbox 803 1649 950 1684; x_wconf 86' lang='lat' dir='ltr'>calamo</span> <span class='ocrx_word' id='word_1_227' title='bbox 978 1657 1235 1689; x_wconf 81' lang='lat' dir='ltr'>exaratorum,</span> <span class='ocrx_word' id='word_1_228' title='bbox 1258 1661 1324 1684; x_wconf 88' lang='lat' dir='ltr'>seu</span> <span class='ocrx_word' id='word_1_229' title='bbox 1351 1648 1578 1684; x_wconf 82' lang='lat' dir='ltr'>variantium</span> <span class='ocrx_word' id='word_1_230' title='bbox 1601 1661 1647 1683; x_wconf 83' lang='lat' dir='ltr'>ex</span> 
     </span>
     <span class='ocr_line' id='line_1_25' title="bbox 128 1712 1647 1761; baseline 0.001 -14"><span class='ocrx_word' id='word_1_231' title='bbox 128 1712 172 1748; x_wconf 88' lang='lat' dir='ltr'>iis</span> <span class='ocrx_word' id='word_1_232' title='bbox 193 1721 476 1760; x_wconf 64' lang='lat' dir='ltr'>exemptarum,</span> <span class='ocrx_word' id='word_1_233' title='bbox 499 1726 658 1760; x_wconf 89' lang='lat' dir='ltr'>quarum</span> <span class='ocrx_word' id='word_1_234' title='bbox 680 1713 844 1749; x_wconf 88' lang='lat' dir='ltr'>indicem</span> <span class='ocrx_word' id='word_1_235' title='bbox 868 1715 948 1761; x_wconf 88' lang='lat' dir='ltr'>ejus</span> <span class='ocrx_word' id='word_1_236' title='bbox 969 1712 1156 1760; x_wconf 86' lang='lat' dir='ltr'>praefatio</span> <span class='ocrx_word' id='word_1_237' title='bbox 1184 1713 1353 1756; x_wconf 81' lang='lat' dir='ltr'>exhibet,</span> <span class='ocrx_word' id='word_1_238' title='bbox 1377 1712 1412 1748; x_wconf 92' lang='lat' dir='ltr'>in</span> <span class='ocrx_word' id='word_1_239' title='bbox 1435 1713 1539 1749; x_wconf 87' lang='lat' dir='ltr'>calce</span> <span class='ocrx_word' id='word_1_240' title='bbox 1560 1726 1647 1748; x_wconf 86' lang='lat' dir='ltr'>nos-</span> 
     </span>
     <span class='ocr_line' id='line_1_26' title="bbox 128 1776 1649 1824; baseline 0.001 -13"><span class='ocrx_word' id='word_1_241' title='bbox 128 1776 176 1811; x_wconf 87' lang='lat' dir='ltr'>tri</span> <span class='ocrx_word' id='word_1_242' title='bbox 205 1777 331 1824; x_wconf 87' lang='lat' dir='ltr'>operis</span> <span class='ocrx_word' id='word_1_243' title='bbox 360 1790 437 1812; x_wconf 90' lang='lat' dir='ltr'>una</span> <span class='ocrx_word' id='word_1_244' title='bbox 470 1789 555 1813; x_wconf 90' lang='lat' dir='ltr'>cum</span> <span class='ocrx_word' id='word_1_245' title='bbox 592 1777 750 1812; x_wconf 81' lang='lat' dir='ltr'>aliorum</span> <span class='ocrx_word' id='word_1_246' title='bbox 787 1776 1087 1824; x_wconf 86' lang='lat' dir='ltr'>praefationibus</span> <span class='ocrx_word' id='word_1_247' title='bbox 1116 1789 1137 1812; x_wconf 89' lang='lat' dir='ltr'>a</span> <span class='ocrx_word' id='word_1_248' title='bbox 1167 1777 1276 1812; x_wconf 89' lang='lat' dir='ltr'>nobis</span> <span class='ocrx_word' id='word_1_249' title='bbox 1304 1777 1512 1813; x_wconf 87' lang='lat' dir='ltr'>reddenda.</span> <span class='ocrx_word' id='word_1_250' title='bbox 1573 1777 1649 1813; x_wconf 85' lang='lat' dir='ltr'>Sed</span> 
     </span>
     <span class='ocr_line' id='line_1_27' title="bbox 128 1839 1648 1889; baseline 0.002 -15"><span class='ocrx_word' id='word_1_251' title='bbox 128 1839 246 1875; x_wconf 88' lang='lat' dir='ltr'>nimia</span> <span class='ocrx_word' id='word_1_252' title='bbox 273 1841 307 1876; x_wconf 90' lang='lat' dir='ltr'>ei</span> <span class='ocrx_word' id='word_1_253' title='bbox 334 1842 528 1877; x_wconf 86' lang='lat' dir='ltr'>cunctatio</span> <span class='ocrx_word' id='word_1_254' title='bbox 549 1841 689 1883; x_wconf 85' lang='lat' dir='ltr'>offecit,</span> <span class='ocrx_word' id='word_1_255' title='bbox 713 1841 842 1876; x_wconf 87' lang='lat' dir='ltr'>nescio</span> <span class='ocrx_word' id='word_1_256' title='bbox 863 1841 1000 1888; x_wconf 85' lang='lat' dir='ltr'>quibus</span> <span class='ocrx_word' id='word_1_257' title='bbox 1027 1853 1048 1876; x_wconf 88' lang='lat' dir='ltr'>a</span> <span class='ocrx_word' id='word_1_258' title='bbox 1075 1842 1218 1877; x_wconf 85' lang='lat' dir='ltr'>caussis</span> <span class='ocrx_word' id='word_1_259' title='bbox 1246 1841 1430 1889; x_wconf 88' lang='lat' dir='ltr'>profecta.</span> <span class='ocrx_word' id='word_1_260' title='bbox 1490 1841 1648 1878; x_wconf 85' lang='lat' dir='ltr'>Interim</span> 
     </span>
     <span class='ocr_line' id='line_1_28' title="bbox 121 1904 1648 1954; baseline 0 -14"><span class='ocrx_word' id='word_1_261' title='bbox 121 1904 266 1952; x_wconf 87' lang='lat' dir='ltr'>judicia</span> <span class='ocrx_word' id='word_1_262' title='bbox 295 1905 482 1952; x_wconf 88' lang='lat' dir='ltr'>quaedam</span> <span class='ocrx_word' id='word_1_263' title='bbox 510 1908 589 1954; x_wconf 89' lang='lat' dir='ltr'>ejus</span> <span class='ocrx_word' id='word_1_264' title='bbox 619 1905 665 1941; x_wconf 91' lang='lat' dir='ltr'>de</span> <span class='ocrx_word' id='word_1_265' title='bbox 694 1905 889 1941; x_wconf 86' lang='lat' dir='ltr'>codicibus</span> <span class='ocrx_word' id='word_1_266' title='bbox 919 1905 1161 1952; x_wconf 82' lang='lat' dir='ltr'>quibusdam,</span> <span class='ocrx_word' id='word_1_267' title='bbox 1193 1906 1256 1953; x_wconf 89' lang='lat' dir='ltr'>qui</span> <span class='ocrx_word' id='word_1_268' title='bbox 1285 1906 1319 1941; x_wconf 88' lang='lat' dir='ltr'>ei</span> <span class='ocrx_word' id='word_1_269' title='bbox 1346 1913 1498 1953; x_wconf 89' lang='lat' dir='ltr'>praesto</span> <span class='ocrx_word' id='word_1_270' title='bbox 1526 1914 1648 1947; x_wconf 85' lang='lat' dir='ltr'>erant,</span> 
     </span>
     <span class='ocr_line' id='line_1_29' title="bbox 127 1967 1648 2018; baseline 0.001 -15"><span class='ocrx_word' id='word_1_271' title='bbox 127 1968 187 2004; x_wconf 89' lang='lat' dir='ltr'>hic</span> <span class='ocrx_word' id='word_1_272' title='bbox 207 1967 429 2004; x_wconf 89' lang='lat' dir='ltr'>referamus.</span> <span class='ocrx_word' id='word_1_273' title='bbox 479 1969 785 2018; x_wconf 89' lang='lat' dir='ltr'>Altempsianum</span> <span class='ocrx_word' id='word_1_274' title='bbox 809 1969 962 2005; x_wconf 89' lang='lat' dir='ltr'>scholiis</span> <span class='ocrx_word' id='word_1_275' title='bbox 983 1969 1036 2004; x_wconf 88' lang='lat' dir='ltr'>ait</span> <span class='ocrx_word' id='word_1_276' title='bbox 1056 1970 1362 2006; x_wconf 83' lang='lat' dir='ltr'>contaminatum</span> <span class='ocrx_word' id='word_1_277' title='bbox 1386 1982 1481 2011; x_wconf 87' lang='lat' dir='ltr'>esse,</span> <span class='ocrx_word' id='word_1_278' title='bbox 1502 1983 1538 2017; x_wconf 92' lang='lat' dir='ltr'>p.</span> <span class='ocrx_word' id='word_1_279' title='bbox 1563 1982 1648 2017; x_wconf 89' lang='lat'>147,</span> 
     </span>
     <span class='ocr_line' id='line_1_30' title="bbox 127 2033 1648 2082; baseline 0.001 -14"><span class='ocrx_word' id='word_1_280' title='bbox 127 2042 189 2079; x_wconf 82' lang='lat'>37.</span> <span class='ocrx_word' id='word_1_281' title='bbox 211 2041 249 2068; x_wconf 89' lang='lat' dir='ltr'>et</span> <span class='ocrx_word' id='word_1_282' title='bbox 275 2045 337 2078; x_wconf 89' lang='lat'>40.</span> <span class='ocrx_word' id='word_1_283' title='bbox 396 2033 672 2069; x_wconf 85' lang='lat' dir='ltr'>Baroccianum</span> <span class='ocrx_word' id='word_1_284' title='bbox 705 2034 754 2068; x_wconf 89' lang='lat' dir='ltr'>ait</span> <span class='ocrx_word' id='word_1_285' title='bbox 787 2046 834 2068; x_wconf 85' lang='lat' dir='ltr'>ex</span> <span class='ocrx_word' id='word_1_286' title='bbox 864 2033 1093 2082; x_wconf 81' lang='lat' dir='ltr'>Augustano</span> <span class='ocrx_word' id='word_1_287' title='bbox 1128 2033 1253 2081; x_wconf 88' lang='lat' dir='ltr'>primo</span> <span class='ocrx_word' id='word_1_288' title='bbox 1286 2034 1521 2081; x_wconf 80' lang='lat' dir='ltr'>exscriptum</span> <span class='ocrx_word' id='word_1_289' title='bbox 1554 2046 1648 2073; x_wconf 86' lang='lat' dir='ltr'>esse,</span> 
     </span>
     <span class='ocr_line' id='line_1_31' title="bbox 127 2095 1647 2144; baseline 0.001 -13"><span class='ocrx_word' id='word_1_290' title='bbox 127 2104 192 2131; x_wconf 88' lang='lat' dir='ltr'>aut</span> <span class='ocrx_word' id='word_1_291' title='bbox 213 2105 347 2132; x_wconf 89' lang='lat' dir='ltr'>contra</span> <span class='ocrx_word' id='word_1_292' title='bbox 366 2097 468 2132; x_wconf 89' lang='lat' dir='ltr'>hunc</span> <span class='ocrx_word' id='word_1_293' title='bbox 489 2109 531 2132; x_wconf 81' lang='lat' dir='ltr'>ex</span> <span class='ocrx_word' id='word_1_294' title='bbox 554 2097 631 2140; x_wconf 88' lang='lat' dir='ltr'>illo,</span> <span class='ocrx_word' id='word_1_295' title='bbox 654 2109 690 2144; x_wconf 87' lang='lat' dir='ltr'>p.</span> <span class='ocrx_word' id='word_1_296' title='bbox 714 2096 803 2142; x_wconf 81' lang='lat'><strong>328,</strong></span> <span class='ocrx_word' id='word_1_297' title='bbox 830 2106 890 2142; x_wconf 80' lang='lat'>27.</span> <span class='ocrx_word' id='word_1_298' title='bbox 913 2096 951 2131; x_wconf 93' lang='lat' dir='ltr'>in</span> <span class='ocrx_word' id='word_1_299' title='bbox 975 2109 1050 2143; x_wconf 91' lang='lat' dir='ltr'>quo</span> <span class='ocrx_word' id='word_1_300' title='bbox 1071 2095 1149 2131; x_wconf 87' lang='lat' dir='ltr'>falli</span> <span class='ocrx_word' id='word_1_301' title='bbox 1170 2097 1290 2132; x_wconf 84' lang='lat' dir='ltr'>virum</span> <span class='ocrx_word' id='word_1_302' title='bbox 1314 2097 1578 2133; x_wconf 88' lang='lat' dir='ltr'>doctissimum</span> <span class='ocrx_word' id='word_1_303' title='bbox 1601 2111 1647 2134; x_wconf 84' lang='lat' dir='ltr'>ex</span> 
     </span>
     <span class='ocr_line' id='line_1_32' title="bbox 128 2160 1650 2208; baseline 0.001 -13"><span class='ocrx_word' id='word_1_304' title='bbox 128 2172 173 2195; x_wconf 89' lang='lat' dir='ltr'>eo</span> <span class='ocrx_word' id='word_1_305' title='bbox 206 2167 370 2200; x_wconf 87' lang='lat' dir='ltr'>constat,</span> <span class='ocrx_word' id='word_1_306' title='bbox 402 2160 503 2207; x_wconf 90' lang='lat' dir='ltr'>quod</span> <span class='ocrx_word' id='word_1_307' title='bbox 536 2160 793 2195; x_wconf 87' lang='lat' dir='ltr'>Baroccianus</span> <span class='ocrx_word' id='word_1_308' title='bbox 827 2160 929 2208; x_wconf 85' lang='lat' dir='ltr'>leges</span> <span class='ocrx_word' id='word_1_309' title='bbox 959 2167 997 2195; x_wconf 91' lang='lat' dir='ltr'>et</span> <span class='ocrx_word' id='word_1_310' title='bbox 1031 2161 1187 2196; x_wconf 88' lang='lat' dir='ltr'>decreta</span> <span class='ocrx_word' id='word_1_311' title='bbox 1218 2160 1345 2202; x_wconf 85' lang='lat' dir='ltr'>habet,</span> <span class='ocrx_word' id='word_1_312' title='bbox 1378 2174 1475 2208; x_wconf 88' lang='lat' dir='ltr'>quae</span> <span class='ocrx_word' id='word_1_313' title='bbox 1510 2161 1650 2197; x_wconf 89' lang='lat' dir='ltr'>desunt</span> 
     </span>
     <span class='ocr_line' id='line_1_33' title="bbox 127 2223 1649 2273; baseline 0.002 -15"><span class='ocrx_word' id='word_1_314' title='bbox 127 2224 364 2272; x_wconf 88' lang='lat' dir='ltr'>Augustano.</span> <span class='ocrx_word' id='word_1_315' title='bbox 408 2225 676 2273; x_wconf 82' lang='lat' dir='ltr'>Augustanum</span> <span class='ocrx_word' id='word_1_316' title='bbox 697 2224 1164 2265; x_wconf 83' lang='lat' dir='ltr'>hunc,Vindobonensem</span> <span class='ocrx_word' id='word_1_317' title='bbox 1183 2233 1221 2260; x_wconf 88' lang='lat' dir='ltr'>et</span> <span class='ocrx_word' id='word_1_318' title='bbox 1233 2223 1649 2262; x_wconf 79' lang='lat' dir='ltr'>Wolfenbuttelensem</span> 
     </span>
     <span class='ocr_line' id='line_1_34' title="bbox 125 2287 1648 2338; baseline 0.002 -16"><span class='ocrx_word' id='word_1_319' title='bbox 125 2287 207 2323; x_wconf 90' lang='lat' dir='ltr'>fere</span> <span class='ocrx_word' id='word_1_320' title='bbox 228 2287 370 2335; x_wconf 89' lang='lat' dir='ltr'>ubique</span> <span class='ocrx_word' id='word_1_321' title='bbox 391 2287 491 2324; x_wconf 89' lang='lat' dir='ltr'>inter</span> <span class='ocrx_word' id='word_1_322' title='bbox 511 2300 550 2324; x_wconf 91' lang='lat' dir='ltr'>se</span> <span class='ocrx_word' id='word_1_323' title='bbox 578 2288 808 2329; x_wconf 86' lang='lat' dir='ltr'>consentire,</span> <span class='ocrx_word' id='word_1_324' title='bbox 834 2300 921 2324; x_wconf 89' lang='lat' dir='ltr'>vere</span> <span class='ocrx_word' id='word_1_325' title='bbox 949 2288 1122 2329; x_wconf 86' lang='lat' dir='ltr'>affirmat,</span> <span class='ocrx_word' id='word_1_326' title='bbox 1144 2289 1238 2324; x_wconf 90' lang='lat' dir='ltr'>item</span> <span class='ocrx_word' id='word_1_327' title='bbox 1259 2289 1296 2325; x_wconf 88' lang='lat' dir='ltr'>in</span> <span class='ocrx_word' id='word_1_328' title='bbox 1323 2289 1496 2325; x_wconf 88' lang='lat' dir='ltr'>oratione</span> <span class='ocrx_word' id='word_1_329' title='bbox 1518 2290 1648 2338; x_wconf 82' lang='lat' dir='ltr'>Lepti-</span> 
     </span>
     <span class='ocr_line' id='line_1_35' title="bbox 127 2352 1649 2401; baseline 0.002 -15"><span class='ocrx_word' id='word_1_330' title='bbox 127 2363 199 2386; x_wconf 88' lang='lat' dir='ltr'>nea</span> <span class='ocrx_word' id='word_1_331' title='bbox 228 2353 495 2400; x_wconf 88' lang='lat' dir='ltr'>Augustanum</span> <span class='ocrx_word' id='word_1_332' title='bbox 527 2360 565 2388; x_wconf 90' lang='lat' dir='ltr'>et</span> <span class='ocrx_word' id='word_1_333' title='bbox 594 2353 867 2401; x_wconf 89' lang='lat' dir='ltr'>Harleyanum.</span> <span class='ocrx_word' id='word_1_334' title='bbox 924 2352 1097 2388; x_wconf 88' lang='lat' dir='ltr'>Tandem</span> <span class='ocrx_word' id='word_1_335' title='bbox 1130 2353 1268 2389; x_wconf 87' lang='lat' dir='ltr'>edendi</span> <span class='ocrx_word' id='word_1_336' title='bbox 1300 2353 1572 2389; x_wconf 86' lang='lat' dir='ltr'>Demosthenis</span> <span class='ocrx_word' id='word_1_337' title='bbox 1602 2354 1649 2389; x_wconf 86' lang='lat' dir='ltr'>ad</span> 
     </span>
     <span class='ocr_line' id='line_1_36' title="bbox 127 2415 1650 2465; baseline 0.003 -15"><span class='ocrx_word' id='word_1_338' title='bbox 127 2427 188 2450; x_wconf 91' lang='lat' dir='ltr'>me</span> <span class='ocrx_word' id='word_1_339' title='bbox 222 2415 376 2451; x_wconf 87' lang='lat' dir='ltr'>devenit</span> <span class='ocrx_word' id='word_1_340' title='bbox 409 2429 501 2452; x_wconf 89' lang='lat' dir='ltr'>sors.</span> <span class='ocrx_word' id='word_1_341' title='bbox 560 2417 669 2452; x_wconf 79' lang='lat' dir='ltr'>Faxit</span> <span class='ocrx_word' id='word_1_342' title='bbox 701 2417 818 2460; x_wconf 89' lang='lat' dir='ltr'>Deus,</span> <span class='ocrx_word' id='word_1_343' title='bbox 854 2425 896 2452; x_wconf 92' lang='lat' dir='ltr'>ut</span> <span class='ocrx_word' id='word_1_344' title='bbox 931 2429 975 2452; x_wconf 86' lang='lat' dir='ltr'>ea</span> <span class='ocrx_word' id='word_1_345' title='bbox 1007 2417 1177 2465; x_wconf 89' lang='lat' dir='ltr'>mihique</span> <span class='ocrx_word' id='word_1_346' title='bbox 1216 2418 1443 2465; x_wconf 87' lang='lat' dir='ltr'>publiceque</span> <span class='ocrx_word' id='word_1_347' title='bbox 1481 2419 1650 2455; x_wconf 87' lang='lat' dir='ltr'>secunda</span> 
     </span>
     <span class='ocr_line' id='line_1_37' title="bbox 127 2479 1649 2528; baseline 0.002 -14"><span class='ocrx_word' id='word_1_348' title='bbox 127 2479 271 2515; x_wconf 89' lang='lat' dir='ltr'>fuerit!</span> <span class='ocrx_word' id='word_1_349' title='bbox 316 2479 429 2523; x_wconf 82' lang='lat' dir='ltr'>Quod</span> <span class='ocrx_word' id='word_1_350' title='bbox 468 2480 513 2516; x_wconf 89' lang='lat' dir='ltr'>ad</span> <span class='ocrx_word' id='word_1_351' title='bbox 553 2493 647 2528; x_wconf 89' lang='lat' dir='ltr'>opus</span> <span class='ocrx_word' id='word_1_352' title='bbox 686 2480 960 2517; x_wconf 90' lang='lat' dir='ltr'>elaborandum</span> <span class='ocrx_word' id='word_1_353' title='bbox 997 2481 1134 2528; x_wconf 89' lang='lat' dir='ltr'>quibus</span> <span class='ocrx_word' id='word_1_354' title='bbox 1173 2482 1400 2517; x_wconf 87' lang='lat' dir='ltr'>accesserim</span> <span class='ocrx_word' id='word_1_355' title='bbox 1440 2482 1649 2517; x_wconf 87' lang='lat' dir='ltr'>instructus</span> 
     </span>
     <span class='ocr_line' id='line_1_38' title="bbox 126 2543 1648 2593; baseline 0.001 -15"><span class='ocrx_word' id='word_1_356' title='bbox 126 2543 258 2591; x_wconf 90' lang='lat' dir='ltr'>copiis,</span> <span class='ocrx_word' id='word_1_357' title='bbox 278 2555 408 2579; x_wconf 83' lang='lat' dir='ltr'>meum</span> <span class='ocrx_word' id='word_1_358' title='bbox 437 2556 540 2580; x_wconf 91' lang='lat' dir='ltr'>nunc</span> <span class='ocrx_word' id='word_1_359' title='bbox 570 2552 628 2580; x_wconf 90' lang='lat' dir='ltr'>est</span> <span class='ocrx_word' id='word_1_360' title='bbox 656 2544 807 2586; x_wconf 89' lang='lat' dir='ltr'>dicere;</span> <span class='ocrx_word' id='word_1_361' title='bbox 840 2545 942 2592; x_wconf 90' lang='lat' dir='ltr'>quod</span> <span class='ocrx_word' id='word_1_362' title='bbox 968 2543 1106 2580; x_wconf 85' lang='lat' dir='ltr'>faciam</span> <span class='ocrx_word' id='word_1_363' title='bbox 1134 2545 1206 2580; x_wconf 89' lang='lat' dir='ltr'>hoc</span> <span class='ocrx_word' id='word_1_364' title='bbox 1235 2545 1437 2592; x_wconf 81' lang='lat' dir='ltr'>copiosius,</span> <span class='ocrx_word' id='word_1_365' title='bbox 1460 2558 1536 2592; x_wconf 90' lang='lat' dir='ltr'>quo</span> <span class='ocrx_word' id='word_1_366' title='bbox 1564 2558 1648 2593; x_wconf 90' lang='lat' dir='ltr'>par-</span> 
     </span>
     <span class='ocr_line' id='line_1_39' title="bbox 127 2607 1649 2656; baseline 0 -13"><span class='ocrx_word' id='word_1_367' title='bbox 127 2608 206 2644; x_wconf 93' lang='lat' dir='ltr'>cius</span> <span class='ocrx_word' id='word_1_368' title='bbox 233 2607 279 2642; x_wconf 92' lang='lat' dir='ltr'>de</span> <span class='ocrx_word' id='word_1_369' title='bbox 305 2607 377 2642; x_wconf 89' lang='lat' dir='ltr'>illis</span> <span class='ocrx_word' id='word_1_370' title='bbox 405 2607 600 2644; x_wconf 90' lang='lat' dir='ltr'>codicibus</span> <span class='ocrx_word' id='word_1_371' title='bbox 627 2608 801 2652; x_wconf 88' lang='lat' dir='ltr'>aliorum,</span> <span class='ocrx_word' id='word_1_372' title='bbox 823 2621 919 2656; x_wconf 87' lang='lat' dir='ltr'>quos</span> <span class='ocrx_word' id='word_1_373' title='bbox 939 2621 1122 2656; x_wconf 87' lang='lat' dir='ltr'>usurpare</span> <span class='ocrx_word' id='word_1_374' title='bbox 1150 2609 1243 2644; x_wconf 91' lang='lat' dir='ltr'>mihi</span> <span class='ocrx_word' id='word_1_375' title='bbox 1270 2621 1345 2644; x_wconf 92' lang='lat' dir='ltr'>non</span> <span class='ocrx_word' id='word_1_376' title='bbox 1374 2609 1494 2649; x_wconf 88' lang='lat' dir='ltr'>licuit,</span> <span class='ocrx_word' id='word_1_377' title='bbox 1519 2621 1649 2644; x_wconf 84' lang='lat' dir='ltr'>neces-</span> 
     </span>
     <span class='ocr_line' id='line_1_40' title="bbox 127 2670 1645 2719; baseline 0 -13"><span class='ocrx_word' id='word_1_378' title='bbox 127 2671 224 2707; x_wconf 88' lang='lat' dir='ltr'>sario</span> <span class='ocrx_word' id='word_1_379' title='bbox 247 2671 446 2719; x_wconf 86' lang='lat' dir='ltr'>disputavi.</span> <span class='ocrx_word' id='word_1_380' title='bbox 501 2670 576 2707; x_wconf 86' lang='lat' dir='ltr'>Sed</span> <span class='ocrx_word' id='word_1_381' title='bbox 599 2680 806 2719; x_wconf 89' lang='lat' dir='ltr'>antequam</span> <span class='ocrx_word' id='word_1_382' title='bbox 826 2672 917 2708; x_wconf 89' lang='lat' dir='ltr'>illuc</span> <span class='ocrx_word' id='word_1_383' title='bbox 939 2672 1101 2712; x_wconf 81' lang='lat' dir='ltr'>veniam,</span> <span class='ocrx_word' id='word_1_384' title='bbox 1123 2672 1227 2719; x_wconf 86' lang='lat' dir='ltr'>prius</span> <span class='ocrx_word' id='word_1_385' title='bbox 1248 2672 1558 2707; x_wconf 85' lang='lat' dir='ltr'>commemorabo</span> <span class='ocrx_word' id='word_1_386' title='bbox 1581 2684 1645 2707; x_wconf 81' lang='lat' dir='ltr'>co—</span> 
     </span>
     <span class='ocr_line' id='line_1_41' title="bbox 130 2735 1523 2782; baseline -0.001 -11"><span class='ocrx_word' id='word_1_387' title='bbox 130 2735 233 2772; x_wconf 89' lang='lat' dir='ltr'>dices</span> <span class='ocrx_word' id='word_1_388' title='bbox 257 2735 589 2777; x_wconf 74' lang='lat' dir='ltr'>Demosthenicos‚</span> <span class='ocrx_word' id='word_1_389' title='bbox 611 2748 706 2782; x_wconf 90' lang='lat' dir='ltr'>quos</span> <span class='ocrx_word' id='word_1_390' title='bbox 727 2736 816 2770; x_wconf 91' lang='lat' dir='ltr'>alibi</span> <span class='ocrx_word' id='word_1_391' title='bbox 838 2744 988 2771; x_wconf 84' lang='lat' dir='ltr'>exstare</span> <span class='ocrx_word' id='word_1_392' title='bbox 1010 2735 1202 2782; x_wconf 90' lang='lat' dir='ltr'>proditum</span> <span class='ocrx_word' id='word_1_393' title='bbox 1226 2743 1282 2771; x_wconf 86' lang='lat' dir='ltr'>est</span> <span class='ocrx_word' id='word_1_394' title='bbox 1303 2735 1523 2771; x_wconf 86' lang='lat' dir='ltr'>memoriae.</span> 
     </span>
    </p>
   </div>
  </div>
 </body>
</html>
