1934 3179
254 122 338 164 366
814 125 929 165 PRO
962 125 1213 166 CORONA.

253 230 453 270 πολιτείας
474 229 561 269 οὐδὲ
584 229 846 280 προαιρέσεως
870 249 901 269 κ.
926 247 958 269 τ.
982 236 1019 269 λ.
1043 245 1082 283 p.
1099 243 1193 283 330.
1217 231 1240 280 ἡ
1262 231 1332 281 ε’μὴ
1350 232 1530 271 πολιτεία
1552 233 1613 272 καὶ
1634 234 1766 283 προαί-

253 301 374 335 ρεσις.
436 284 664 324 DISSEN.

314 351 407 393 257,
436 354 449 379 Ι
462 353 498 379 2.
521 343 627 390 ὑμεῖς
648 340 679 380 δ’
702 342 738 380 οἱ
769 342 829 380 καὶ
849 340 1101 392 μεμψάμενοι
1126 344 1258 381 πολλὰ
1280 343 1341 381 καὶ
1362 342 1490 381 δίκαια
1511 342 1559 382 ἂν
1581 343 1760 395 ἐκείνοις]

256 395 460 450 Intelligit
480 396 632 436 bellum
653 395 816 443 sociale.
839 397 951 449 quod
973 396 1162 450 Byzantii
1183 411 1277 437 cum
1300 394 1413 437 Chiis
1435 397 1693 451 Rhodiisque
1713 399 1767 438 ab

256 450 321 491 Ol.
349 465 438 504 105,
472 452 621 504 3-01.
650 454 742 499 106,
769 465 803 491 1.
835 452 914 491 adv
907 466 1033 492 ersus
1055 453 1334 493 Athenienses
1364 467 1505 507 gesse}
1507 458 1595 493 unt
1657 453 1768 493 Vide

255 507 307 547 de
328 521 376 547 eo
398 507 517 560 plura
533 522 599 561 ap.
617 507 875 547 Winiewski.
897 523 937 561 p.
952 521 1004 561 34
1025 523 1150 562 seqq..
1170 509 1351 549 Boeckh.
1369 509 1420 548 de
1438 509 1589 549 Oecon.
1609 509 1767 549 Athen.

262 577 295 602 1.
317 578 356 616 p.
378 575 490 616 453,
511 563 627 603 alios.
689 563 914 603 DISSEN.

315 630 409 671 257,
433 632 490 671 15.
513 619 867 669 ουὸε-αὸικουμει
870 620 951 672 ους]
991 620 1063 659 Ios
1084 620 1405 672 nonpr‘mdzdisse
1424 635 1536 674 vestm
1541 635 1580 660 ια
1601 622 1768 673 effictos,

255 674 326 728 qui
347 689 411 714 vos
431 675 514 727 ipsi
534 681 624 714 αηῖ(
646 675 860 714 laesissent.
924 675 1257 716 SOHAEFER.

316 742 409 782 257,
435 743 499 772 2...
526 730 729 784 Εὐβοέων]
753 731 816 770 De
839 732 1185 771 Euboeensium
1175 736 1342 785 mgrato
1363 731 1502 772 animo
1524 733 1656 773 multa
1677 747 1769 773 nar-

256 790 325 826 rat
345 786 576 825 Aeschines
607 801 646 840 p.
670 789 736 839 65,
760 800 810 840 33
836 801 950 840 seqq.
1014 788 1077 827 De
1101 787 1313 840 Byzantiis
1334 802 1430 827 vero
1462 803 1568 841 quae
1590 789 1768 835 dixerat,

255 841 298 881 in
315 841 428 881 edita
446 842 635 882 oratione
649 842 800 890 omisit,
819 843 918 882 nihil
939 843 1047 882 enim
1064 844 1115 883 de
1136 843 1184 883 iis
1201 858 1309 882 1111110
1325 843 1489 897 legitur,
1505 844 1636 884 satius
1654 849 1771 884 ratus

257 902 304 938 ut
320 897 485 938 videtur
505 897 639 937 locum
657 899 708 937 de
723 898 919 938 Euboicis
938 900 1061 938 rebus
1079 900 1274 939 disertius
1293 899 1520 940 elaborare.
1544 900 1768 940 DISSEN.

316 964 409 1007 257,
431 956 496 993 26.
519 953 709 1006 ὑπάρχειν
729 956 825 1004 ὑμᾶς
848 956 995 996 εἰδότας
1015 956 1197 1008 ἡγοῦμαι]
1238 956 1309 995 Vos
1325 956 1514 1008 cosrm'tzcm
1537 955 1673 995 scabere
1693 971 1768 996 crc-

255 1009 318 1050 do.
382 1010 589 1063 Majorem
617 1010 726 1049 enim
748 1010 829 1049 vim
857 1010 985 1050 habet
1016 1011 1117 1051 haec
1145 1011 1307 1065 phrasis
1329 1026 1452 1064 quam
1479 1011 1651 1064 simplex
1676 1014 1769 1052 εἰδέ-

257 1082 332 1105 ναι.
394 1065 593 1105 Similiter
634 1065 740 1106 dixit
776 1067 826 1105 de
861 1066 1119 1106 Rhodiorum
1155 1067 1350 1107 libertate
1384 1082 1424 1120 p.
1462 1081 1550 1119 190.
1584 1066 1771 1120 ὑπάρχειν

257 1122 480 1172 ἐγνωκότες,
503 1126 546 1162 et
570 1122 674 1161 Mid.
711 1137 748 1175 p.
771 1133 868 1175 527.
890 1125 1009 1162 ταῦτα
1043 1123 1273 1174 ἐγνωσμένα
1294 1122 1459 1175 ὑπάρχει
1490 1123 1576 1174 παρ’
1598 1125 1700 1173 ὑμῖν,
1724 1129 1770 1163 ut

258 1177 365 1217 infra
405 1192 443 1230 p.
477 1191 573 1231 303.
606 1179 797 1230 ὑπάρχειν
829 1178 1110 1230 ἐγνωσμένους.
1173 1179 1372 1219 Conseras
1413 1178 1541 1218 etiam
1577 1179 1771 1219 Latinam

257 1233 454 1287 linguam,
478 1238 524 1273 ut
545 1234 603 1273 sis
623 1234 747 1273 seriens
769 1234 935 1274 Terent.
961 1235 1097 1274 Andr.
1119 1249 1157 1287 3,
1183 1248 1218 1281 2,
1244 1236 1309 1274 28.
1372 1234 1597 1274 DISSEN.

318 1300 410 1342 257,
439 1302 502 1342 29.
537 1294 612 1329 τῶν
635 1289 716 1329 καθ’
740 1292 835 1339 ὑμᾶς
867 1291 1152 1341 πεπραγμένων
1186 1291 1332 1344 καλῶν]
1367 1290 1471 1330 Vult
1493 1290 1642 1331 afferre
1665 1305 1770 1344 quae

257 1359 309 1384 ex
341 1345 523 1399 ipsorum
558 1360 665 1385 nunc
687 1346 911 1386 viventium
945 1352 1087 1386 aetate
1119 1347 1368 1399 deprompta
1398 1346 1494 1394 sint,
1518 1361 1769 1400 quamquam

257 1401 437 1454 primum
461 1402 571 1454 quod
603 1407 759 1448 narrat,
783 1403 939 1442 factum
972 1407 1037 1442 est
1059 1403 1122 1442 Ol.
1146 1406 1210 1452 06,
1237 1416 1272 1443 2.
1295 1408 1338 1442 et
1363 1403 1482 1455 pauci
1507 1418 1556 1441 ex
1579 1403 1647 1441 illo
1668 1408 1771 1442 tem-

258 1471 359 1510 pore
382 1457 444 1497 Ol.
469 1471 558 1501 112.
582 1471 623 1510 3.
648 1458 855 1498 vivebant.
920 1458 1123 1511 Disputat
1140 1458 1398 1497 Winiewski.
1421 1459 1472 1498 de
1493 1459 1617 1498 rebus
1638 1458 1767 1498 histo-

257 1512 354 1553 ricis
376 1528 482 1566 quae
503 1528 610 1552 nunc
633 1519 878 1566 sequuntur,
900 1529 938 1566 p.
969 1527 1013 1566 ¹5
1038 1529 1149 1568 seqq.
1212 1514 1437 1553 DISSEN.

318 1569 411 1622 258,
437 1582 473 1609 2.
497 1574 571 1609 τῶν
592 1570 862 1623 ὑπαρχόντων]
892 1570 1523 1623 Faciozorum‚janepatratorum.
1586 1570 1768 1623 Opponi-

259 1629 331 1665 tur
351 1627 398 1665 τὰ
418 1628 550 1669 λοιπὰ,
573 1640 672 1679 quae
697 1626 1079 1679 restantpatranda.
1143 1626 1473 1666 SOHAEFER.

320 1682 412 1734 258,
435 1694 473 1733 3.
507 1683 615 1731 ὑμεῖς
637 1683 767 1721 τοίνυν
789 1700 819 1721 κ.
845 1699 874 1720 τ.
898 1682 954 1735 λ.]
989 1681 1103 1722 Citat
1124 1682 1163 1720 h.
1187 1682 1211 1721 l.
1237 1682 1523 1736 Hermogenes
1554 1697 1593 1735 p.
1624 1693 1713 1735 173,
1739 1696 1770 1720 s.

260 1741 304 1777 et
324 1751 456 1790 paene
477 1742 569 1777 toto
592 1737 660 1776 illo
682 1737 818 1791 capite
841 1752 964 1791 super
985 1753 1033 1777 00
1062 1738 1262 1791 disputat,
1286 1752 1359 1777 cur
1380 1739 1556 1777 ἁπλώσει
1577 1737 1772 1777 maluerit

259 1798 405 1833 orator
426 1808 549 1847 quam
572 1795 870 1845 στρογγυλώσει
891 1794 965 1841 1111,
989 1799 1031 1833 et
1053 1794 1103 1833 de
1125 1799 1229 1841 arte,
1246 1809 1327 1847 qua
1348 1794 1454 1833 hanc
1477 1793 1771 1846 simplificatio-

260 1863 355 1889 nem
377 1850 660 1893 occultaverit,
683 1855 726 1889 et
748 1850 799 1889 de
821 1850 964 1889 ordine
995 1850 1258 1895 narrationis,
1282 1855 1324 1890 et
1346 1851 1396 1889 de
1418 1849 1668 1889 immistione
1700 1863 1769 1888 en-

260 1905 577 1959 thymematum,
601 1921 707 1959 quae
729 1906 783 1945 ibi
807 1906 931 1959 legat.
955 1906 988 1945 si
1010 1921 1131 1959 quem
1153 1906 1234 1946 ista
1251 1907 1471 1959 juvabunt.
1534 1905 1726 1945 REISK.

320 1963 414 2014 258.
436 1977 475 2010 4.
500 1964 815 2011 Λακεδαιμονίων
832 1966 901 2013 γῆς
920 1963 981 2001 καὶ
1004 1962 1194 2012 θαλάττης
1211 1962 1430 2014 ἀρχόντων]
1460 1962 1591 2001 Vides
1608 1966 1773 2014 tempus

261 2022 358 2072 post
381 2017 779 2071 Peloponnesiacum
799 2018 950 2057 bellum
972 2018 1160 2058 describi.
1228 2018 1456 2057 DISSEN.

321 2075 414 2127 258,
436 2087 474 2126 5.
511 2076 571 2113 καὶ
603 2076 649 2113 τὰ
683 2076 807 2127 κύκλῳ
839 2078 903 2123 τῆς
927 2074 1103 2123 Ἀττικῆς
1136 2074 1393 2127 κατεχόντων]
1431 2076 1575 2127 Atque
1598 2073 1773 2112 Euboea

262 2134 469 2183 occupata
502 2135 592 2169 erat
624 2145 649 2170 a
683 2130 1023 2170 Lacedaemoniis
1045 2130 1107 2169 Ol.
1132 2143 1197 2181 02,
1230 2144 1273 2177 1.,
1303 2130 1408 2169 conf.
1433 2129 1615 2182 Thucyd.
1643 2131 1679 2175 δ’,
1703 2141 1771 2181 95.

263 2185 499 2239 Tanagram
522 2186 631 2238 quod
662 2186 828 2232 attinet,
851 2191 1077 2239 coeperunt
1100 2185 1416 2226 Lacedaemonii
1448 2190 1544 2239 post
1567 2185 1771 2238 Pelopon-

262 2240 473 2280 nesiacum
494 2241 645 2280 bellum
666 2241 900 2294 principatu
933 2256 1006 2281 suo
1027 2242 1154 2281 etiam
1184 2242 1223 2281 in
1248 2241 1422 2281 Boeotia
1443 2242 1516 2287 1111,
1541 2246 1654 2280 certe
1674 2245 1773 2280 ante

265 2296 526 2336 Leuctricam
561 2311 744 2351 pugnam
778 2312 921 2337 revera,
956 2298 1181 2337 harmostis
1221 2302 1264 2337 et
1296 2297 1515 2351 praesidiis
1556 2297 1774 2350 plerasque

264 2351 464 2392 Boeotiae
497 2353 619 2391 iii-,bes
650 2354 863 2397 tenebhmt
896 2354 946 2392 cf.
971 2354 1166 2406 Xenoph.
1191 2354 1308 2393 Hist.
1333 2354 1403 2392 Gr.
1426 2367 1464 2405 5,
1494 2367 1533 2402 4.
1598 2353 1774 2406 Megara

263 2412 388 2470 capta
415 2422 441 2447 a
463 2408 530 2446 Br
522 2407 639 2447 asida
661 2408 724 2447 Ol.
749 2412 856 2458 80,1
869 2441 876 2448 .
941 2410 1139 2462 Subjecta
1170 2409 1265 2449 hinc
1297 2409 1473 2449 arbitrio
1498 2408 1774 2448 Lacedaemo-

263 2462 426 2502 nimum
459 2464 557 2503 urbs
589 2463 715 2503 etiam
746 2464 954 2517 praesidio
976 2466 1212 2512 tenebatur,
1236 2469 1283 2505 ut
1305 2465 1483 2519 videtui,
1505 2466 1554 2503 cf.
1580 2464 1771 2503 Schneid.

263 2518 317 2558 ad
340 2518 841 2572 Hist.Gr.Xenoph.1,
873 2534 901 2568 1,
923 2523 991 2573 36.
1054 2521 1287 2592 Aeginetae
1311 2521 1373 2559 ()1.
1404 2534 1469 2574 93,
1498 2535 1537 2571 4.
1564 2535 1589 2560 a
1618 2520 1677 2573 L>
1682 2534 1773 2559 san-

263 2574 339 2613 dro
361 2575 548 2615 restituti
571 2580 681 2623 sunt,
700 2575 778 2615 vid
802 2576 1000 2629 Xenoph.
1025 2577 1139 2616 Hist.
1156 2577 1227 2616 Gr.
1247 2589 1281 2624 2,
1304 2590 1338 2617 2.
1356 2591 1391 2629 9.
1456 2576 1671 2616 Plutarch.
1696 2575 1773 2628 Ly·-

264 2630 404 2678 sandr,
427 2644 460 2670 0.
490 2645 551 2682 14.
611 2630 792 2671 Cleonae
814 2632 980 2684 quando
1010 2632 1051 2671 in
1073 2638 1328 2685 potestatem
1352 2631 1773 2671 Lacedaemoniorum

264 2685 460 2726 redactae
481 2686 565 2725 sint
587 2701 668 2726 non
691 2692 870 2727 constat.
933 2687 1015 2727 Sed
1036 2703 1109 2727 cur
1123 2688 1428 2728 Demosthenes
1448 2688 1490 2726 in
1512 2688 1589 2727 hac
1610 2700 1774 2726 enume-

263 2740 426 2780 ratione
459 2756 541 2780 non
563 2742 694 2782 dixit:
728 2746 925 2788 Κλεωνὰς,
951 2746 1142 2794 Αἴγινανὲ
1201 2743 1394 2796 Denique
1425 2743 1600 2796 oelzquas
1620 2742 1775 2781 insulas

264 2801 432 2849 praeter
446 2798 662 2837 Euboeam
684 2802 727 2837 et
744 2798 951 2852 Aeginam
972 2799 1155 2852 intellige
1171 2799 1297 2839 maiis
1316 2799 1475 2851 Aegaei
1498 2798 1771 2852 potissimum,

265 2851 316 2890 cf.
345 2852 559 2892 Plutarch.
589 2853 790 2906 Β)8α11ᾶ1·.
826 2868 861 2892 0.
892 2868 952 2907 13.
983 2867 1057 2906 ¹4-
1105 2855 1301 2908 Xenoph.
1338 2833 1451 2894 H‘ist.
1484 2855 1556 2893 Gr.
1593 2868 1629 2900 2,
1664 2865 1699 2892 2.
1734 2866 1771 2903 5.

268 2906 441 2947 Diodor.
471 2922 529 2958 14,
553 2921 591 2961 3.
655 2908 878 2948 DISSEN.
