1935 3205
673 140 1079 180 PRAEFA'rlo.
1538 145 1634 182 xxxi

120 249 206 283 l'ars
237 260 293 287 ea,
316 261 430 295 quam
461 249 609 282 curavit
641 248 838 288 Morellus,
872 248 1000 282 multis
1032 248 1153 283 modis
1185 257 1347 295 praestat
1383 249 1478 296 parti
1511 258 1634 296 poste-

116 311 205 347 riori
237 324 258 346 a
285 311 472 347 Lambino
505 320 670 347 curatae.
730 312 958 347 Chartarum
991 312 1071 359 ipsa
1100 312 1222 346 forma
1252 325 1409 352 novum,
1433 313 1496 348 sed
1529 314 1635 348 dete-

116 376 256 411 riorem
287 376 486 411 dominum
515 384 552 411 et
581 377 874 423 gubernatorem
906 376 1044 424 prodit.
1103 376 1267 411 Chartae
1299 376 1334 411 in
1367 384 1473 423 parte
1496 377 1638 412 Morel-

115 440 218 475 liana
238 447 327 475 sunt
347 440 478 475 firmae
500 447 538 474 et
564 439 761 479 candidae,
785 439 822 475 in
845 448 952 487 parte
980 453 1036 482 ca,
1058 440 1117 474 rui
1146 439 1344 487 praefuere
1366 441 1576 476 Lambinus
1599 450 1637 477 et

117 504 350 544 Benenatus,
373 511 462 538 sunt
493 511 639 544 tenues,
662 503 857 544 flaccidae,
881 504 1042 545 bibulae,
1066 504 1252 539 sordidae.
1312 504 1354 539 ln
1384 504 1498 552 priori
1528 514 1636 552 parte

117 580 192 603 non
227 568 318 603 satis
352 568 480 603 mirari
519 580 671 614 possum
708 568 1008 603 demonstratam
1045 582 1066 603 a
1101 569 1264 604 Morello
1304 569 1554 617 diligentiam,
1590 569 1635 603 ad

116 632 298 667 minutias
324 645 439 679 saepe
465 631 736 671 delabentcm3
768 632 881 666 obsiti
909 639 997 667 sunt
1024 632 1250 679 spississima
1277 633 1387 680 copia
1407 633 1636 668 variantium

116 697 306 744 margines
340 696 440 731 illius
478 695 623 743 primae
658 696 799 743 partis3
842 696 1006 737 codices,
1043 697 1143 731 unde
1179 709 1354 744 quaeque
1388 697 1502 732 lectio
1538 705 1637 732 esset

116 768 254 801 sun‘ita,
276 759 444 795 indicati.
504 759 545 793 In
568 766 674 806 parte
696 759 950 794 Lambiniana
971 760 1091 794 multo
1121 761 1282 795 rariores
1303 761 1505 796 varietates
1526 761 1634 796 lecti-

116 824 212 864 onis,
235 831 273 859 et
294 836 391 870 quae
412 822 567 858 tandem
595 822 817 863 afferuntur,
841 835 970 858 earum
993 836 1114 870 paene
1138 823 1277 870 ubique
1299 824 1480 859 reticetur
1501 832 1632 859 aucto-

113 887 228 928 ritas;
259 887 463 934 pleraeque
489 886 623 921 harum
651 894 740 921 sunt
767 894 833 922 aut
862 899 907 921 ex
930 887 1082 927 Aldina,
1105 895 1170 922 aut
1201 900 1248 923 ex
1276 888 1470 935 Obsopoei
1501 887 1632 923 codice

117 951 180 997 (de
209 964 282 999 quo
308 954 425 998 post),
448 958 513 985 aut
535 950 761 991 Felicianea‚
784 958 848 986 aut
873 963 892 985 e
923 951 1166 992 Manutiana‚
1189 959 1255 986 aut
1282 964 1328 987 ex
1356 952 1431 986 alio
1453 951 1628 999 quopiam
1646 967 1738 989 xxvi

115 1022 271 1051 auctore
292 1015 553 1062 conquisitae;
576 1014 789 1050 rarissimae
811 1022 910 1056 sunt,
929 1028 1022 1062 quas
1043 1015 1245 1063 suspiceris
1265 1028 1284 1051 e
1306 1016 1500 1051 codicibus
1519 1016 1632 1064 regiis

116 1078 300 1114 Parisinis
321 1092 403 1115 esse
424 1079 588 1114 haustas.
638 1078 781 1114 Nescio
803 1091 849 1113 an
873 1079 1084 1115 Lambinus
1105 1093 1170 1115 eos
1191 1092 1386 1127 nunquam
1410 1080 1629 1127 inspexerit,

114 1142 192 1179 sive
217 1143 319 1191 quod
346 1143 517 1178 laborem
545 1142 757 1191 defugeret,
780 1143 859 1177 sive
888 1143 989 1190 quod
1017 1156 1147 1179 eorum
1179 1144 1287 1191 copia
1316 1144 1385 1191 ipsi
1415 1152 1628 1193 negaretur,

115 1207 216 1254 quod
250 1207 430 1243 credibile
464 1219 541 1242 non
582 1214 652 1242 est.
711 1207 800 1241 Pars
835 1206 1066 1242 Morelliana
1105 1208 1414 1243 emendatissima
1448 1215 1529 1248 est;
1565 1207 1630 1242 vix

113 1285 232 1308 unum
255 1280 320 1308 aut
341 1273 504 1307 alterum
525 1271 698 1319 sphalma
719 1279 869 1320 typogr.
891 1272 928 1306 in
952 1284 996 1307 ea
1021 1273 1178 1307 memini
1201 1272 1499 1320 deprehendere.
1540 1273 1631 1307 Pars

114 1345 248 1374 contra
267 1337 519 1372 Lambiniana
546 1336 695 1372 mendis
724 1344 846 1371 scatet
874 1344 911 1371 et
935 1349 1096 1372 numero
1124 1337 1296 1384 plurimis
1328 1344 1364 1372 et
1392 1336 1628 1379 foedissimis,

114 1401 158 1436 In
189 1401 354 1437 Morello
383 1400 717 1448 intemperantiam
748 1399 968 1448 diligentiae
999 1409 1109 1436 notes
1123 1410 1156 1441 g,
1178 1401 1215 1436 in
1245 1401 1436 1437 Lambino
1467 1401 1629 1437 incredi-

114 1465 229 1500 bilem
264 1465 475 1500 secordiam
509 1472 546 1500 et
580 1464 762 1512 inopiam.
820 1465 1009 1501 Morellus
1043 1466 1219 1501 codicum
1254 1478 1408 1500 suorum
1441 1465 1497 1501 vel
1530 1466 1629 1513 quis-

113 1528 248 1576 quilias
277 1528 376 1576 ipsas
408 1541 577 1564 corrasas
607 1528 718 1563 nobis
747 1528 918 1577 ingessit,
949 1529 1160 1565 Lambinus
1195 1542 1243 1565 ne
1272 1542 1442 1578 gemmas
1473 1529 1630 1576 quidem

112 1592 201 1628 inde
231 1592 475 1639 conquisivit,
507 1592 780 1627 dissimillimus
811 1593 1004 1628 decessori
1035 1606 1245 1630 successor.
1304 1593 1439 1628 Saltim
1473 1593 1630 1628 demon-

112 1662 280 1694 strasset,
302 1654 403 1690 unde
428 1655 634 1690 lectionem
657 1667 850 1702 quamque
872 1656 1081 1692 sumsisset.
1130 1658 1216 1692 Jam
1238 1670 1329 1693 vero
1356 1657 1517 1697 nescias,
1541 1656 1630 1704 quid

113 1718 234 1754 codici
269 1719 391 1760 MSto,
423 1719 513 1766 quid
548 1719 748 1766 impresso,
781 1726 819 1754 et
853 1720 926 1760 cui,
958 1720 1048 1768 quid
1085 1721 1203 1768 ipsius
1236 1721 1413 1756 Lambini
1447 1721 1632 1756 debeatur

111 1783 279 1832 ingenio,
302 1790 368 1818 aut
387 1783 543 1823 Wolfii;
575 1795 663 1818 nam
693 1790 730 1818 et
758 1786 838 1832 ejus
863 1787 1116 1833 conjecturas,
1139 1792 1294 1820 auctore
1322 1784 1452 1824 tacito,
1475 1784 1568 1820 alias
1591 1785 1631 1820 in

112 1847 284 1896 margine
318 1847 560 1888 Lutetianae‚
593 1847 686 1882 alias
720 1847 758 1882 in
789 1848 915 1884 indice
948 1848 1092 1884 retulit.
1151 1848 1269 1884 Index
1303 1849 1364 1884 hic
1398 1862 1475 1884 non
1508 1861 1631 1884 meras

113 1913 353 1960 conjecturas
373 1911 551 1947 Lambini
570 1910 743 1959 praebet,
766 1912 867 1959 quod
888 1912 1028 1960 Taylor
1048 1912 1226 1960 opinatus
1247 1921 1315 1953 est,
1336 1915 1455 1957 (raras
1476 1913 1630 1960 quidem

111 1975 195 2011 illas
225 1976 360 2021 tenet‚)
383 1974 450 2011 sed
475 1975 678 2023 plerasque
709 1976 896 2011 lectiones
916 1976 1079 2012 Aldinae
1110 1984 1176 2011 aut
1205 1976 1365 2011 aliarum
1392 1984 1630 2012 vetustarum

113 2040 340 2081 editionum,
377 2048 415 2076 et
449 2048 507 2075 est
544 2041 856 2088 supplementum
892 2040 1073 2088 marginis
1107 2040 1316 2075 Lutetiani.
1375 2040 1631 2089 Conjecturae

112 2103 293 2139 Lambini
319 2115 425 2139 rarae
452 2103 505 2138 ibi
533 2110 635 2144 sunt,
658 2103 759 2150 quod
788 2103 876 2146 dixi,
899 2111 937 2138 et
957 2115 1055 2150 quae
1082 2111 1182 2143 sunt,
1205 2103 1430 2150 plerumque
1451 2104 1490 2139 in
1514 2104 1630 2140 inter-

111 2167 319 2213 punctione
353 2174 458 2201 recte
493 2166 762 2202 constituenda
793 2174 830 2201 et
864 2166 1099 2215 corrigendis
1134 2166 1410 2213 sphalmatibus
1443 2167 1630 2202 laborant.

113 2229 236 2265 Rarae
266 2238 354 2264 sunt
382 2229 617 2278 ingeniosae,
647 2230 796 2271 doctae,
828 2238 969 2271 certae,
998 2230 1261 2266 Demosthene
1293 2237 1332 2265 et
1359 2230 1632 2265 Demosthenis

113 2293 259 2329 editore
289 2293 452 2342 dignae3
484 2293 629 2329 multae
659 2301 795 2329 contra
823 2293 1004 2335 triviales‚
1028 2294 1173 2329 multae
1202 2294 1335 2329 inanes
1363 2302 1401 2329 et
1428 2294 1583 2341 ineptae
1595 2291 1630 2329 ¹1.

112 2356 367 2406 Conjecturae
396 2364 460 2392 aut
490 2357 777 2393 emendationes
808 2358 837 2393 si
866 2369 962 2405 quae
993 2365 1082 2393 sunt
1108 2358 1147 2392 in
1178 2357 1305 2393 indice
1331 2357 1511 2393 Lambini
1539 2370 1629 2406 pro·
1643 2372 1752 2395 xxvn

111 2420 226 2462 ditae,
247 2420 406 2456 dubium
428 2428 497 2464 est,
519 2421 644 2456 sintne
664 2421 845 2457 Lambini
866 2434 914 2457 an
941 2421 1067 2469 potius
1088 2422 1258 2458 Morelli.
1316 2422 1477 2457 Veniam
1499 2429 1630 2457 tamen

112 2497 182 2534 ego
204 2485 380 2532 equidem
401 2483 512 2520 facile
534 2485 723 2521 Lambino
747 2485 847 2521 dem.
905 2485 1040 2521 Subito
1064 2486 1252 2522 inciderat
1273 2486 1312 2521 in
1334 2486 1530 2534 negotium
1554 2497 1630 2520 non

110 2548 318 2596 provisum,
341 2556 554 2584 accesserat
573 2549 797 2596 imparatus,
819 2549 1017 2596 deprecari
1037 2562 1114 2585 non
1135 2557 1325 2597 potuerat.
1375 2549 1525 2584 Parisiis
1547 2557 1629 2584 tum

111 2624 188 2648 non
216 2620 307 2653 erat,
331 2612 393 2660 qui
420 2612 557 2648 melius
582 2612 664 2660 ipso
690 2625 770 2648 rem
798 2612 989 2662 gessisset.
1048 2613 1154 2648 Intra
1180 2626 1338 2654 annum,
1367 2621 1552 2659 quantum
1583 2624 1630 2648 ex

152 2727 172 2751 g
200 2722 318 2762 Taylor
347 2722 402 2762 (ad
426 2733 456 2762 p.
477 2732 548 2761 231,
563 2722 632 2762 36.)
663 2724 833 2754 editionem
943 2723 962 2746 h
988 2725 1027 2753 In
1051 2725 1195 2763 margine
1218 2724 1382 2754 Parisinae
1405 2724 1428 2753 si
1453 2734 1515 2763 qua
1538 2724 1628 2755 lectio

112 2776 288 2806 Parisinam
303 2786 384 2814 prae
395 2778 523 2806 caeteris
538 2778 745 2806 minutiarum
758 2788 832 2816 pro·
900 2778 996 2808 tacito
1010 2786 1136 2808 auctore
1148 2778 1335 2816 proponitur
1347 2788 1417 2807 cum
1433 2779 1627 2817 Augustano

109 2830 213 2868 diyam
231 2828 375 2867 appellat.
395 2828 471 2868 (vol.
490 2838 517 2859 2.
537 2839 567 2868 p.
586 2829 655 2867 164,
676 2829 716 2869 ι.)
755 2830 833 2860 Edi·
901 2831 1001 2869 primo
1017 2830 1224 2867 consentiens,
1239 2830 1365 2860 videtur
1380 2841 1416 2861 ea
1431 2841 1469 2860 ex
1485 2831 1627 2861 Parisino

109 2883 155 2913 tio
171 2882 327 2912 Benenati
344 2881 435 2921 longe
454 2882 581 2921 optima,
599 2884 681 2922 quod
698 2884 737 2912 ad
760 2894 834 2913 con-
901 2883 1002 2922 primo
1017 2893 1083 2913 esse
1099 2890 1233 2922 accepta,
1248 2884 1307 2913 nisi
1324 2884 1452 2914 aliunde
1465 2885 1503 2914 de
1519 2892 1626 2915 aucto-

110 2942 234 2966 textum
250 2935 372 2966 attinet.
407 2935 579 2965 Markland
597 2936 634 2965 ad
652 2946 681 2975 p.
699 2945 768 2975 304,
786 2946 833 2978 19.
903 2936 996 2966 ritate
1012 2937 1080 2974 ejus
1097 2944 1226 2967 constet.
