<?xml version="1.0" encoding="UTF-8"?>
<!DOCTYPE html PUBLIC "-//W3C//DTD XHTML 1.0 Transitional//EN"
    "http://www.w3.org/TR/xhtml1/DTD/xhtml1-transitional.dtd">
<html xmlns="http://www.w3.org/1999/xhtml" xml:lang="en" lang="en">
 <head>
  <title>
</title>
<meta http-equiv="Content-Type" content="text/html;charset=utf-8" />
  <meta name='ocr-system' content='tesseract 3.04.00' />
  <meta name='ocr-capabilities' content='ocr_page ocr_carea ocr_par ocr_line ocrx_word'/>
</head>
<body>
  <div class='ocr_page' id='page_1' title='image "./operaexrecension05demouoft_0492.png"; bbox 0 0 1934 3179; ppageno 0'>
   <div class='ocr_carea' id='block_1_1' title="bbox 267 126 1219 169">
    <p class='ocr_par' dir='ltr' id='par_1_1' title="bbox 267 126 1219 169">
     <span class='ocr_line' id='line_1_1' title="bbox 267 126 1219 169; baseline -0.005 0"><span class='ocrx_word' id='word_1_1' title='bbox 267 131 350 169; x_wconf 71' lang='lat'>412</span> <span class='ocrx_word' id='word_1_2' title='bbox 821 128 936 167; x_wconf 86' lang='lat' dir='ltr'>PRO</span> <span class='ocrx_word' id='word_1_3' title='bbox 969 126 1219 168; x_wconf 82' lang='lat' dir='ltr'><strong>CORONA.</strong></span> 
     </span>
    </p>
   </div>
   <div class='ocr_carea' id='block_1_2' title="bbox 255 230 1791 2953">
    <p class='ocr_par' dir='ltr' id='par_1_2' title="bbox 255 230 1777 731">
     <span class='ocr_line' id='line_1_2' title="bbox 326 230 1774 288; baseline -0.003 -14"><span class='ocrx_word' id='word_1_4' title='bbox 326 236 419 284; x_wconf 83' lang='grc'>280,</span> <span class='ocrx_word' id='word_1_5' title='bbox 447 248 460 274; x_wconf 93' lang='lat'>1</span> <span class='ocrx_word' id='word_1_6' title='bbox 471 248 509 288; x_wconf 79' lang='lat'>3.</span> <span class='ocrx_word' id='word_1_7' title='bbox 534 235 583 275; x_wconf 83' lang='grc' dir='ltr'>ὡς</span> <span class='ocrx_word' id='word_1_8' title='bbox 604 234 711 283; x_wconf 84' lang='grc' dir='ltr'>ἡμεῖς</span> <span class='ocrx_word' id='word_1_9' title='bbox 733 234 898 286; x_wconf 81' lang='grc' dir='ltr'>ἄγομεν]</span> <span class='ocrx_word' id='word_1_10' title='bbox 936 233 990 272; x_wconf 75' lang='lat' dir='ltr'>Ut</span> <span class='ocrx_word' id='word_1_11' title='bbox 1009 247 1075 272; x_wconf 68' lang='lat' dir='ltr'>nos</span> <span class='ocrx_word' id='word_1_12' title='bbox 1095 231 1248 285; x_wconf 63' lang='lat' dir='ltr'>aqimus</span> <span class='ocrx_word' id='word_1_13' title='bbox 1269 243 1424 277; x_wconf 68' lang='lat' dir='ltr'>meuses,</span> <span class='ocrx_word' id='word_1_14' title='bbox 1446 230 1486 269; x_wconf 90' lang='lat' dir='ltr'>h.</span> <span class='ocrx_word' id='word_1_15' title='bbox 1509 244 1542 269; x_wconf 93' lang='lat' dir='ltr'>e.</span> <span class='ocrx_word' id='word_1_16' title='bbox 1566 245 1611 269; x_wconf 64' lang='lat' dir='ltr'>ea*</span> <span class='ocrx_word' id='word_1_17' title='bbox 1630 230 1774 270; x_wconf 67' lang='lat' dir='ltr'>nostris</span> 
     </span>
     <span class='ocr_line' id='line_1_3' title="bbox 255 285 1772 344; baseline -0.004 -14"><span class='ocrx_word' id='word_1_18' title='bbox 255 291 396 344; x_wconf 71' lang='lat' dir='ltr'>fastis.</span> <span class='ocrx_word' id='word_1_19' title='bbox 460 291 523 329; x_wconf 90' lang='lat' dir='ltr'>De</span> <span class='ocrx_word' id='word_1_20' title='bbox 563 289 866 343; x_wconf 82' lang='lat' dir='ltr'>significatione</span> <span class='ocrx_word' id='word_1_21' title='bbox 902 288 1015 328; x_wconf 87' lang='lat' dir='ltr'>verbi</span> <span class='ocrx_word' id='word_1_22' title='bbox 1050 291 1219 340; x_wconf 85' lang='lat' dir='ltr'>praeter</span> <span class='ocrx_word' id='word_1_23' title='bbox 1259 285 1448 338; x_wconf 84' lang='lat' dir='ltr'>exempla</span> <span class='ocrx_word' id='word_1_24' title='bbox 1487 300 1513 325; x_wconf 84' lang='lat' dir='ltr'>a</span> <span class='ocrx_word' id='word_1_25' title='bbox 1550 285 1772 325; x_wconf 85' lang='lat' dir='ltr'>Schaefero</span> 
     </span>
     <span class='ocr_line' id='line_1_4' title="bbox 267 341 1772 398; baseline -0.004 -12"><span class='ocrx_word' id='word_1_26' title='bbox 267 347 398 386; x_wconf 80' lang='lat' dir='ltr'>allata</span> <span class='ocrx_word' id='word_1_27' title='bbox 421 346 555 398; x_wconf 85' lang='lat' dir='ltr'>(Plut.</span> <span class='ocrx_word' id='word_1_28' title='bbox 579 345 655 385; x_wconf 93' lang='lat' dir='ltr'>vol.</span> <span class='ocrx_word' id='word_1_29' title='bbox 678 358 717 395; x_wconf 88' lang='lat'>4.</span> <span class='ocrx_word' id='word_1_30' title='bbox 739 359 778 397; x_wconf 88' lang='lat' dir='ltr'>p.</span> <span class='ocrx_word' id='word_1_31' title='bbox 801 357 869 396; x_wconf 71' lang='lat'>35.</span> <span class='ocrx_word' id='word_1_32' title='bbox 893 344 970 383; x_wconf 89' lang='lat' dir='ltr'>vol.</span> <span class='ocrx_word' id='word_1_33' title='bbox 992 357 1032 396; x_wconf 85' lang='lat'>5.</span> <span class='ocrx_word' id='word_1_34' title='bbox 1054 358 1094 396; x_wconf 91' lang='lat' dir='ltr'>p.</span> <span class='ocrx_word' id='word_1_35' title='bbox 1109 346 1203 396; x_wconf 76' lang='lat'><strong>639.</strong></span> <span class='ocrx_word' id='word_1_36' title='bbox 1225 343 1289 382; x_wconf 91' lang='lat' dir='ltr'>ed.</span> <span class='ocrx_word' id='word_1_37' title='bbox 1313 341 1476 393; x_wconf 85' lang='lat' dir='ltr'>Reisk.)</span> <span class='ocrx_word' id='word_1_38' title='bbox 1499 341 1592 380; x_wconf 90' lang='lat' dir='ltr'>vide</span> <span class='ocrx_word' id='word_1_39' title='bbox 1609 341 1772 381; x_wconf 78' lang='lat' dir='ltr'>Gemini</span> 
     </span>
     <span class='ocr_line' id='line_1_5' title="bbox 271 397 1773 457; baseline -0.005 -15"><span class='ocrx_word' id='word_1_40' title='bbox 271 403 435 457; x_wconf 83' lang='lat' dir='ltr'>Isagog.</span> <span class='ocrx_word' id='word_1_41' title='bbox 458 417 490 441; x_wconf 92' lang='lat' dir='ltr'>c.</span> <span class='ocrx_word' id='word_1_42' title='bbox 521 404 557 441; x_wconf 88' lang='grc'>6.</span> <span class='ocrx_word' id='word_1_43' title='bbox 591 416 628 454; x_wconf 89' lang='lat' dir='ltr'>p.</span> <span class='ocrx_word' id='word_1_44' title='bbox 659 413 726 454; x_wconf 81' lang='lat'>31.</span> <span class='ocrx_word' id='word_1_45' title='bbox 761 400 802 438; x_wconf 89' lang='lat' dir='ltr'>in</span> <span class='ocrx_word' id='word_1_46' title='bbox 826 399 988 439; x_wconf 81' lang='lat' dir='ltr'>Petavii</span> <span class='ocrx_word' id='word_1_47' title='bbox 1011 399 1199 447; x_wconf 73' lang='lat' dir='ltr'>Uranol.,</span> <span class='ocrx_word' id='word_1_48' title='bbox 1228 403 1271 438; x_wconf 89' lang='lat' dir='ltr'>et</span> <span class='ocrx_word' id='word_1_49' title='bbox 1292 397 1471 436; x_wconf 84' lang='lat' dir='ltr'>Bekker.</span> <span class='ocrx_word' id='word_1_50' title='bbox 1494 397 1698 436; x_wconf 87' lang='lat' dir='ltr'>Anecdot.</span> <span class='ocrx_word' id='word_1_51' title='bbox 1732 412 1773 450; x_wconf 91' lang='lat' dir='ltr'>p.</span> 
     </span>
     <span class='ocr_line' id='line_1_6' title="bbox 274 452 1775 510; baseline -0.005 -13"><span class='ocrx_word' id='word_1_52' title='bbox 274 463 364 498; x_wconf 75' lang='grc'>180.</span> <span class='ocrx_word' id='word_1_53' title='bbox 386 458 456 497; x_wconf 91' lang='lat' dir='ltr'>fin.</span> <span class='ocrx_word' id='word_1_54' title='bbox 519 456 727 510; x_wconf 77' lang='lat' dir='ltr'>Imprimis</span> <span class='ocrx_word' id='word_1_55' title='bbox 748 460 888 495; x_wconf 86' lang='lat' dir='ltr'>autem</span> <span class='ocrx_word' id='word_1_56' title='bbox 910 455 963 494; x_wconf 84' lang='lat' dir='ltr'>ad</span> <span class='ocrx_word' id='word_1_57' title='bbox 984 455 1139 494; x_wconf 78' lang='lat' dir='ltr'>hancce</span> <span class='ocrx_word' id='word_1_58' title='bbox 1160 453 1380 494; x_wconf 82' lang='lat' dir='ltr'>formulam</span> <span class='ocrx_word' id='word_1_59' title='bbox 1402 453 1544 492; x_wconf 82' lang='lat' dir='ltr'>confer</span> <span class='ocrx_word' id='word_1_60' title='bbox 1565 452 1688 506; x_wconf 82' lang='lat' dir='ltr'>Oorp.</span> <span class='ocrx_word' id='word_1_61' title='bbox 1708 452 1775 491; x_wconf 92' lang='lat' dir='ltr'>In-</span> 
     </span>
     <span class='ocr_line' id='line_1_7' title="bbox 269 509 1776 567; baseline -0.004 -13"><span class='ocrx_word' id='word_1_62' title='bbox 269 514 410 567; x_wconf 73' lang='lat' dir='ltr'>script.</span> <span class='ocrx_word' id='word_1_63' title='bbox 445 513 523 552; x_wconf 89' lang='lat' dir='ltr'>vol.</span> <span class='ocrx_word' id='word_1_64' title='bbox 555 526 585 552; x_wconf 88' lang='lat'>1.</span> <span class='ocrx_word' id='word_1_65' title='bbox 618 527 681 551; x_wconf 85' lang='lat' dir='ltr'>nr.</span> <span class='ocrx_word' id='word_1_66' title='bbox 715 524 848 562; x_wconf 58' lang='lat'>1707„</span> <span class='ocrx_word' id='word_1_67' title='bbox 876 509 1095 562; x_wconf 72' lang='grc' dir='ltr'>’Ἅρχοντος</span> <span class='ocrx_word' id='word_1_68' title='bbox 1121 510 1360 561; x_wconf 82' lang='grc' dir='ltr'>Στρατόιγου,</span> <span class='ocrx_word' id='word_1_69' title='bbox 1391 509 1510 559; x_wconf 84' lang='grc' dir='ltr'>μηνὸς</span> <span class='ocrx_word' id='word_1_70' title='bbox 1538 510 1699 556; x_wconf 87' lang='grc' dir='ltr'>Ποκίου,</span> <span class='ocrx_word' id='word_1_71' title='bbox 1726 509 1776 550; x_wconf 84' lang='grc' dir='ltr'>ὡς</span> 
     </span>
     <span class='ocr_line' id='line_1_8' title="bbox 267 564 1776 620; baseline -0.005 -11"><span class='ocrx_word' id='word_1_72' title='bbox 267 569 505 620; x_wconf 84' lang='grc' dir='ltr'>Ἀμφισσεῖς</span> <span class='ocrx_word' id='word_1_73' title='bbox 526 569 673 619; x_wconf 78' lang='grc' dir='ltr'>ἄγοντι,</span> <span class='ocrx_word' id='word_1_74' title='bbox 692 567 762 606; x_wconf 88' lang='lat' dir='ltr'>ubi</span> <span class='ocrx_word' id='word_1_75' title='bbox 784 566 876 606; x_wconf 85' lang='lat' dir='ltr'>vide</span> <span class='ocrx_word' id='word_1_76' title='bbox 898 566 1154 606; x_wconf 87' lang='lat' dir='ltr'>Boeckhium</span> <span class='ocrx_word' id='word_1_77' title='bbox 1175 581 1214 619; x_wconf 88' lang='lat' dir='ltr'>p.</span> <span class='ocrx_word' id='word_1_78' title='bbox 1235 566 1284 619; x_wconf 80' lang='lat'>83</span> <span class='ocrx_word' id='word_1_79' title='bbox 1293 578 1327 604; x_wconf 84' lang='lat'>2.</span> <span class='ocrx_word' id='word_1_80' title='bbox 1390 567 1534 617; x_wconf 80' lang='lat' dir='ltr'>Atque</span> <span class='ocrx_word' id='word_1_81' title='bbox 1555 564 1776 603; x_wconf 85' lang='lat' dir='ltr'>omitteba—</span> 
     </span>
     <span class='ocr_line' id='line_1_9' title="bbox 270 619 1777 675; baseline -0.004 -11"><span class='ocrx_word' id='word_1_82' title='bbox 270 631 340 664; x_wconf 88' lang='lat' dir='ltr'>tur</span> <span class='ocrx_word' id='word_1_83' title='bbox 361 624 489 664; x_wconf 89' lang='lat' dir='ltr'>etiam</span> <span class='ocrx_word' id='word_1_84' title='bbox 511 625 693 671; x_wconf 61' lang='lat' dir='ltr'>verbum.</span> <span class='ocrx_word' id='word_1_85' title='bbox 709 628 756 662; x_wconf 92' lang='lat' dir='ltr'>ut</span> <span class='ocrx_word' id='word_1_86' title='bbox 778 622 820 661; x_wconf 91' lang='lat' dir='ltr'>in</span> <span class='ocrx_word' id='word_1_87' title='bbox 844 622 1036 675; x_wconf 87' lang='lat' dir='ltr'>Inscript.</span> <span class='ocrx_word' id='word_1_88' title='bbox 1060 637 1121 661; x_wconf 88' lang='lat' dir='ltr'>nr.</span> <span class='ocrx_word' id='word_1_89' title='bbox 1147 624 1226 663; x_wconf 83' lang='lat'>226</span> <span class='ocrx_word' id='word_1_90' title='bbox 1230 634 1270 674; x_wconf 78' lang='lat'>5.</span> <span class='ocrx_word' id='word_1_91' title='bbox 1293 621 1370 660; x_wconf 90' lang='lat' dir='ltr'>vol.</span> <span class='ocrx_word' id='word_1_92' title='bbox 1391 633 1426 659; x_wconf 84' lang='lat'>2.</span> <span class='ocrx_word' id='word_1_93' title='bbox 1448 635 1487 673; x_wconf 90' lang='lat' dir='ltr'>p.</span> <span class='ocrx_word' id='word_1_94' title='bbox 1509 621 1600 660; x_wconf 86' lang='grc'>218.</span> <span class='ocrx_word' id='word_1_95' title='bbox 1624 619 1777 673; x_wconf 80' lang='lat' dir='ltr'>legitur</span> 
     </span>
     <span class='ocr_line' id='line_1_10' title="bbox 271 675 1524 731; baseline -0.005 -11"><span class='ocrx_word' id='word_1_96' title='bbox 271 682 320 722; x_wconf 84' lang='grc' dir='ltr'>ὡς</span> <span class='ocrx_word' id='word_1_97' title='bbox 338 680 561 731; x_wconf 84' lang='grc' dir='ltr'>Ἐρετριεῖς,</span> <span class='ocrx_word' id='word_1_98' title='bbox 586 681 635 721; x_wconf 83' lang='grc' dir='ltr'>ὡς</span> <span class='ocrx_word' id='word_1_99' title='bbox 656 682 695 719; x_wconf 83' lang='grc' dir='ltr'>δὲ</span> <span class='ocrx_word' id='word_1_100' title='bbox 720 678 928 727; x_wconf 79' lang='grc' dir='ltr'>Νάξιοι--,</span> <span class='ocrx_word' id='word_1_101' title='bbox 952 679 1000 720; x_wconf 85' lang='grc' dir='ltr'>ὡς</span> <span class='ocrx_word' id='word_1_102' title='bbox 1022 680 1062 717; x_wconf 81' lang='grc' dir='ltr'>δὲ</span> <span class='ocrx_word' id='word_1_103' title='bbox 1086 678 1238 728; x_wconf 84' lang='grc' dir='ltr'>Πάριοι.</span> <span class='ocrx_word' id='word_1_104' title='bbox 1300 675 1524 716; x_wconf 79' lang='lat' dir='ltr'><strong>DISSEN.</strong></span> 
     </span>
    </p>

    <p class='ocr_par' dir='ltr' id='par_1_3' title="bbox 274 731 1777 840">
     <span class='ocr_line' id='line_1_11' title="bbox 330 731 1777 788; baseline -0.003 -13"><span class='ocrx_word' id='word_1_105' title='bbox 330 737 423 783; x_wconf 84' lang='grc'>280,</span> <span class='ocrx_word' id='word_1_106' title='bbox 447 750 505 784; x_wconf 77' lang='lat'>14.</span> <span class='ocrx_word' id='word_1_107' title='bbox 528 734 722 788; x_wconf 88' lang='grc' dir='ltr'>πανέμου]</span> <span class='ocrx_word' id='word_1_108' title='bbox 749 734 1023 774; x_wconf 83' lang='lat' dir='ltr'>Scribenduin</span> <span class='ocrx_word' id='word_1_109' title='bbox 1040 734 1217 783; x_wconf 77' lang='grc' dir='ltr'>πανήμου</span> <span class='ocrx_word' id='word_1_110' title='bbox 1233 748 1283 772; x_wconf 86' lang='lat' dir='ltr'>ex</span> <span class='ocrx_word' id='word_1_111' title='bbox 1302 733 1343 772; x_wconf 85' lang='lat' dir='ltr'>S.</span> <span class='ocrx_word' id='word_1_112' title='bbox 1362 732 1537 785; x_wconf 82' lang='lat' dir='ltr'>aliisque</span> <span class='ocrx_word' id='word_1_113' title='bbox 1555 731 1777 771; x_wconf 89' lang='lat' dir='ltr'>codicibus.</span> 
     </span>
     <span class='ocr_line' id='line_1_12' title="bbox 274 787 1632 840; baseline -0.003 -10"><span class='ocrx_word' id='word_1_114' title='bbox 274 792 326 832; x_wconf 86' lang='lat' dir='ltr'>V.</span> <span class='ocrx_word' id='word_1_115' title='bbox 351 792 395 832; x_wconf 82' lang='lat' dir='ltr'>C.</span> <span class='ocrx_word' id='word_1_116' title='bbox 422 792 471 830; x_wconf 90' lang='lat' dir='ltr'>F.</span> <span class='ocrx_word' id='word_1_117' title='bbox 496 790 727 831; x_wconf 85' lang='lat' dir='ltr'>Hermanni</span> <span class='ocrx_word' id='word_1_118' title='bbox 751 790 981 830; x_wconf 77' lang='lat' dir='ltr'>Comme-nt.</span> <span class='ocrx_word' id='word_1_119' title='bbox 1005 790 1056 829; x_wconf 89' lang='lat' dir='ltr'>de</span> <span class='ocrx_word' id='word_1_120' title='bbox 1077 789 1286 829; x_wconf 85' lang='lat' dir='ltr'>mensibus</span> <span class='ocrx_word' id='word_1_121' title='bbox 1308 787 1478 828; x_wconf 79' lang='lat' dir='ltr'>Graecis</span> <span class='ocrx_word' id='word_1_122' title='bbox 1499 802 1541 840; x_wconf 88' lang='lat' dir='ltr'>p.</span> <span class='ocrx_word' id='word_1_123' title='bbox 1566 798 1632 839; x_wconf 83' lang='grc'>72.</span> 
     </span>
    </p>

    <p class='ocr_par' dir='ltr' id='par_1_4' title="bbox 272 844 1791 2066">
     <span class='ocr_line' id='line_1_13' title="bbox 330 844 1778 900; baseline -0.005 -12"><span class='ocrx_word' id='word_1_124' title='bbox 330 848 422 896; x_wconf 86' lang='grc'>280,</span> <span class='ocrx_word' id='word_1_125' title='bbox 452 860 512 900; x_wconf 87' lang='lat'>15.</span> <span class='ocrx_word' id='word_1_126' title='bbox 547 847 751 886; x_wconf 88' lang='lat' dir='ltr'>Deleatur</span> <span class='ocrx_word' id='word_1_127' title='bbox 783 861 944 886; x_wconf 86' lang='lat' dir='ltr'>comma</span> <span class='ocrx_word' id='word_1_128' title='bbox 975 850 1071 899; x_wconf 85' lang='lat' dir='ltr'>post</span> <span class='ocrx_word' id='word_1_129' title='bbox 1100 847 1328 898; x_wconf 82' lang='grc' dir='ltr'>χρησόμεθα</span> <span class='ocrx_word' id='word_1_130' title='bbox 1360 844 1608 897; x_wconf 68' lang='lat' dir='ltr'><strong>typothetae</strong></span> <span class='ocrx_word' id='word_1_131' title='bbox 1639 856 1778 882; x_wconf 87' lang='lat' dir='ltr'>errore</span> 
     </span>
     <span class='ocr_line' id='line_1_14' title="bbox 272 898 1779 951; baseline -0.005 -8"><span class='ocrx_word' id='word_1_132' title='bbox 272 903 475 944; x_wconf 87' lang='lat' dir='ltr'>relictum.</span> <span class='ocrx_word' id='word_1_133' title='bbox 538 904 681 942; x_wconf 87' lang='lat' dir='ltr'>Verba</span> <span class='ocrx_word' id='word_1_134' title='bbox 714 907 793 943; x_wconf 81' lang='grc' dir='ltr'>τοῖς</span> <span class='ocrx_word' id='word_1_135' title='bbox 824 904 864 941; x_wconf 83' lang='grc' dir='ltr'>δὲ</span> <span class='ocrx_word' id='word_1_136' title='bbox 896 903 1137 951; x_wconf 77' lang='grc' dir='ltr'>συμβούλοις</span> <span class='ocrx_word' id='word_1_137' title='bbox 1168 902 1258 951; x_wconf 79' lang='grc' dir='ltr'>ἡμῖν</span> <span class='ocrx_word' id='word_1_138' title='bbox 1290 900 1478 948; x_wconf 90' lang='grc' dir='ltr'>κειμένοις</span> <span class='ocrx_word' id='word_1_139' title='bbox 1509 898 1654 938; x_wconf 79' lang='lat' dir='ltr'>seclusi</span> <span class='ocrx_word' id='word_1_140' title='bbox 1686 913 1779 938; x_wconf 89' lang='lat' dir='ltr'>cum</span> 
     </span>
     <span class='ocr_line' id='line_1_15' title="bbox 274 955 1791 1011; baseline -0.005 -12"><span class='ocrx_word' id='word_1_141' title='bbox 274 960 481 1007; x_wconf 71' lang='lat' dir='ltr'>DobraeQ</span> <span class='ocrx_word' id='word_1_142' title='bbox 504 959 582 999; x_wconf 87' lang='lat' dir='ltr'>etsi</span> <span class='ocrx_word' id='word_1_143' title='bbox 605 959 715 1011; x_wconf 84' lang='lat' dir='ltr'>quod</span> <span class='ocrx_word' id='word_1_144' title='bbox 742 958 776 997; x_wconf 91' lang='lat' dir='ltr'>is</span> <span class='ocrx_word' id='word_1_145' title='bbox 802 958 970 1011; x_wconf 85' lang='lat' dir='ltr'>conjicit</span> <span class='ocrx_word' id='word_1_146' title='bbox 992 957 1096 996; x_wconf 84' lang='lat' dir='ltr'>duas</span> <span class='ocrx_word' id='word_1_147' title='bbox 1127 956 1338 996; x_wconf 71' lang='lat' dir='ltr'>exstitisse</span> <span class='ocrx_word' id='word_1_148' title='bbox 1370 955 1580 1002; x_wconf 88' lang='lat' dir='ltr'>lectiones,</span> <span class='ocrx_word' id='word_1_149' title='bbox 1602 955 1791 994; x_wconf 85' lang='lat' dir='ltr'>alteram·</span> 
     </span>
     <span class='ocr_line' id='line_1_16' title="bbox 273 1011 1781 1065; baseline -0.003 -11"><span class='ocrx_word' id='word_1_150' title='bbox 273 1020 352 1057; x_wconf 85' lang='grc' dir='ltr'>τοῖς</span> <span class='ocrx_word' id='word_1_151' title='bbox 374 1017 414 1054; x_wconf 81' lang='grc' dir='ltr'>δὲ</span> <span class='ocrx_word' id='word_1_152' title='bbox 440 1016 490 1065; x_wconf 74' lang='grc' dir='ltr'>μὴ</span> <span class='ocrx_word' id='word_1_153' title='bbox 513 1015 782 1064; x_wconf 87' lang='grc' dir='ltr'>συναντήσασι</span> <span class='ocrx_word' id='word_1_154' title='bbox 813 1015 1012 1063; x_wconf 85' lang='grc' dir='ltr'>πανδημεί,</span> <span class='ocrx_word' id='word_1_155' title='bbox 1036 1013 1213 1053; x_wconf 83' lang='lat' dir='ltr'>alteram</span> <span class='ocrx_word' id='word_1_156' title='bbox 1243 1017 1323 1053; x_wconf 83' lang='grc' dir='ltr'>τοῖς</span> <span class='ocrx_word' id='word_1_157' title='bbox 1354 1014 1394 1051; x_wconf 80' lang='grc' dir='ltr'>δὲ</span> <span class='ocrx_word' id='word_1_158' title='bbox 1422 1013 1662 1061; x_wconf 82' lang='grc' dir='ltr'>συμβούλοις</span> <span class='ocrx_word' id='word_1_159' title='bbox 1691 1011 1781 1060; x_wconf 84' lang='grc' dir='ltr'>ἡμῖν</span> 
     </span>
     <span class='ocr_line' id='line_1_17' title="bbox 272 1066 1780 1123; baseline -0.004 -12"><span class='ocrx_word' id='word_1_160' title='bbox 272 1072 323 1122; x_wconf 79' lang='grc' dir='ltr'>μὴ</span> <span class='ocrx_word' id='word_1_161' title='bbox 343 1072 558 1123; x_wconf 74' lang='grc' dir='ltr'>χρωμένοις</span> <span class='ocrx_word' id='word_1_162' title='bbox 582 1071 658 1123; x_wconf 84' lang='lat' dir='ltr'>(sic</span> <span class='ocrx_word' id='word_1_163' title='bbox 682 1069 920 1110; x_wconf 85' lang='lat' dir='ltr'>Felicianus</span> <span class='ocrx_word' id='word_1_164' title='bbox 951 1084 1027 1122; x_wconf 91' lang='lat' dir='ltr'>pro</span> <span class='ocrx_word' id='word_1_165' title='bbox 1056 1070 1261 1119; x_wconf 88' lang='grc' dir='ltr'>κειμένοις)</span> <span class='ocrx_word' id='word_1_166' title='bbox 1286 1082 1334 1107; x_wconf 91' lang='lat' dir='ltr'>eo</span> <span class='ocrx_word' id='word_1_167' title='bbox 1360 1067 1558 1106; x_wconf 70' lang='lat' dir='ltr'>incertius</span> <span class='ocrx_word' id='word_1_168' title='bbox 1584 1071 1647 1106; x_wconf 88' lang='lat' dir='ltr'>est</span> <span class='ocrx_word' id='word_1_169' title='bbox 1670 1066 1780 1119; x_wconf 89' lang='lat' dir='ltr'>quod</span> 
     </span>
     <span class='ocr_line' id='line_1_18' title="bbox 273 1122 1782 1178; baseline -0.005 -11"><span class='ocrx_word' id='word_1_170' title='bbox 273 1128 324 1177; x_wconf 82' lang='grc' dir='ltr'>μὴ</span> <span class='ocrx_word' id='word_1_171' title='bbox 345 1131 444 1167; x_wconf 89' lang='lat' dir='ltr'>aute</span> <span class='ocrx_word' id='word_1_172' title='bbox 467 1126 656 1177; x_wconf 87' lang='grc' dir='ltr'>κειμένοις</span> <span class='ocrx_word' id='word_1_173' title='bbox 685 1141 710 1166; x_wconf 91' lang='lat' dir='ltr'>a</span> <span class='ocrx_word' id='word_1_174' title='bbox 741 1125 858 1165; x_wconf 88' lang='lat' dir='ltr'>libris</span> <span class='ocrx_word' id='word_1_175' title='bbox 888 1125 1094 1178; x_wconf 83' lang='lat' dir='ltr'>plerisque</span> <span class='ocrx_word' id='word_1_176' title='bbox 1126 1129 1168 1164; x_wconf 83' lang='lat' dir='ltr'>et</span> <span class='ocrx_word' id='word_1_177' title='bbox 1196 1123 1364 1177; x_wconf 86' lang='lat' dir='ltr'>optimis</span> <span class='ocrx_word' id='word_1_178' title='bbox 1395 1124 1526 1163; x_wconf 88' lang='lat' dir='ltr'>abest.</span> <span class='ocrx_word' id='word_1_179' title='bbox 1587 1122 1782 1162; x_wconf 82' lang='lat' dir='ltr'>Ceterum</span> 
     </span>
     <span class='ocr_line' id='line_1_19' title="bbox 274 1178 1783 1234; baseline -0.004 -12"><span class='ocrx_word' id='word_1_180' title='bbox 274 1183 315 1222; x_wconf 93' lang='lat' dir='ltr'>in</span> <span class='ocrx_word' id='word_1_181' title='bbox 347 1183 521 1222; x_wconf 85' lang='lat' dir='ltr'>eandem</span> <span class='ocrx_word' id='word_1_182' title='bbox 551 1197 644 1222; x_wconf 87' lang='lat' dir='ltr'>cum</span> <span class='ocrx_word' id='word_1_183' title='bbox 667 1182 862 1221; x_wconf 88' lang='lat' dir='ltr'>Dobraeo</span> <span class='ocrx_word' id='word_1_184' title='bbox 894 1182 1177 1234; x_wconf 87' lang='lat' dir='ltr'>conjecturam</span> <span class='ocrx_word' id='word_1_185' title='bbox 1211 1179 1355 1219; x_wconf 87' lang='lat' dir='ltr'>incidit</span> <span class='ocrx_word' id='word_1_186' title='bbox 1387 1178 1644 1226; x_wconf 72' lang='lat' dir='ltr'>Schaeferus,</span> <span class='ocrx_word' id='word_1_187' title='bbox 1667 1178 1783 1231; x_wconf 87' lang='lat' dir='ltr'>cujus</span> 
     </span>
     <span class='ocr_line' id='line_1_20' title="bbox 274 1235 1784 1291; baseline -0.003 -13"><span class='ocrx_word' id='word_1_188' title='bbox 274 1240 377 1279; x_wconf 84' lang='lat' dir='ltr'>haec</span> <span class='ocrx_word' id='word_1_189' title='bbox 395 1244 458 1278; x_wconf 79' lang='lat' dir='ltr'>est·</span> <span class='ocrx_word' id='word_1_190' title='bbox 479 1238 699 1278; x_wconf 78' lang='lat' dir='ltr'>annotatio</span> <span class='ocrx_word' id='word_1_191' title='bbox 715 1254 722 1277; x_wconf 78' lang='grc' dir='ltr'>ε</span> <span class='ocrx_word' id='word_1_192' title='bbox 760 1244 782 1259; x_wconf 80' lang='grc'>“</span> <span class='ocrx_word' id='word_1_193' title='bbox 803 1238 915 1291; x_wconf 82' lang='lat' dir='ltr'>Lego</span> <span class='ocrx_word' id='word_1_194' title='bbox 934 1253 941 1275; x_wconf 80' lang='lat'>2</span> <span class='ocrx_word' id='word_1_195' title='bbox 976 1242 1057 1278; x_wconf 88' lang='grc' dir='ltr'>τοῖς</span> <span class='ocrx_word' id='word_1_196' title='bbox 1075 1239 1114 1276; x_wconf 84' lang='grc' dir='ltr'>δὲ</span> <span class='ocrx_word' id='word_1_197' title='bbox 1132 1237 1183 1286; x_wconf 77' lang='grc' dir='ltr'>μὴ</span> <span class='ocrx_word' id='word_1_198' title='bbox 1200 1237 1468 1284; x_wconf 85' lang='grc' dir='ltr'>συναντήσασι</span> <span class='ocrx_word' id='word_1_199' title='bbox 1485 1235 1673 1284; x_wconf 84' lang='grc' dir='ltr'>πανδημεὶ</span> <span class='ocrx_word' id='word_1_200' title='bbox 1692 1250 1784 1286; x_wconf 90' lang='grc' dir='ltr'>χρη-</span> 
     </span>
     <span class='ocr_line' id='line_1_21' title="bbox 276 1290 1786 1345; baseline -0.004 -11"><span class='ocrx_word' id='word_1_201' title='bbox 276 1297 426 1344; x_wconf 85' lang='grc' dir='ltr'>σόμεθα</span> <span class='ocrx_word' id='word_1_202' title='bbox 448 1296 664 1345; x_wconf 87' lang='grc' dir='ltr'>ἐπιζημίοις.</span> <span class='ocrx_word' id='word_1_203' title='bbox 732 1294 808 1343; x_wconf 63' lang='lat'>(2205</span> <span class='ocrx_word' id='word_1_204' title='bbox 829 1300 957 1333; x_wconf 67' lang='lat' dir='ltr'>aalma</span> <span class='ocrx_word' id='word_1_205' title='bbox 980 1307 1054 1332; x_wconf 70' lang='grc' dir='ltr'>ηομ</span> <span class='ocrx_word' id='word_1_206' title='bbox 1077 1293 1250 1331; x_wconf 68' lang='lat' dir='ltr'>rmm‘e&#39;nt</span> <span class='ocrx_word' id='word_1_207' title='bbox 1272 1306 1356 1330; x_wconf 72' lang='lat' dir='ltr'>eam</span> <span class='ocrx_word' id='word_1_208' title='bbox 1379 1290 1554 1330; x_wconf 71' lang='lat' dir='ltr'>omnibns</span> <span class='ocrx_word' id='word_1_209' title='bbox 1575 1290 1711 1344; x_wconf 54' lang='grc' dir='ltr'>οολοιίε,</span> <span class='ocrx_word' id='word_1_210' title='bbox 1727 1303 1786 1329; x_wconf 76' lang='lat' dir='ltr'>eos</span> 
     </span>
     <span class='ocr_line' id='line_1_22' title="bbox 275 1346 1785 1400; baseline -0.004 -10"><span class='ocrx_word' id='word_1_211' title='bbox 275 1350 532 1390; x_wconf 59' lang='lat' dir='ltr'>tractabimus</span> <span class='ocrx_word' id='word_1_212' title='bbox 559 1358 603 1390; x_wconf 72' lang='lat' dir='ltr'>‘nt</span> <span class='ocrx_word' id='word_1_213' title='bbox 634 1350 801 1389; x_wconf 74' lang='lat' dir='ltr'>malclae</span> <span class='ocrx_word' id='word_1_214' title='bbox 832 1348 1021 1389; x_wconf 62' lang='lat' dir='ltr'>obnosios.</span> <span class='ocrx_word' id='word_1_215' title='bbox 1085 1349 1123 1386; x_wconf 83' lang='lat' dir='ltr'>V</span> <span class='ocrx_word' id='word_1_216' title='bbox 1129 1348 1226 1395; x_wconf 71' lang='lat' dir='ltr'>ides,</span> <span class='ocrx_word' id='word_1_217' title='bbox 1251 1362 1374 1400; x_wconf 79' lang='lat' dir='ltr'>quani</span> <span class='ocrx_word' id='word_1_218' title='bbox 1405 1346 1586 1386; x_wconf 86' lang='lat' dir='ltr'>rotunda</span> <span class='ocrx_word' id='word_1_219' title='bbox 1609 1360 1785 1399; x_wconf 87' lang='lat' dir='ltr'>vereque</span> 
     </span>
     <span class='ocr_line' id='line_1_23' title="bbox 277 1402 1783 1459; baseline -0.003 -14"><span class='ocrx_word' id='word_1_220' title='bbox 277 1406 516 1459; x_wconf 85' lang='lat' dir='ltr'>Philippica</span> <span class='ocrx_word' id='word_1_221' title='bbox 549 1406 734 1446; x_wconf 75' lang='lat' dir='ltr'>clausula</span> <span class='ocrx_word' id='word_1_222' title='bbox 768 1406 869 1445; x_wconf 82' lang='lat' dir='ltr'>haec</span> <span class='ocrx_word' id='word_1_223' title='bbox 902 1405 1080 1458; x_wconf 87' lang='lat' dir='ltr'>epistola</span> <span class='ocrx_word' id='word_1_224' title='bbox 1110 1404 1294 1443; x_wconf 81' lang='lat' dir='ltr'>finiatur.</span> <span class='ocrx_word' id='word_1_225' title='bbox 1356 1403 1596 1456; x_wconf 87' lang='lat' dir='ltr'>Xenophon</span> <span class='ocrx_word' id='word_1_226' title='bbox 1619 1402 1783 1441; x_wconf 89' lang='lat' dir='ltr'>Hellen.</span> 
     </span>
     <span class='ocr_line' id='line_1_24' title="bbox 275 1460 1786 1514; baseline -0.005 -11"><span class='ocrx_word' id='word_1_227' title='bbox 275 1475 318 1514; x_wconf 80' lang='grc'>5,</span> <span class='ocrx_word' id='word_1_228' title='bbox 338 1475 373 1509; x_wconf 78' lang='grc'>2,</span> <span class='ocrx_word' id='word_1_229' title='bbox 395 1475 458 1503; x_wconf 82' lang='grc'>21.</span> <span class='ocrx_word' id='word_1_230' title='bbox 493 1464 526 1501; x_wconf 81' lang='grc' dir='ltr'>εἰ</span> <span class='ocrx_word' id='word_1_231' title='bbox 548 1463 590 1501; x_wconf 81' lang='grc' dir='ltr'>δέ</span> <span class='ocrx_word' id='word_1_232' title='bbox 614 1479 666 1503; x_wconf 87' lang='grc' dir='ltr'>τις</span> <span class='ocrx_word' id='word_1_233' title='bbox 687 1466 762 1501; x_wconf 85' lang='grc' dir='ltr'>τῶν</span> <span class='ocrx_word' id='word_1_234' title='bbox 784 1463 936 1501; x_wconf 88' lang='grc' dir='ltr'>πόλεων</span> <span class='ocrx_word' id='word_1_235' title='bbox 958 1462 1108 1500; x_wconf 83' lang='grc' dir='ltr'>ἐκλίποι</span> <span class='ocrx_word' id='word_1_236' title='bbox 1133 1461 1198 1509; x_wconf 76' lang='grc' dir='ltr'>τὴν</span> <span class='ocrx_word' id='word_1_237' title='bbox 1220 1462 1417 1510; x_wconf 79' lang='grc' dir='ltr'>στρατιὰν,</span> <span class='ocrx_word' id='word_1_238' title='bbox 1442 1460 1586 1507; x_wconf 80' lang='grc' dir='ltr'>ἐξεῖναι</span> <span class='ocrx_word' id='word_1_239' title='bbox 1607 1461 1686 1499; x_wconf 86' lang='grc' dir='ltr'>τοῖς</span> <span class='ocrx_word' id='word_1_240' title='bbox 1707 1462 1786 1497; x_wconf 90' lang='grc' dir='ltr'>Λα-</span> 
     </span>
     <span class='ocr_line' id='line_1_25' title="bbox 278 1513 1786 1567; baseline -0.003 -10"><span class='ocrx_word' id='word_1_241' title='bbox 278 1519 532 1567; x_wconf 82' lang='grc' dir='ltr'>κεδαιμονίοις</span> <span class='ocrx_word' id='word_1_242' title='bbox 555 1519 773 1566; x_wconf 79' lang='grc' dir='ltr'>ἐπιζημιοῦν</span> <span class='ocrx_word' id='word_1_243' title='bbox 796 1520 955 1566; x_wconf 85' lang='grc' dir='ltr'>στατῆρι</span> <span class='ocrx_word' id='word_1_244' title='bbox 984 1518 1078 1555; x_wconf 76' lang='grc' dir='ltr'>κατὰ</span> <span class='ocrx_word' id='word_1_245' title='bbox 1099 1516 1168 1554; x_wconf 83' lang='grc' dir='ltr'>τὸν</span> <span class='ocrx_word' id='word_1_246' title='bbox 1190 1516 1311 1565; x_wconf 76' lang='grc' dir='ltr'>ἄνδρα</span> <span class='ocrx_word' id='word_1_247' title='bbox 1336 1518 1400 1564; x_wconf 83' lang='grc' dir='ltr'>τῆς</span> <span class='ocrx_word' id='word_1_248' title='bbox 1420 1514 1572 1565; x_wconf 86' lang='grc' dir='ltr'>ἡμέρας.</span> <span class='ocrx_word' id='word_1_249' title='bbox 1636 1513 1786 1553; x_wconf 78' lang='lat' dir='ltr'>Deleta</span> 
     </span>
     <span class='ocr_line' id='line_1_26' title="bbox 277 1569 1787 1623; baseline -0.003 -11"><span class='ocrx_word' id='word_1_250' title='bbox 277 1573 359 1621; x_wconf 73' lang='lat' dir='ltr'>illa,</span> <span class='ocrx_word' id='word_1_251' title='bbox 383 1578 462 1614; x_wconf 87' lang='grc' dir='ltr'>τοῖς</span> <span class='ocrx_word' id='word_1_252' title='bbox 484 1575 523 1612; x_wconf 85' lang='grc' dir='ltr'>δὲ</span> <span class='ocrx_word' id='word_1_253' title='bbox 546 1575 786 1622; x_wconf 80' lang='grc' dir='ltr'>συμβούλοις</span> <span class='ocrx_word' id='word_1_254' title='bbox 806 1574 895 1622; x_wconf 85' lang='grc' dir='ltr'>ἡμῖν</span> <span class='ocrx_word' id='word_1_255' title='bbox 915 1571 966 1622; x_wconf 75' lang='grc' dir='ltr'>μὴ</span> <span class='ocrx_word' id='word_1_256' title='bbox 989 1571 1186 1621; x_wconf 83' lang='grc' dir='ltr'>κειμένοις,</span> <span class='ocrx_word' id='word_1_257' title='bbox 1211 1585 1316 1623; x_wconf 78' lang='lat' dir='ltr'>quae</span> <span class='ocrx_word' id='word_1_258' title='bbox 1338 1575 1381 1610; x_wconf 87' lang='lat' dir='ltr'>et</span> <span class='ocrx_word' id='word_1_259' title='bbox 1403 1569 1654 1609; x_wconf 84' lang='lat' dir='ltr'>densissimis</span> <span class='ocrx_word' id='word_1_260' title='bbox 1675 1573 1787 1609; x_wconf 83' lang='lat' dir='ltr'>tene-</span> 
     </span>
     <span class='ocr_line' id='line_1_27' title="bbox 276 1625 1787 1681; baseline -0.003 -13"><span class='ocrx_word' id='word_1_261' title='bbox 276 1629 362 1668; x_wconf 84' lang='lat' dir='ltr'>bris</span> <span class='ocrx_word' id='word_1_262' title='bbox 384 1629 518 1668; x_wconf 89' lang='lat' dir='ltr'>locum</span> <span class='ocrx_word' id='word_1_263' title='bbox 540 1630 769 1668; x_wconf 85' lang='lat' dir='ltr'>obscurant</span> <span class='ocrx_word' id='word_1_264' title='bbox 790 1643 864 1667; x_wconf 89' lang='lat' dir='ltr'>nec</span> <span class='ocrx_word' id='word_1_265' title='bbox 886 1632 1122 1681; x_wconf 78' lang='lat' dir='ltr'>congruunt</span> <span class='ocrx_word' id='word_1_266' title='bbox 1138 1626 1339 1679; x_wconf 79' lang='lat' dir='ltr'>epistolae</span> <span class='ocrx_word' id='word_1_267' title='bbox 1360 1626 1507 1673; x_wconf 71' lang='lat' dir='ltr'>tenori,</span> <span class='ocrx_word' id='word_1_268' title='bbox 1525 1625 1633 1664; x_wconf 85' lang='lat' dir='ltr'>unde</span> <span class='ocrx_word' id='word_1_269' title='bbox 1655 1639 1787 1678; x_wconf 87' lang='lat' dir='ltr'>quave</span> 
     </span>
     <span class='ocr_line' id='line_1_28' title="bbox 277 1681 1787 1737; baseline -0.003 -13"><span class='ocrx_word' id='word_1_270' title='bbox 277 1685 327 1724; x_wconf 90' lang='lat' dir='ltr'>de</span> <span class='ocrx_word' id='word_1_271' title='bbox 349 1699 496 1724; x_wconf 86' lang='lat' dir='ltr'>caussa</span> <span class='ocrx_word' id='word_1_272' title='bbox 512 1685 659 1737; x_wconf 81' lang='lat' dir='ltr'>pedem</span> <span class='ocrx_word' id='word_1_273' title='bbox 681 1684 909 1731; x_wconf 69' lang='lat' dir='ltr'>intulerint,</span> <span class='ocrx_word' id='word_1_274' title='bbox 930 1687 1134 1736; x_wconf 82' lang='lat' dir='ltr'>quaerant</span> <span class='ocrx_word' id='word_1_275' title='bbox 1151 1682 1300 1735; x_wconf 83' lang='lat' dir='ltr'>quibus</span> <span class='ocrx_word' id='word_1_276' title='bbox 1316 1682 1452 1734; x_wconf 85' lang='lat' dir='ltr'>majus</span> <span class='ocrx_word' id='word_1_277' title='bbox 1474 1686 1537 1721; x_wconf 86' lang='lat' dir='ltr'>est</span> <span class='ocrx_word' id='word_1_278' title='bbox 1559 1681 1690 1720; x_wconf 88' lang='lat' dir='ltr'>otium</span> <span class='ocrx_word' id='word_1_279' title='bbox 1712 1685 1787 1719; x_wconf 89' lang='lat' dir='ltr'>aut</span> 
     </span>
     <span class='ocr_line' id='line_1_29' title="bbox 278 1736 1787 1793; baseline -0.003 -14"><span class='ocrx_word' id='word_1_280' title='bbox 278 1741 371 1793; x_wconf 86' lang='lat' dir='ltr'>plus</span> <span class='ocrx_word' id='word_1_281' title='bbox 393 1740 606 1780; x_wconf 79' lang='lat' dir='ltr'>acuminis.</span> <span class='ocrx_word' id='word_1_282' title='bbox 669 1740 775 1779; x_wconf 92' lang='lat' dir='ltr'>Nolo</span> <span class='ocrx_word' id='word_1_283' title='bbox 798 1740 918 1786; x_wconf 72' lang='lat' dir='ltr'>enim,</span> <span class='ocrx_word' id='word_1_284' title='bbox 943 1738 1130 1792; x_wconf 83' lang='lat' dir='ltr'>quamvis</span> <span class='ocrx_word' id='word_1_285' title='bbox 1153 1738 1273 1777; x_wconf 86' lang='lat' dir='ltr'>facile</span> <span class='ocrx_word' id='word_1_286' title='bbox 1300 1738 1366 1783; x_wconf 51' lang='lat' dir='ltr'>sit..</span> <span class='ocrx_word' id='word_1_287' title='bbox 1391 1738 1531 1776; x_wconf 78' lang='lat' dir='ltr'>ludere</span> <span class='ocrx_word' id='word_1_288' title='bbox 1552 1736 1787 1788; x_wconf 84' lang='lat' dir='ltr'>conjectan-</span> 
     </span>
     <span class='ocr_line' id='line_1_30' title="bbox 275 1791 1784 1849; baseline -0.003 -14"><span class='ocrx_word' id='word_1_289' title='bbox 275 1796 367 1835; x_wconf 72' lang='lat' dir='ltr'>do.”</span> <span class='ocrx_word' id='word_1_290' title='bbox 420 1797 574 1836; x_wconf 85' lang='lat' dir='ltr'>Parum</span> <span class='ocrx_word' id='word_1_291' title='bbox 592 1796 865 1849; x_wconf 83' lang='lat' dir='ltr'>probabiliter</span> <span class='ocrx_word' id='word_1_292' title='bbox 882 1794 1183 1841; x_wconf 71' lang='lat' dir='ltr'>Boelmeckius,</span> <span class='ocrx_word' id='word_1_293' title='bbox 1201 1802 1223 1815; x_wconf 67' lang='lat'>⁴⁶</span> <span class='ocrx_word' id='word_1_294' title='bbox 1241 1793 1383 1832; x_wconf 87' lang='lat' dir='ltr'>Possis</span> <span class='ocrx_word' id='word_1_295' title='bbox 1402 1793 1530 1833; x_wconf 85' lang='lat' dir='ltr'>etiam</span> <span class='ocrx_word' id='word_1_296' title='bbox 1553 1791 1756 1845; x_wconf 84' lang='lat' dir='ltr'>conjicere</span> <span class='ocrx_word' id='word_1_297' title='bbox 1777 1807 1784 1830; x_wconf 91' lang='lat'><strong>:</strong></span> 
     </span>
     <span class='ocr_line' id='line_1_31' title="bbox 277 1848 1788 1902; baseline -0.003 -12"><span class='ocrx_word' id='word_1_298' title='bbox 277 1856 355 1893; x_wconf 86' lang='grc' dir='ltr'>τοῖς</span> <span class='ocrx_word' id='word_1_299' title='bbox 376 1853 416 1891; x_wconf 79' lang='grc' dir='ltr'>δὲ</span> <span class='ocrx_word' id='word_1_300' title='bbox 438 1853 490 1902; x_wconf 76' lang='grc' dir='ltr'>μὴ</span> <span class='ocrx_word' id='word_1_301' title='bbox 512 1852 781 1901; x_wconf 81' lang='grc' dir='ltr'>συναντήσασι</span> <span class='ocrx_word' id='word_1_302' title='bbox 808 1852 1008 1900; x_wconf 82' lang='grc' dir='ltr'>πανδημεὶ,</span> <span class='ocrx_word' id='word_1_303' title='bbox 1031 1851 1256 1902; x_wconf 84' lang='grc' dir='ltr'>χρησόμεθα</span> <span class='ocrx_word' id='word_1_304' title='bbox 1277 1853 1355 1890; x_wconf 81' lang='grc' dir='ltr'>τοῖς</span> <span class='ocrx_word' id='word_1_305' title='bbox 1381 1851 1441 1888; x_wconf 82' lang='grc' dir='ltr'>διὰ</span> <span class='ocrx_word' id='word_1_306' title='bbox 1463 1849 1678 1898; x_wconf 82' lang='grc' dir='ltr'>συμβόλων</span> <span class='ocrx_word' id='word_1_307' title='bbox 1699 1848 1788 1896; x_wconf 86' lang='grc' dir='ltr'>ἡμῖν</span> 
     </span>
     <span class='ocr_line' id='line_1_32' title="bbox 277 1903 1787 1960; baseline -0.003 -14"><span class='ocrx_word' id='word_1_308' title='bbox 277 1907 466 1956; x_wconf 89' lang='grc' dir='ltr'>κειμένοις</span> <span class='ocrx_word' id='word_1_309' title='bbox 488 1909 704 1957; x_wconf 78' lang='grc' dir='ltr'>ἐπιζημίοις.</span> <span class='ocrx_word' id='word_1_310' title='bbox 738 1907 807 1960; x_wconf 72' lang='lat' dir='ltr'>qai</span> <span class='ocrx_word' id='word_1_311' title='bbox 827 1914 957 1946; x_wconf 65' lang='lat' dir='ltr'>aedem</span> <span class='ocrx_word' id='word_1_312' title='bbox 984 1920 1059 1945; x_wconf 73' lang='grc' dir='ltr'>ιιοη</span> <span class='ocrx_word' id='word_1_313' title='bbox 1081 1905 1257 1944; x_wconf 62' lang='lat' dir='ltr'>venerint</span> <span class='ocrx_word' id='word_1_314' title='bbox 1278 1919 1365 1944; x_wconf 74' lang='lat' dir='ltr'>cum</span> <span class='ocrx_word' id='word_1_315' title='bbox 1387 1903 1562 1943; x_wconf 66' lang='lat' dir='ltr'>ommibus</span> <span class='ocrx_word' id='word_1_316' title='bbox 1583 1903 1706 1956; x_wconf 72' lang='lat' dir='ltr'>copiis</span> <span class='ocrx_word' id='word_1_317' title='bbox 1726 1916 1787 1942; x_wconf 76' lang='lat' dir='ltr'>eos</span> 
     </span>
     <span class='ocr_line' id='line_1_33' title="bbox 276 1958 1787 2016; baseline -0.004 -14"><span class='ocrx_word' id='word_1_318' title='bbox 276 1963 495 2015; x_wconf 71' lang='lat' dir='ltr'>afficienms</span> <span class='ocrx_word' id='word_1_319' title='bbox 525 1963 673 2016; x_wconf 69' lang='lat' dir='ltr'>poenis.</span> <span class='ocrx_word' id='word_1_320' title='bbox 696 1963 743 2002; x_wconf 71' lang='lat' dir='ltr'>de</span> <span class='ocrx_word' id='word_1_321' title='bbox 764 1962 901 2015; x_wconf 67' lang='lat' dir='ltr'>quibus</span> <span class='ocrx_word' id='word_1_322' title='bbox 931 1963 970 2000; x_wconf 70' lang='lat' dir='ltr'>in</span> <span class='ocrx_word' id='word_1_323' title='bbox 994 1961 1129 2014; x_wconf 70' lang='lat' dir='ltr'>pactis</span> <span class='ocrx_word' id='word_1_324' title='bbox 1149 1962 1255 2000; x_wconf 70' lang='lat' dir='ltr'>inter</span> <span class='ocrx_word' id='word_1_325' title='bbox 1275 1975 1341 1999; x_wconf 65' lang='lat' dir='ltr'>ocos</span> <span class='ocrx_word' id='word_1_326' title='bbox 1371 1960 1558 1999; x_wconf 71' lang='lat' dir='ltr'>convenit.</span> <span class='ocrx_word' id='word_1_327' title='bbox 1583 1959 1634 1998; x_wconf 87' lang='lat' dir='ltr'>cf.</span> <span class='ocrx_word' id='word_1_328' title='bbox 1660 1958 1787 1998; x_wconf 83' lang='lat' dir='ltr'>etiam</span> 
     </span>
     <span class='ocr_line' id='line_1_34' title="bbox 279 2013 1788 2066; baseline -0.003 -9"><span class='ocrx_word' id='word_1_329' title='bbox 279 2018 602 2058; x_wconf 80' lang='lat' dir='ltr'>Rauchenstein.</span> <span class='ocrx_word' id='word_1_330' title='bbox 626 2019 854 2058; x_wconf 81' lang='lat' dir='ltr'>observatt.</span> <span class='ocrx_word' id='word_1_331' title='bbox 876 2019 917 2057; x_wconf 91' lang='lat' dir='ltr'>in</span> <span class='ocrx_word' id='word_1_332' title='bbox 936 2018 1053 2056; x_wconf 77' lang='lat' dir='ltr'>Dein.</span> <span class='ocrx_word' id='word_1_333' title='bbox 1073 2031 1131 2055; x_wconf 87' lang='lat' dir='ltr'>or.</span> <span class='ocrx_word' id='word_1_334' title='bbox 1155 2017 1206 2055; x_wconf 84' lang='lat' dir='ltr'>de</span> <span class='ocrx_word' id='word_1_335' title='bbox 1228 2030 1310 2055; x_wconf 91' lang='lat' dir='ltr'>cor.</span> <span class='ocrx_word' id='word_1_336' title='bbox 1330 2015 1469 2054; x_wconf 75' lang='lat' dir='ltr'>Tul-ici</span> <span class='ocrx_word' id='word_1_337' title='bbox 1492 2016 1611 2065; x_wconf 75' lang='grc'>1820.</span> <span class='ocrx_word' id='word_1_338' title='bbox 1634 2029 1674 2066; x_wconf 89' lang='lat' dir='ltr'>p.</span> <span class='ocrx_word' id='word_1_339' title='bbox 1693 2013 1788 2066; x_wconf 53' lang='lat' dir='ltr'>34.qq</span> 
     </span>
    </p>

    <p class='ocr_par' dir='ltr' id='par_1_5' title="bbox 279 2072 1788 2183">
     <span class='ocr_line' id='line_1_35' title="bbox 334 2072 1788 2126; baseline -0.003 -13"><span class='ocrx_word' id='word_1_340' title='bbox 334 2074 539 2126; x_wconf 82' lang='grc' dir='ltr'>πανδημεὶ]</span> <span class='ocrx_word' id='word_1_341' title='bbox 565 2074 596 2113; x_wconf 92' lang='grc' dir='ltr'>Ι.</span> <span class='ocrx_word' id='word_1_342' title='bbox 612 2090 651 2126; x_wconf 83' lang='lat' dir='ltr'>q.</span> <span class='ocrx_word' id='word_1_343' title='bbox 674 2077 926 2126; x_wconf 79' lang='grc' dir='ltr'>πανστρατιᾷ.</span> <span class='ocrx_word' id='word_1_344' title='bbox 989 2073 1230 2125; x_wconf 83' lang='lat' dir='ltr'>Xenophon</span> <span class='ocrx_word' id='word_1_345' title='bbox 1254 2072 1418 2111; x_wconf 87' lang='lat' dir='ltr'>Hellen.</span> <span class='ocrx_word' id='word_1_346' title='bbox 1444 2083 1479 2118; x_wconf 91' lang='grc'>2,</span> <span class='ocrx_word' id='word_1_347' title='bbox 1506 2082 1541 2119; x_wconf 87' lang='grc'>2,</span> <span class='ocrx_word' id='word_1_348' title='bbox 1566 2081 1602 2121; x_wconf 89' lang='lat'>7.</span> <span class='ocrx_word' id='word_1_349' title='bbox 1665 2077 1788 2108; x_wconf 85' lang='grc' dir='ltr'>Λακε-</span> 
     </span>
     <span class='ocr_line' id='line_1_36' title="bbox 279 2129 1275 2183; baseline -0.004 -14"><span class='ocrx_word' id='word_1_350' title='bbox 279 2131 469 2179; x_wconf 85' lang='grc' dir='ltr'>δαιμόνιοι</span> <span class='ocrx_word' id='word_1_351' title='bbox 491 2132 531 2168; x_wconf 83' lang='grc' dir='ltr'>δὲ</span> <span class='ocrx_word' id='word_1_352' title='bbox 555 2129 723 2183; x_wconf 78' lang='grc' dir='ltr'>ἐξῄεσαν</span> <span class='ocrx_word' id='word_1_353' title='bbox 745 2130 949 2179; x_wconf 83' lang='grc' dir='ltr'>πανδημεί.</span> <span class='ocrx_word' id='word_1_354' title='bbox 1014 2129 1275 2168; x_wconf 84' lang='lat' dir='ltr'><strong>SCHAEF.</strong></span> 
     </span>
    </p>

    <p class='ocr_par' dir='ltr' id='par_1_6' title="bbox 338 2180 1749 2237">
     <span class='ocr_line' id='line_1_37' title="bbox 338 2180 1749 2237; baseline -0.004 -14"><span class='ocrx_word' id='word_1_355' title='bbox 338 2186 431 2230; x_wconf 83' lang='lat'><em>280,</em></span> <span class='ocrx_word' id='word_1_356' title='bbox 460 2197 521 2234; x_wconf 88' lang='lat'>17.</span> <span class='ocrx_word' id='word_1_357' title='bbox 544 2184 777 2236; x_wconf 84' lang='grc' dir='ltr'>προφάσεις]</span> <span class='ocrx_word' id='word_1_358' title='bbox 802 2185 895 2223; x_wconf 88' lang='lat' dir='ltr'>Non</span> <span class='ocrx_word' id='word_1_359' title='bbox 913 2190 1151 2237; x_wconf 64' lang='lat' dir='ltr'>praetextas,</span> <span class='ocrx_word' id='word_1_360' title='bbox 1175 2184 1246 2222; x_wconf 86' lang='lat' dir='ltr'>sed</span> <span class='ocrx_word' id='word_1_361' title='bbox 1269 2196 1438 2222; x_wconf 70' lang='lat' dir='ltr'>caussas.</span> <span class='ocrx_word' id='word_1_362' title='bbox 1500 2180 1749 2221; x_wconf 76' lang='lat' dir='ltr'><strong>SOHAEF.</strong></span> 
     </span>
    </p>

    <p class='ocr_par' dir='ltr' id='par_1_7' title="bbox 338 2236 1748 2293">
     <span class='ocr_line' id='line_1_38' title="bbox 338 2236 1748 2293; baseline -0.002 -16"><span class='ocrx_word' id='word_1_363' title='bbox 338 2241 430 2286; x_wconf 84' lang='grc'>280,</span> <span class='ocrx_word' id='word_1_364' title='bbox 459 2242 520 2279; x_wconf 80' lang='grc'>18.</span> <span class='ocrx_word' id='word_1_365' title='bbox 544 2241 600 2280; x_wconf 86' lang='grc' dir='ltr'>τίς</span> <span class='ocrx_word' id='word_1_366' title='bbox 621 2241 878 2281; x_wconf 70' lang='grc' dir='ltr'>οὗν-ἐνδούς</span> <span class='ocrx_word' id='word_1_367' title='bbox 897 2240 930 2293; x_wconf 76' lang='lat'>3]</span> <span class='ocrx_word' id='word_1_368' title='bbox 956 2239 1072 2279; x_wconf 71' lang='lat' dir='ltr'>Oitat</span> <span class='ocrx_word' id='word_1_369' title='bbox 1095 2238 1286 2277; x_wconf 84' lang='lat' dir='ltr'>Tiberius</span> <span class='ocrx_word' id='word_1_370' title='bbox 1308 2253 1347 2290; x_wconf 86' lang='lat' dir='ltr'>p.</span> <span class='ocrx_word' id='word_1_371' title='bbox 1370 2252 1437 2289; x_wconf 79' lang='lat'>49.</span> <span class='ocrx_word' id='word_1_372' title='bbox 1501 2236 1748 2276; x_wconf 78' lang='lat' dir='ltr'><strong>SCHAEF.</strong></span> 
     </span>
    </p>

    <p class='ocr_par' dir='ltr' id='par_1_8' title="bbox 285 2290 1787 2389">
     <span class='ocr_line' id='line_1_39' title="bbox 337 2290 1787 2346; baseline -0.003 -13"><span class='ocrx_word' id='word_1_373' title='bbox 337 2294 716 2344; x_wconf 78' lang='grc' dir='ltr'>συμπαρασκευάσας</span> <span class='ocrx_word' id='word_1_374' title='bbox 731 2319 785 2324; x_wconf 91' lang='grc'>--</span> <span class='ocrx_word' id='word_1_375' title='bbox 799 2296 947 2346; x_wconf 78' lang='grc' dir='ltr'>ἐνδούς]</span> <span class='ocrx_word' id='word_1_376' title='bbox 998 2293 1368 2345; x_wconf 80' lang='grc' dir='ltr'>συγκατασκευάσας</span> <span class='ocrx_word' id='word_1_377' title='bbox 1382 2317 1436 2322; x_wconf 90' lang='grc'>--</span> <span class='ocrx_word' id='word_1_378' title='bbox 1451 2294 1537 2333; x_wconf 81' lang='grc' dir='ltr'>δούς</span> <span class='ocrx_word' id='word_1_379' title='bbox 1583 2290 1787 2330; x_wconf 76' lang='lat' dir='ltr'>Tiberius.</span> 
     </span>
     <span class='ocr_line' id='line_1_40' title="bbox 285 2351 547 2389; baseline -0.004 0"><span class='ocrx_word' id='word_1_380' title='bbox 285 2351 547 2389; x_wconf 82' lang='lat' dir='ltr'><strong>SCHAEF.</strong></span> 
     </span>
    </p>

    <p class='ocr_par' dir='ltr' id='par_1_9' title="bbox 340 2404 1304 2457">
     <span class='ocr_line' id='line_1_41' title="bbox 340 2404 1304 2457; baseline -0.003 -13"><span class='ocrx_word' id='word_1_381' title='bbox 340 2407 432 2453; x_wconf 86' lang='grc'>280,</span> <span class='ocrx_word' id='word_1_382' title='bbox 461 2417 525 2446; x_wconf 84' lang='grc'>22.</span> <span class='ocrx_word' id='word_1_383' title='bbox 548 2404 612 2454; x_wconf 81' lang='grc' dir='ltr'>ὑφ’</span> <span class='ocrx_word' id='word_1_384' title='bbox 638 2406 1004 2457; x_wconf 82' lang='grc' dir='ltr'>ἑνὸς-ἀνθρώπου]</span> <span class='ocrx_word' id='word_1_385' title='bbox 1036 2406 1073 2443; x_wconf 91' lang='lat' dir='ltr'><strong>A</strong></span> <span class='ocrx_word' id='word_1_386' title='bbox 1100 2404 1304 2456; x_wconf 85' lang='lat' dir='ltr'>Philippo.</span> 
     </span>
    </p>

    <p class='ocr_par' dir='ltr' id='par_1_10' title="bbox 283 2456 1787 2569">
     <span class='ocr_line' id='line_1_42' title="bbox 341 2456 1787 2513; baseline -0.003 -14"><span class='ocrx_word' id='word_1_387' title='bbox 341 2461 432 2508; x_wconf 83' lang='lat'>280,</span> <span class='ocrx_word' id='word_1_388' title='bbox 461 2462 522 2500; x_wconf 76' lang='lat'>28.</span> <span class='ocrx_word' id='word_1_389' title='bbox 557 2462 577 2499; x_wconf 88' lang='grc' dir='ltr'>ὁ</span> <span class='ocrx_word' id='word_1_390' title='bbox 599 2460 873 2513; x_wconf 42' lang='grc' dir='ltr'>γὰρ’-αἴτιος]</span> <span class='ocrx_word' id='word_1_391' title='bbox 909 2459 1087 2500; x_wconf 80' lang='lat' dir='ltr'>Chorioii</span> <span class='ocrx_word' id='word_1_392' title='bbox 1119 2459 1395 2498; x_wconf 86' lang='lat' dir='ltr'>imitationem</span> <span class='ocrx_word' id='word_1_393' title='bbox 1426 2458 1548 2510; x_wconf 88' lang='lat' dir='ltr'>hujus</span> <span class='ocrx_word' id='word_1_394' title='bbox 1579 2457 1658 2496; x_wconf 85' lang='lat' dir='ltr'>loci</span> <span class='ocrx_word' id='word_1_395' title='bbox 1686 2472 1722 2496; x_wconf 92' lang='lat' dir='ltr'>v.</span> <span class='ocrx_word' id='word_1_396' title='bbox 1747 2456 1787 2494; x_wconf 93' lang='lat' dir='ltr'>in</span> 
     </span>
     <span class='ocr_line' id='line_1_43' title="bbox 283 2515 1395 2569; baseline -0.001 -15"><span class='ocrx_word' id='word_1_397' title='bbox 283 2515 503 2555; x_wconf 86' lang='lat' dir='ltr'>Villoisoni</span> <span class='ocrx_word' id='word_1_398' title='bbox 526 2515 757 2555; x_wconf 88' lang='lat' dir='ltr'>Anecdotis</span> <span class='ocrx_word' id='word_1_399' title='bbox 779 2516 854 2555; x_wconf 80' lang='lat' dir='ltr'>vol.</span> <span class='ocrx_word' id='word_1_400' title='bbox 883 2528 919 2554; x_wconf 84' lang='lat'>2.</span> <span class='ocrx_word' id='word_1_401' title='bbox 944 2531 982 2569; x_wconf 88' lang='lat' dir='ltr'>p.</span> <span class='ocrx_word' id='word_1_402' title='bbox 1007 2529 1073 2567; x_wconf 80' lang='lat'>55.</span> <span class='ocrx_word' id='word_1_403' title='bbox 1137 2515 1395 2554; x_wconf 75' lang='lat' dir='ltr'><strong>SCHAEF.</strong></span> 
     </span>
    </p>

    <p class='ocr_par' dir='ltr' id='par_1_11' title="bbox 282 2566 1785 2677">
     <span class='ocr_line' id='line_1_44' title="bbox 340 2566 1781 2624; baseline -0.004 -14"><span class='ocrx_word' id='word_1_404' title='bbox 340 2572 390 2611; x_wconf 82' lang='lat'>28</span> <span class='ocrx_word' id='word_1_405' title='bbox 405 2586 410 2609; x_wconf 87' lang='grc' dir='ltr'>ι</span> <span class='ocrx_word' id='word_1_406' title='bbox 424 2604 432 2619; x_wconf 86' lang='grc'>,</span> <span class='ocrx_word' id='word_1_407' title='bbox 456 2585 490 2610; x_wconf 87' lang='lat' dir='ltr'>J.</span> <span class='ocrx_word' id='word_1_408' title='bbox 512 2573 613 2611; x_wconf 85' lang='grc' dir='ltr'>πολύ</span> <span class='ocrx_word' id='word_1_409' title='bbox 635 2574 792 2620; x_wconf 84' lang='grc' dir='ltr'>τι-τῆς</span> <span class='ocrx_word' id='word_1_410' title='bbox 809 2570 1011 2624; x_wconf 83' lang='grc' dir='ltr'>ἀληθείας]</span> <span class='ocrx_word' id='word_1_411' title='bbox 1037 2570 1227 2610; x_wconf 85' lang='lat' dir='ltr'>Tiberius</span> <span class='ocrx_word' id='word_1_412' title='bbox 1248 2585 1287 2622; x_wconf 91' lang='lat' dir='ltr'>p.</span> <span class='ocrx_word' id='word_1_413' title='bbox 1309 2582 1372 2609; x_wconf 91' lang='grc'>20.</span> <span class='ocrx_word' id='word_1_414' title='bbox 1394 2569 1498 2608; x_wconf 78' lang='lat' dir='ltr'>citat</span> <span class='ocrx_word' id='word_1_415' title='bbox 1519 2568 1576 2607; x_wconf 89' lang='lat' dir='ltr'>sic</span> <span class='ocrx_word' id='word_1_416' title='bbox 1599 2566 1756 2619; x_wconf 84' lang='lat' dir='ltr'>scripta</span> <span class='ocrx_word' id='word_1_417' title='bbox 1774 2582 1781 2605; x_wconf 89' lang='lat'>:</span> 
     </span>
     <span class='ocr_line' id='line_1_45' title="bbox 282 2621 1785 2677; baseline -0.005 -10"><span class='ocrx_word' id='word_1_418' title='bbox 282 2628 330 2668; x_wconf 83' lang='grc' dir='ltr'>ὡς</span> <span class='ocrx_word' id='word_1_419' title='bbox 352 2627 465 2672; x_wconf 81' lang='grc' dir='ltr'>ἔοικε,</span> <span class='ocrx_word' id='word_1_420' title='bbox 484 2629 586 2666; x_wconf 88' lang='grc' dir='ltr'>πολύ</span> <span class='ocrx_word' id='word_1_421' title='bbox 607 2644 641 2666; x_wconf 92' lang='grc' dir='ltr'>τι</span> <span class='ocrx_word' id='word_1_422' title='bbox 663 2629 799 2667; x_wconf 88' lang='grc' dir='ltr'>σκότος</span> <span class='ocrx_word' id='word_1_423' title='bbox 821 2628 903 2665; x_wconf 83' lang='grc' dir='ltr'>ἐστὶ</span> <span class='ocrx_word' id='word_1_424' title='bbox 920 2626 1005 2677; x_wconf 82' lang='grc' dir='ltr'>παρ’</span> <span class='ocrx_word' id='word_1_425' title='bbox 1028 2629 1116 2675; x_wconf 79' lang='grc' dir='ltr'>ὑμῖν</span> <span class='ocrx_word' id='word_1_426' title='bbox 1133 2626 1205 2676; x_wconf 81' lang='grc' dir='ltr'>πρὸ</span> <span class='ocrx_word' id='word_1_427' title='bbox 1224 2629 1288 2674; x_wconf 81' lang='grc' dir='ltr'>τῆς</span> <span class='ocrx_word' id='word_1_428' title='bbox 1310 2626 1505 2673; x_wconf 82' lang='grc' dir='ltr'>ἀληθείας.</span> <span class='ocrx_word' id='word_1_429' title='bbox 1532 2621 1785 2662; x_wconf 82' lang='lat' dir='ltr'><strong>SCHAEF.</strong></span> 
     </span>
    </p>

    <p class='ocr_par' dir='ltr' id='par_1_12' title="bbox 285 2678 1788 2777">
     <span class='ocr_line' id='line_1_46' title="bbox 344 2678 1788 2734; baseline -0.003 -14"><span class='ocrx_word' id='word_1_430' title='bbox 344 2683 435 2728; x_wconf 80' lang='lat'>281,</span> <span class='ocrx_word' id='word_1_431' title='bbox 461 2694 497 2731; x_wconf 94' lang='lat'>7.</span> <span class='ocrx_word' id='word_1_432' title='bbox 521 2685 554 2722; x_wconf 84' lang='grc' dir='ltr'>εἰ</span> <span class='ocrx_word' id='word_1_433' title='bbox 576 2684 651 2733; x_wconf 83' lang='grc' dir='ltr'>ἐγὼ</span> <span class='ocrx_word' id='word_1_434' title='bbox 672 2682 1009 2734; x_wconf 79' lang='grc' dir='ltr'>μὲν-ἀνέξεσθε]</span> <span class='ocrx_word' id='word_1_435' title='bbox 1039 2681 1183 2721; x_wconf 77' lang='lat' dir='ltr'>Citaut</span> <span class='ocrx_word' id='word_1_436' title='bbox 1206 2681 1363 2719; x_wconf 75' lang='lat' dir='ltr'>Anecsl.</span> <span class='ocrx_word' id='word_1_437' title='bbox 1388 2680 1517 2718; x_wconf 88' lang='lat' dir='ltr'>Bekk.</span> <span class='ocrx_word' id='word_1_438' title='bbox 1541 2693 1580 2731; x_wconf 90' lang='lat' dir='ltr'>p.</span> <span class='ocrx_word' id='word_1_439' title='bbox 1610 2690 1698 2724; x_wconf 82' lang='lat'>121,</span> <span class='ocrx_word' id='word_1_440' title='bbox 1729 2678 1788 2715; x_wconf 78' lang='lat'>18.</span> 
     </span>
     <span class='ocr_line' id='line_1_47' title="bbox 285 2739 544 2777; baseline -0.004 0"><span class='ocrx_word' id='word_1_441' title='bbox 285 2739 544 2777; x_wconf 69' lang='lat' dir='ltr'><strong>SCHAEF.</strong></span> 
     </span>
    </p>

    <p class='ocr_par' dir='ltr' id='par_1_13' title="bbox 283 2787 1786 2953">
     <span class='ocr_line' id='line_1_48' title="bbox 339 2787 1786 2845; baseline -0.004 -14"><span class='ocrx_word' id='word_1_442' title='bbox 339 2795 386 2831; x_wconf 78' lang='grc' dir='ltr'>τὰ</span> <span class='ocrx_word' id='word_1_443' title='bbox 428 2794 522 2843; x_wconf 82' lang='grc' dir='ltr'>ἔργα</span> <span class='ocrx_word' id='word_1_444' title='bbox 561 2797 636 2831; x_wconf 82' lang='grc' dir='ltr'>τῶν</span> <span class='ocrx_word' id='word_1_445' title='bbox 685 2794 780 2842; x_wconf 78' lang='grc' dir='ltr'>ὑπὲρ</span> <span class='ocrx_word' id='word_1_446' title='bbox 824 2794 928 2841; x_wconf 81' lang='grc' dir='ltr'>ὑμῶν</span> <span class='ocrx_word' id='word_1_447' title='bbox 969 2792 1118 2845; x_wconf 84' lang='grc' dir='ltr'>πόνων]</span> <span class='ocrx_word' id='word_1_448' title='bbox 1174 2791 1350 2830; x_wconf 72' lang='lat' dir='ltr'>Poterat</span> <span class='ocrx_word' id='word_1_449' title='bbox 1396 2789 1560 2828; x_wconf 80' lang='lat' dir='ltr'>brevius</span> <span class='ocrx_word' id='word_1_450' title='bbox 1606 2787 1786 2827; x_wconf 79' lang='lat' dir='ltr'>scribere</span> 
     </span>
     <span class='ocr_line' id='line_1_49' title="bbox 283 2841 1786 2898; baseline -0.003 -13"><span class='ocrx_word' id='word_1_451' title='bbox 283 2848 369 2888; x_wconf 84' lang='grc' dir='ltr'>τοὺς</span> <span class='ocrx_word' id='word_1_452' title='bbox 388 2849 483 2898; x_wconf 79' lang='grc' dir='ltr'>ὑπὲρ</span> <span class='ocrx_word' id='word_1_453' title='bbox 502 2849 607 2897; x_wconf 83' lang='grc' dir='ltr'>ὑμῶν</span> <span class='ocrx_word' id='word_1_454' title='bbox 628 2850 790 2889; x_wconf 87' lang='grc' dir='ltr'>πόνους;</span> <span class='ocrx_word' id='word_1_455' title='bbox 825 2848 896 2887; x_wconf 80' lang='lat' dir='ltr'>sed</span> <span class='ocrx_word' id='word_1_456' title='bbox 918 2847 1063 2887; x_wconf 84' lang='lat' dir='ltr'>maluit</span> <span class='ocrx_word' id='word_1_457' title='bbox 1084 2847 1151 2885; x_wconf 89' lang='lat' dir='ltr'>illo</span> <span class='ocrx_word' id='word_1_458' title='bbox 1174 2847 1296 2885; x_wconf 78' lang='lat' dir='ltr'>inodo</span> <span class='ocrx_word' id='word_1_459' title='bbox 1317 2846 1370 2885; x_wconf 92' lang='lat' dir='ltr'>ob</span> <span class='ocrx_word' id='word_1_460' title='bbox 1392 2845 1603 2884; x_wconf 88' lang='lat' dir='ltr'>solennem</span> <span class='ocrx_word' id='word_1_461' title='bbox 1624 2841 1786 2895; x_wconf 85' lang='lat' dir='ltr'>opposi-</span> 
     </span>
     <span class='ocr_line' id='line_1_50' title="bbox 285 2902 1330 2953; baseline -0.001 -13"><span class='ocrx_word' id='word_1_462' title='bbox 285 2902 439 2941; x_wconf 86' lang='lat' dir='ltr'>tionem</span> <span class='ocrx_word' id='word_1_463' title='bbox 462 2907 536 2942; x_wconf 84' lang='grc' dir='ltr'>τῶν</span> <span class='ocrx_word' id='word_1_464' title='bbox 559 2904 683 2953; x_wconf 80' lang='grc' dir='ltr'>ἔργων</span> <span class='ocrx_word' id='word_1_465' title='bbox 704 2907 746 2942; x_wconf 84' lang='lat' dir='ltr'>et</span> <span class='ocrx_word' id='word_1_466' title='bbox 768 2907 843 2942; x_wconf 85' lang='grc' dir='ltr'>τῶν</span> <span class='ocrx_word' id='word_1_467' title='bbox 864 2905 1008 2953; x_wconf 79' lang='grc' dir='ltr'>λόγων.</span> <span class='ocrx_word' id='word_1_468' title='bbox 1072 2904 1136 2941; x_wconf 67' lang='lat' dir='ltr'>SC</span> <span class='ocrx_word' id='word_1_469' title='bbox 1146 2902 1275 2940; x_wconf 81' lang='lat' dir='ltr'>HAE</span> <span class='ocrx_word' id='word_1_470' title='bbox 1286 2903 1330 2940; x_wconf 83' lang='lat' dir='ltr'>F.</span> 
     </span>
    </p>
   </div>
  </div>
 </body>
</html>
