1914 3184
275 122 301 162 6
600 124 684 164 AD
718 124 948 164 LIBANII
982 122 1450 164 PROLEGOMENA.

270 233 478 269 πολιτικῶν
507 230 639 281 λόγων
670 231 689 269 ὁ
721 231 1023 280 Δημοσθενικὸς,
1046 230 1068 268 ὅ
1093 245 1134 268 τε
1157 230 1203 268 αὗ
1228 229 1519 279 Δημοσθενικὸς
1549 231 1668 281 λόγος
1697 233 1773 269 τῶν

271 289 479 325 πολιτικῶν
501 286 669 337 ἄριστος.
703 286 891 325 VOEM.

329 344 366 389 ὁ,
389 355 428 392 4.
461 342 527 381 οὐκ
550 341 708 395 ἔχομεν]
742 342 913 395 Dionys.
948 340 1083 380 Halic.
1105 340 1182 379 vol.
1206 342 1243 380 6.
1273 355 1312 394 p.
1336 353 1441 393 1094
1463 355 1523 394 sq.
1543 357 1550 379 ε
1592 345 1773 392 Πανηγυ·

270 397 396 448 ρικοὺς
427 399 499 447 μὲν
529 398 598 437 οὖν
626 400 766 449 λόγους
796 398 862 436 οὐκ
895 398 1038 449 ἔχομεν
1069 397 1184 436 αὐτοῦ
1208 396 1543 448 (Demosthenis)
1576 397 1774 449 παρασχέ-

273 456 377 492 σθαι.
413 453 561 494 πάντας
586 456 660 504 γὰρ
693 454 817 504 ἔγωγε
849 453 936 494 τοὺς
969 452 1284 503 ἀναφερομένους
1309 455 1362 494 εἰς
1394 453 1512 493 αὐτὸν
1544 454 1775 504 ἀλλοτρίους

275 508 374 548 εἶναι
399 511 578 559 πείθομαι
604 510 665 548 καὶ
685 509 772 548 οὐδὲ
802 510 897 549 κατὰ
923 508 1058 559 μικρὸν
1088 509 1249 560 ἔχοντας
1279 509 1347 548 τὸν
1375 509 1522 548 ἐκείνου
1552 513 1776 561 χαρακτῆρα

272 564 347 604 οὔτ’
372 566 414 604 ἐν
434 569 513 606 τοῖς
535 565 713 614 νοήμασι,
729 567 794 614 τῆς
816 567 855 604 δὲ
879 564 1099 606 συνθέσεως
1120 566 1200 618 ὅλῳ
1223 565 1284 604 καὶ
1303 568 1354 619 τῷ
1373 565 1488 604 παντὶ
1504 564 1772 614 λειπομένους,

274 622 327 660 ὧν
352 622 461 660 ἐστιν
482 622 503 659 ὅ
530 637 571 660 τε
593 621 777 671 φορτικὸς
799 621 859 660 καὶ
892 620 999 662 κενὸς
1028 621 1088 660 καὶ
1118 622 1374 671 παιδαριώδης
1407 620 1607 671 ἐπιτάφιος
1641 621 1701 660 καὶ
1731 622 1774 661 τὸ

272 679 339 715 τοῦ
360 679 592 728 σοφιστικοῦ
612 677 731 728 λήρου
761 677 906 727 μεστὸν
934 678 1125 728 ἐγκώμιον
1154 679 1206 718 εἰς
1228 677 1475 717 Παυσανίαν.
1520 679 1587 718 τὰς
1618 678 1659 716 δὲ
1689 678 1776 727 περὶ

271 732 414 772 τούτων
435 732 650 782 ἀποδείξεις
680 734 753 785 οὐχ
783 733 892 775 οὗτος
920 735 939 772 ὁ
963 734 1092 784 καιρὸς
1112 733 1258 785 λέγειν.
1319 732 1397 784 Qui
1419 746 1503 772 non
1523 733 1776 774 contradicit

272 787 349 827 sibi
370 788 447 828 vol.
468 800 508 842 5.
530 804 569 842 p.
591 801 683 843 259.
714 789 784 829 ubi
815 789 926 843 apud
949 789 1248 829 Paeaniensem
1275 789 1336 829 ait
1357 789 1593 843 panegyrici
1613 789 1776 843 generis

272 844 404 885 multa
417 859 505 885 esse
522 845 734 899 exempla3
760 860 855 885 nam
873 860 998 899 quum
1011 845 1187 885 mixtum
1203 860 1332 899 genus
1349 845 1564 885 admiserit
1580 845 1774 900 (Dionys,

272 900 297 939 l.
319 900 389 941 cit.
421 901 472 941 de
498 901 617 941 Dem.
645 916 679 941 c.
701 916 768 952 44.
801 902 925 950 init.)‚
962 901 1003 940 in
1039 902 1126 955 ejus
1162 902 1420 942 orationibus
1455 916 1599 942 revera
1633 901 1776 942 insunt

272 957 472 1009 ejusmodi
494 958 694 1011 exempla.
718 958 903 998 VOEM.
965 958 1081 998 Duas
1103 973 1208 1012 quae
1229 973 1336 998 nuno
1357 958 1466 998 inter
1482 958 1776 998 Demosthenis

272 1013 481 1053 orationes
521 1014 711 1054 feruntur
751 1014 1072 1055 declamationes
1112 1018 1178 1054 τοῦ
1216 1017 1475 1067 πανηγυρικοῦ
1508 1017 1641 1060 εἴδους,
1677 1014 1775 1068 Epi-

272 1069 460 1122 taphium
491 1075 534 1110 et
562 1070 790 1119 Erotieum,
821 1085 902 1110 non
934 1085 1022 1110 esse
1054 1071 1230 1123 scriptas
1263 1072 1315 1110 ab
1349 1071 1631 1111 Demosthene
1664 1075 1776 1111 reete

272 1130 413 1166 monet
435 1126 618 1180 excerpti
640 1127 771 1167 nostri
792 1131 938 1167 auctor
960 1126 1092 1167 verbis
1114 1127 1323 1180 proximis.
