1935 3205
533 129 925 169 oLYN‘l‘lllmnx
969 129 1176 168 PRIMA.
1554 132 1601 169 :51

99 235 297 283 πολεμίων
331 234 490 284 ἄρχοντι
525 233 802 284 στρατοπέδου.
872 234 1006 273 schol.
1046 233 1262 286 Aristopll.
1306 232 1398 271 l'av.
1432 246 1498 271 11:
1547 237 1607 273 διὰ

99 290 141 329 τὸ
163 291 232 339 τὴν
253 294 328 329 τῶν
349 290 497 328 παίδων
518 289 770 339 τετριμμένην
793 290 904 329 εἶναι.

162 346 500 398 10,14.πολλῷ“Ι
548 347 650 385 πολὺ
696 345 840 385 Bavar.
883 347 953 385 sed
998 353 1230 386 ‹nn-rentum
1267 346 1306 384 id
1350 345 1388 383 in
1429 345 1503 384 hoe
1545 354 1607 385 est

97 404 247 456 πολλῷ.
282 401 475 441 REISK.

153 458 357 511 προσέχει]
392 458 522 496 Error
543 458 789 511 typothetae
814 473 887 512 pro
910 458 1083 511 προέχει.

153 515 249 565 πρὸς
271 517 310 554 δὲ
332 517 399 555 τὰς
422 517 673 565 καταλλαγὰς
689 532 720 553 κ.
740 531 771 553 τ.
795 514 850 568 λ.]
885 515 999 554 (ῗίῐῑιῐ
1017 515 1055 553 h.
1074 514 1098 553 l.
1122 514 1299 567 Apsines
1321 529 1359 568 p.
1380 516 1474 567 696.
1499 515 1607 556 cirea

97 571 243 610 finem:
280 572 403 610 ἐνίοτε
435 572 473 610 δὲ
512 572 572 610 καὶ
603 571 653 620 μὴ
687 570 819 612 θέντες
852 573 1050 611 ἀντίθεσιν
1083 573 1148 611 τὰς
1181 572 1314 612 λύσεις
1348 572 1463 611 αὐτοῦ
1499 573 1606 625 (lego

97 629 229 678 αὐτῆς)
254 629 421 677 τίθεμεν.
463 631 575 666 τοῦτο
607 629 647 665 δὲ
681 628 841 678 γίνεται,
867 629 961 666 ὅταν
982 626 1003 676 ἢ
1026 627 1126 667 πάνυ
1157 629 1308 681 βαρύνῃ
1340 629 1435 677 ἡμᾶς
1457 630 1478 678 ἡ
1501 631 1605 669 ἀντί-

97 687 205 725 θεσις
228 685 268 722 ἐκ
292 687 517 734 προφανοῦς
538 687 709 728 τεθεῖσα,
735 684 796 722 καὶ
818 687 877 722 δεῖ
899 683 942 734 (l.
966 684 1051 737 δέῃ)
1077 683 1195 732 αὐτὴν
1226 690 1460 734 προανελεῖν
1492 691 1608 734 λελη-

96 741 226 785 θότως,
259 741 309 781 ὡς
341 741 383 778 ἐν
414 741 463 793 τῷ
497 737 532 778 α’
559 743 634 778 τῶν
662 743 908 779 Φιλιππικῶν
939 741 1149 789 πεποίηκεν
1181 741 1200 778 ὁ
1240 742 1506 790 Δημοσθένης.
1553 743 1608 784 τίς

96 798 170 847 ’γὰρ
202 796 250 846 ἦν
283 797 304 846 ἡ
335 795 437 835 πάνυ
471 796 700 846 βαρύνουσα
737 796 853 835 αὐτὸν
889 797 1109 841 ἀντίθεσις;
1158 797 1217 835 ὅτι
1252 797 1410 836 ἄπιστοι
1446 798 1535 847 ἡμῖν
1571 800 1607 837 οἱ

94 851 310 892 Ὀλύνθιοι.
355 856 468 891 τοῦτο
494 853 624 891 τοίνυν
645 851 695 901 μὴ
719 852 797 893 θεὶς
819 854 860 891 ἐκ
891 855 1116 902 προφανοῦς
1147 851 1314 891 λέλυκεν
1338 854 1467 892 εἰπών·
1511 855 1607 904 πρὸς

96 910 137 948 δὲ
168 910 235 950 τὰς
264 910 529 959 καταλλαγὰς,
553 908 596 949 ἃς
628 909 774 949 ἐκεῖνος
804 907 1008 957 ποιήσεται
1039 909 1208 957 ἄσμενος
1239 909 1332 958 πρὸς
1359 908 1606 955 Ὀλυνθίους,

97 966 280 1006 ἐναντίως
313 965 408 1017 ἔχει.
456 965 516 1004 καὶ
548 963 624 1015 γάρ
659 965 742 1003 ἐστι
770 966 955 1015 τύραννος
987 965 1196 1009 Φίλιππος,
1228 965 1288 1003 καὶ
1322 966 1461 1016 ἐχθρὸς
1488 967 1607 1016 φύσει

95 1025 175 1063 τοῖς
203 1021 584 1071 δημοκρατουμένοις·
629 1021 690 1060 καὶ
721 1022 816 1071 ὑπὲρ
840 1021 1026 1071 μεγάλων
1047 1019 1272 1062 Ὀλυνθίοις
1300 1023 1320 1059 ὁ
1351 1023 1540 1070 κίνδυνος,
1573 1025 1607 1062 εί

95 1077 389 1126 πεισθήσονται.
434 1078 494 1116 καὶ
527 1078 566 1116 ἐκ
598 1078 920 1128 παραδείγματος·
966 1078 1027 1116 καὶ
1054 1079 1188 1116 ἴσασιν
1211 1077 1235 1116 ἄ
1256 1077 1287 1115 τ’
1308 1077 1606 1129 Ἀμφιπολιτῶν

97 1135 255 1183 ἐποίησε
278 1135 364 1175 τοὺς
386 1135 626 1184 παραδόντας
648 1133 748 1187 αὐτῷ
772 1134 839 1182 τὴν
860 1135 989 1179 πόλιν,
1007 1134 1068 1172 καὶ
1084 1135 1291 1172 Πυδναίων
1313 1135 1398 1175 τοὺς
1419 1136 1604 1184 ὑποδεξα-

94 1190 247 1240 μένους.
279 1194 398 1229 ταῦτα
420 1191 521 1231 τίνος
544 1190 628 1229 ἐστὶ
650 1190 862 1229 συστατικά
881 1207 890 1232 ;
926 1194 992 1228 τοῦ
1015 1191 1201 1230 ἀπίστους
1221 1191 1294 1238 μὲν
1316 1191 1450 1232 αὐτοὺς
1472 1192 1606 1240 μένειν

94 1249 292 1300 Φιλίππῳ,
325 1247 415 1296 ἡμῖν
456 1249 496 1285 δὲ
533 1247 706 1287 πιστούς.
749 1248 842 1298 ὁρᾷς
878 1250 958 1287 πῶς
995 1246 1046 1295 μὴ
1081 1247 1159 1287 θεὶς
1191 1246 1260 1294 τὴν
1297 1247 1497 1286 ἀντίθεσιν
1537 1251 1605 1289 τὰς

95 1304 230 1344 λύσεις
250 1304 433 1343 τέθεικεν.
469 1302 661 1341 REISK.

159 1372 219 1406 10,
251 1362 310 1398 16.
354 1362 473 1408 δῆλον
507 1358 581 1410 γάρ
615 1360 699 1398 ἐστι
731 1362 809 1399 τοῖς
843 1357 1066 1399 Ὀλυνθίοις
1099 1358 1176 1410 ὅτι]
1212 1357 1329 1398 Citat
1352 1358 1390 1397 h.
1413 1358 1438 1398 l.
1465 1359 1603 1399 Minu-

96 1415 239 1455 eianus
268 1415 696 1469 p.138.e‹l.Norr1n.
730 1419 806 1454 τῶν
841 1413 1148 1466 ἐπιχειρημάτων
1182 1417 1228 1453 τὰ
1259 1415 1332 1464 μέν
1365 1417 1449 1454 ἐστι
1480 1433 1604 1466 παρα-

95 1475 332 1523 δειγματικὰ,
356 1475 403 1511 τὰ
424 1471 452 1511 δ’
477 1473 771 1521 ἐνθυμηματικά.
811 1473 1144 1522 παραδειγματικὰ
1164 1473 1249 1520 μὲν,
1271 1472 1347 1510 ὅσα
1371 1473 1409 1520 ἐξ
1433 1473 1606 1523 ἱστορίας

96 1529 158 1568 καὶ
189 1530 408 1578 ὁμοιώσεως
438 1533 514 1568 τῶν
535 1528 604 1578 ἤδη
632 1527 915 1579 πεπραγμένων
936 1527 1207 1576 λαμβάνομεν.
1250 1528 1345 1566 οἷον·
1379 1529 1422 1567 οὐ
1446 1532 1602 1569 πιστεύ-

95 1601 207 1624 ουσιν
237 1584 442 1625 Ὀλύνθιοι
477 1586 674 1638 Φιλίππῳ.
726 1585 770 1623 οὐ
810 1586 884 1635 γὰρ
924 1585 1011 1634 περὶ
1049 1584 1187 1634 μέρους
1218 1585 1361 1636 χώρας,
1397 1585 1482 1624 οὐδὲ
1517 1587 1604 1636 περὶ

96 1640 222 1690 δόξης,
247 1640 334 1680 ἀλλ’
368 1641 623 1682 ἀναστάσεως
655 1641 715 1679 καὶ
746 1641 1059 1690 ἀνδραποδισμοῦ
1091 1643 1155 1689 τῆς
1184 1642 1366 1691 πατρίδος
1387 1642 1407 1680 ὁ
1430 1643 1605 1684 κίνδυνός

96 1699 205 1737 ἐστιν
228 1699 369 1739 αὐτοῖς.
409 1699 471 1737 καὶ
494 1699 545 1739 εἰς
566 1701 679 1736 τοῦτο
701 1699 956 1747 παράδειγμα·
1002 1698 1064 1736 καὶ
1095 1699 1243 1741 ἴσασιν,
1268 1695 1292 1736 ἅ
1315 1696 1344 1733 τ’
1367 1696 1606 1748 Ἀμφιπολι-

95 1757 171 1793 τῶν
191 1758 270 1794 ete.
332 1753 447 1794 Citat
468 1754 579 1796 item,
596 1754 667 1793 sed
689 1752 811 1793 aliam
834 1753 886 1792 ob
909 1767 1111 1800 caussam,
1130 1752 1373 1792 scholiastes
1397 1753 1440 1805 (i.
1456 1770 1489 1793 e.
1514 1755 1605 1794 Ma-

96 1809 229 1849 ximus
272 1809 468 1859 Planusl.)
523 1809 800 1864 Hermogenis
840 1824 878 1863 p.
915 1812 1011 1862 386.
1048 1823 1083 1848 e.
1115 1810 1214 1848 fin.:
1261 1811 1363 1852 τινὲς
1401 1811 1606 1861 ῥητορικὴν

97 1867 285 1917 ἔμμετρον
309 1866 379 1915 τὴν
402 1869 600 1920 κωμῳδίαν
629 1868 839 1906 ἐκάλεσαν.
882 1866 1055 1906 πολλοὺς
1088 1869 1185 1917 γοῦν
1217 1866 1321 1916 παρά
1346 1883 1386 1906 τε
1420 1868 1470 1921 τῷ
1502 1867 1603 1906 Ἰσο-

96 1923 225 1973 κράτει
267 1923 327 1962 καὶ
367 1923 541 1972 μάλιστα
576 1924 626 1977 τῷ
665 1923 911 1972 Δημοσθένει
952 1923 1222 1963 λανθάνοντας
1263 1922 1426 1971 ἰάμβους
1461 1940 1502 1962 τε
1544 1925 1606 1963 καὶ

95 1979 347 2031 χωλιάμβους
378 1979 485 2018 ἔστιν
517 1980 643 2030 εὑρεῖν
674 1982 735 2018 διὰ
765 1979 835 2027 τὴν
865 1980 1096 2028 ἐναρμόνιον
1127 1978 1323 2027 συνθήκην
1344 1983 1420 2018 τῶν
1441 1980 1603 2029 λέξεων.

97 2036 146 2077 ὡς
168 2036 276 2076 εὐθὺς
298 2037 340 2075 ἐν
362 2038 411 2089 τῷ
433 2036 568 2088 πρώτῳ
591 2039 666 2074 τῶν
686 2036 965 2075 Ὀλυνθιακῶν·
1009 2037 1127 2083 δῆλον
1149 2034 1222 2085 γάρ
1246 2036 1329 2073 ἐστι
1358 2039 1438 2076 τοῖς
1457 2034 1601 2076 Ὀλυν-

97 2093 205 2138 θίοις,
229 2093 287 2130 ὅτι
309 2094 377 2130 νῦν
399 2091 442 2130 οὐ
463 2092 549 2141 περὶ
571 2093 693 2140 δόξης,
718 2090 794 2130 οὐδ’
817 2093 912 2141 ὑπὲρ
942 2090 1080 2141 μέρους
1111 2093 1175 2139 τῆς
1205 2096 1333 2142 χώρας
1366 2094 1604 2132 κινδυνεύου-

96 2164 174 2186 σιν.
217 2148 289 2199 οὗχ
312 2148 360 2188 ὡς
380 2148 551 2198 ῥητόρων
574 2146 905 2186 κινδυνευσάντων
928 2148 988 2186 καὶ
1021 2148 1189 2197 ἔμμετρα
1220 2147 1370 2198 λέγειν,
1392 2148 1604 2199 ἀλλότριον

96 2205 170 2254 γὰρ
203 2207 270 2242 τοῦ
302 2207 501 2242 πολιτικοῦ
531 2205 652 2254 λόγου
685 2203 727 2242 τὸ
768 2206 953 2248 τοιοῦτον,
997 2202 1085 2242 ἀλλ’
1129 2203 1329 2253 αὐτοφυῶς
1369 2205 1423 2245 εἰς
1461 2205 1605 2256 μέτρον

97 2260 380 2311 ἀπενεχθείσης
411 2262 476 2308 τῆς
509 2260 704 2310 φράσεως.
752 2259 945 2299 REISK.
1020 2259 1218 2298 Isocratis
1249 2259 1505 2299 senariorum
1537 2276 1605 2301 ex-

96 2315 241 2368 empla,
284 2315 432 2369 quibus
465 2323 607 2355 tamen
643 2315 839 2355 nonnulla
873 2315 1105 2363 eximenda,
1142 2315 1287 2356 attulit
1330 2316 1521 2370 Spengel.
1563 2318 1604 2356 in

98 2374 311 2426 Συναγωγῇ
344 2375 493 2424 τεχνῶν
521 2387 560 2425 p.
589 2382 678 2426 153.
741 2371 834 2410 Non
864 2372 1077 2426 proprium
1108 2378 1250 2411 autem
1281 2378 1495 2412 oratorum
1526 2374 1605 2413 hoe

97 2432 172 2476 est,
196 2428 267 2467 sed
290 2427 501 2481 quibusvis
522 2427 793 2481 scriptoribus
823 2442 905 2467 non
927 2442 1022 2468 raro
1053 2428 1207 2468 accidit
1238 2434 1285 2468 ut
1316 2429 1467 2468 senarii
1500 2431 1605 2470 exei-

97 2484 244 2524 derent
265 2498 347 2523 non
368 2484 672 2538 cogitantibus:
705 2484 816 2537 quod
839 2483 944 2523 Novi
968 2484 1227 2524 Testamenti
1250 2485 1448 2538 exemplis
1470 2490 1606 2525 osten-

97 2540 160 2579 dit
184 2540 460 2579 Marklandus
491 2541 544 2580 ad
579 2540 789 2593 Euripidis
811 2540 953 2593 Suppl.
979 2553 1073 2593 901.
1106 2540 1176 2579 ubi
1209 2554 1284 2594 ego
1315 2540 1395 2580 alia
1427 2541 1603 2581 aliorum

96 2595 239 2635 addidi
278 2596 318 2634 in
355 2596 538 2636 editione
578 2596 779 2649 Lipsiensi
817 2611 856 2649 p.
884 2597 973 2649 165.
1008 2610 1113 2648 quae
1144 2596 1264 2635 facile
1295 2596 1410 2635 novis
1451 2611 1606 2650 augere

96 2666 273 2705 possem,
297 2652 329 2690 si
361 2666 511 2704 operae
536 2652 717 2705 pretium
744 2657 866 2691 esset.
928 2651 1284 2691 Hexametrorum
1306 2652 1607 2704 dactylieorum

98 2707 286 2761 exempla
307 2722 359 2746 ex
381 2708 665 2747 Demosthene
686 2707 913 2746 afferentur
933 2707 987 2746 ad
1009 2722 1048 2760 p.
1079 2720 1194 2759 1345.
1219 2709 1257 2746 6.

163 2777 223 2811 10,
255 2775 314 2813 17.
346 2763 614 2812 ἀναστάσεως]
661 2763 744 2802 Per
774 2762 1057 2810 ἀναστάτωσις,
1087 2762 1331 2802 vocabulum
1361 2763 1414 2802 ab
1444 2764 1609 2805 nemine

100 2824 359 2873 usurpatum,
392 2818 602 2872 explicant
634 2818 781 2857 Pollux
810 2831 849 2872 3.
873 2831 938 2870 91.
971 2824 1013 2858 et
1042 2818 1342 2872 grammaticus
1372 2818 1608 2860 Hermanni

99 2890 139 2928 p.
165 2888 261 2929 343.
338 2875 407 2914 Ad
446 2875 675 2928 genitivum
710 2880 851 2914 autem
887 2878 1028 2914 utrum
1063 2875 1148 2925 περὶ
1180 2889 1246 2922 an,
1283 2875 1393 2928 quod
1429 2890 1604 2928 gramm.

102 2931 247 2970 Herm.
283 2930 434 2984 posuit,
476 2932 571 2981 ὑπὲρ
607 2945 658 2970 ex
698 2930 1043 2983 praec-edentibus
1079 2930 1213 2969 verbis.
1246 2930 1298 2970 sit
1334 2932 1608 2984 repetendum
