1914 3184
251 131 331 171 174
747 131 825 170 DE
859 130 1259 172 CHERSONESO.

304 235 441 287 πᾶσιν]
476 235 623 275 ἅπασιν
645 235 870 275 Aristides.
902 236 1096 276 REISK.

310 292 399 337 106,
439 303 503 342 25.
545 291 682 345 πολλῷ
721 291 842 344 πάνυ]
906 291 1060 332 Rarior
1110 292 1175 331 hic
1226 293 1328 332 ordo
1375 308 1500 347 quam
1552 294 1751 334 inversus.

307 405 398 450 106,
425 412 489 453 27.
520 403 649 451 κρίνει,
674 403 840 450 δημεύει,
864 403 1009 448 δίδωσι,
1041 404 1264 456 κατηγορεῖ]
1312 404 1496 445 Miratus
1526 405 1751 459 aliquando

248 471 339 496 sum
360 457 718 510 perturbationem
735 457 917 497 ordinis:
949 473 1046 498 nam
1067 458 1202 511 prima
1223 459 1314 499 1000
1335 464 1399 499 est
1420 461 1647 508 accusatio,
1662 466 1753 501 tum

248 513 554 559 condennmtio,
578 518 669 552 tum
700 513 878 566 denique
906 514 1161 554 confiscatio.
1224 515 1373 554 Visum
1396 530 1560 568 quoque
1589 516 1669 556 fuit
1700 519 1753 556 δί-

247 573 342 608 δωσι
378 583 732 621 supervacaneum
766 574 862 622 post
898 571 1064 619 δημεύει.
1134 570 1217 610 Sed
1252 571 1293 609 in
1330 571 1408 610 hoc
1442 571 1572 611 falsus
1607 572 1676 619 fui,
1711 577 1753 612 et

247 624 404 663 ordinis
436 623 728 669 subtilitatem,
753 640 875 678 quem
907 626 1071 665 scholae
1096 626 1273 666 tradunt
1303 631 1345 666 et
1378 626 1562 680 exigunt,
1586 628 1640 667 ab
1662 642 1752 667 ora-

247 685 339 719 tore
360 694 409 719 ne
431 679 618 732 poscito:
653 681 842 720 umbram
864 681 948 720 ludi
972 681 1171 721 rhetorici
1196 682 1249 721 ad
1272 682 1405 721 lucem
1421 682 1500 721 fori
1524 697 1573 722 ne
1590 683 1751 722 afferto.

249 735 305 775 Et
336 736 449 775 aliud
482 740 546 775 est
582 737 771 785 δημεύειν,
804 736 917 776 aliud
949 738 1107 776 διδόναι.
1170 737 1276 776 Illud
1308 742 1372 777 est
1403 739 1622 790 cozffiscare,
1655 738 1753 778 bona

236 792 465 844 proscripta
495 791 653 830 aerario
683 791 879 839 addicere,
902 793 980 831 1100
1012 792 1120 832 1(10111
1152 798 1217 833 est
1247 798 1375 846 atque
1407 795 1645 845 χαρίζεσθαι,
1670 809 1752 847 (1110

246 852 389 887 noster
410 847 545 887 utitur
567 847 607 885 in
630 847 719 886 1000
741 848 876 895 simili,
897 848 965 901 qui
988 848 1111 901 hujus
1134 849 1246 888 velut
1268 849 1477 901 interpres
1499 853 1575 895 est,
1600 864 1638 902 p.
1665 862 1752 900 107,

253 915 312 953 17.
337 903 477 943 amicis
500 904 635 943 aliena
662 902 759 942 bona
784 904 1015 952 condonare,
1037 919 1110 958 quo
1131 918 1191 943 eos
1213 904 1285 943 tihi
1313 905 1526 944 (lovincias.
1560 905 1753 945 REISK.

247 958 391 998 Toties
428 959 588 998 scribae
620 959 841 998 verborum
874 960 1062 999 ordinem
1098 959 1369 1005 inverterunt„
1402 965 1449 999 ut
1486 960 1627 999 malim
1657 960 1697 1000 h.
1725 961 1749 1000 l.

245 1014 407 1067 culpam
437 1015 675 1068 perturbati
698 1030 876 1068 vereque
898 1017 1046 1066 ἀλόγου
1068 1015 1226 1054 ordinis
1253 1015 1294 1054 in
1324 1015 1413 1054 illos
1436 1030 1562 1068 quam
1584 1016 1625 1055 in
1649 1018 1752 1056 Ora-

244 1075 379 1110 torem
401 1072 599 1110 conferre.
662 1071 792 1111 Recte
823 1072 1021 1124 procedet
1053 1071 1179 1116 locus,
1203 1071 1235 1110 si
1263 1075 1469 1122 κατηγορεῖ
1497 1071 1631 1123 primo
1662 1072 1751 1112 1000

244 1127 444 1179 posueris,
464 1142 545 1179 quo
567 1127 656 1166 1000
678 1127 755 1166 1100
778 1127 949 1166 verbum
971 1127 1126 1180 legitur
1146 1142 1185 1179 p.
1215 1139 1302 1176 107,
1329 1138 1385 1178 17.
1419 1127 1749 1167 SOHAEFER.

247 1182 406 1222 Merito
435 1183 607 1222 offendit
640 1187 847 1234 κατηγορεῖ
874 1182 1019 1222 ultimo
1051 1183 1140 1221 loco
1171 1182 1366 1235 1100111011,
1391 1183 1513 1235 quod,
1538 1183 1616 1221 nisi
1642 1184 1751 1223 forte

243 1239 346 1277 ordo
369 1239 587 1278 verborum
610 1238 876 1278 librariorum
898 1239 1018 1291 01111111
1041 1239 1313 1291 perturbatus
1335 1242 1399 1277 est
1420 1241 1532 1290 (nam
1553 1239 1623 1288 τὴν
1641 1256 1750 1290 κατη-

244 1295 380 1345 γορίαν
401 1295 592 1347 sequitur
619 1296 641 1344 ἡ
669 1296 823 1345 κρίσις),
848 1295 908 1334 1111
940 1294 1213 1341 excusaveris,
1238 1299 1284 1333 ut
1312 1298 1536 1341 oratorem,
1560 1309 1642 1347 quo
1669 1295 1750 1334 for-

243 1349 328 1389 tius
361 1350 534 1390 istorum
569 1350 781 1389 hominum
809 1350 1082 1402 cupiditatem
1112 1349 1303 1401 ligitandi
1329 1350 1398 1399 (ef.
1425 1351 1461 1403 ξ.
1483 1352 1571 1402 58.)
1596 1351 1750 1390 (10111111-

243 1405 374 1445 ciaret
404 1406 659 1459 auribusque
690 1406 949 1445 audientium
983 1402 1251 1458 imprimeret„
1280 1420 1327 1445 eo
1359 1405 1584 1458 opprobrio
1616 1410 1658 1446 et·
1689 1407 1748 1446 in-

242 1461 394 1501 choare.
417 1462 669 1501 sententiam
693 1466 734 1501 et
756 1462 950 1501 claudere
970 1462 1146 1500 voluisse
1168 1466 1347 1501 statuas,
1398 1461 1619 1500 FRANK.

307 1529 394 1568 107,
419 1532 458 1568 4.
481 1518 549 1566 τὴν
570 1516 766 1569 τοιαύτην]
801 1517 925 1556 Hane
953 1518 1079 1557 talem
1111 1517 1366 1570 reipublicae
1387 1517 1747 1557 administrandae

242 1573 449 1612 rationem
484 1573 685 1625 sequituu
716 1573 757 1611 in
785 1588 867 1625 qua
900 1573 991 1625 plus
1020 1573 1129 1612 valet
1160 1575 1330 1612 fortuna
1357 1587 1481 1626 quam
1513 1573 1746 1625 prudentia,

243 1628 340 1681 quia
377 1628 419 1667 id
453 1630 561 1681 quod
596 1628 799 1681 optimum
837 1634 901 1667 est
934 1629 1147 1681 amplexus
1179 1629 1232 1668 ad
1264 1629 1462 1668 tuendam
1495 1629 1747 1681 reipublicae

240 1684 416 1724 salutem
434 1689 476 1723 et
497 1684 748 1735 dignitatem
770 1698 851 1723 non
875 1690 1015 1736 potest
1032 1684 1128 1737 quin
1148 1684 1311 1731 bellum,
1327 1684 1570 1736 periculosae
1581 1684 1748 1737 plenum

241 1754 336 1793 opus
356 1740 477 1787 aleae,
495 1740 658 1792 jubeat.
708 1740 926 1778 FRANK.

302 1808 393 1846 107,
424 1808 459 1845 7.
492 1795 765 1848 ἐστ’-ἐστιν]
806 1796 868 1834 1)0
902 1796 980 1834 hae
1011 1796 1125 1834 verbi
1162 1795 1384 1835 iteratione
1419 1811 1450 1834 v.
1486 1795 1656 1834 Dorvill.
1690 1796 1742 1835 ad

241 1851 401 1891 Chai-it.
425 1866 463 1903 p.
486 1863 581 1903 322.
601 1851 664 1890 ed.
690 1851 802 1903 Lips.
849 1850 1180 1890 SCHAEFER.

303 1920 391 1957 107,
418 1910 454 1945 ὅ.
476 1910 540 1955 τῆς
561 1906 648 1956 παρ’
666 1907 812 1957 ἡμέραν
834 1905 1010 1960 χάριτος]
1055 1907 1137 1945 l'ro
1167 1906 1302 1946 diaria
1330 1906 1484 1959 gratia„
1508 1921 1626 1959 (111110,
1652 1921 1743 1946 eum

238 1962 362 2001 hodie
383 1962 505 2001 floret
526 1962 871 2014 splendidissimm
891 1977 995 2007 cras„
1020 1962 1051 2001 si
1074 1963 1244 2002 fortuna
1260 1962 1381 2006 volet„
1405 1962 1607 2008 concidet,
1631 1963 1744 2002 nulla-

240 2018 331 2058 erit.
396 2018 463 2057 1111
490 2018 550 2056 vis
584 2017 691 2056 illius
723 2018 888 2069 gratiae
920 2018 961 2056 in
994 2018 1113 2057 unius
1146 2018 1224 2057 diei
1260 2023 1470 2057 momento
1501 2022 1544 2057 et
1574 2019 1744 2057 fortuna

238 2078 327 2114 stat
359 2073 535 2113 eaditve.
576 2073 769 2113 REISK.
830 2073 917 2124 παρ’
937 2073 1080 2124 ἡμέραν
1104 2075 1141 2113 11.
1166 2074 1190 2113 l.
1213 2088 1295 2112 non
1321 2080 1382 2113 est
1406 2073 1574 2112 alternis
1595 2072 1742 2120 (liebus,

238 2129 310 2168 sed
335 2130 455 2168 unius
480 2129 572 2168 diei.
633 2130 655 2178 ἡ
682 2128 767 2179 παρ’
790 2129 934 2180 ἡμέραν
961 2130 1084 2180 χάρις,
1115 2129 1252 2183 ρναΐία
1283 2129 1435 2168 diurni.
1502 2129 1613 2168 Hinc
1644 2146 1741 2179 παρ-

237 2184 388 2234 ήμερος,
424 2199 506 2236 (1110
545 2184 680 2224 utitur
716 2185 926 2224 Pindarus
955 2185 1019 2224 (ss)l.
1050 2199 1080 2228 1,
1112 2188 1212 2229 160.,
1251 2184 1319 2223 ubi
1359 2184 1545 2238 Heynius
1583 2185 1741 2223 confert

237 2240 441 2290 ἐφήμερος.
491 2240 543 2278 V.
567 2241 692 2279 schol.
715 2241 769 2279 ad
791 2241 830 2279 ll.
852 2240 877 2279 1.
926 2240 1257 2279 SCHAEFER,

300 2306 390 2346 107,
411 2306 472 2346 15.
490 2296 802 2347 φιλανθρωπίας]
833 2296 1116 2336 [hamanitatis
1137 2297 1276 2347 Qffiee'a.
1330 2295 1512 2334 Notetur
1534 2309 1632 2334 usus
1654 2295 1740 2348 plu-

236 2350 348 2389 ralis.
396 2350 727 2389 SOHAEFER.

297 2416 388 2456 107,
414 2418 478 2457 23.
500 2407 647 2453 μείζους
669 2405 736 2459 ἂν]
772 2406 958 2445 Subaudi
980 2405 1001 2454 ἦ
1024 2410 1105 2445 νῦν.
1154 2406 1308 2446 SCHA
1319 2406 1486 2444 EFER.

291 2461 380 2500 οὐδέ
408 2460 442 2511 γ’
467 2461 551 2510 ἐμοὶ
579 2462 757 2514 δοκεῖ-]
798 2461 955 2500 Locum
987 2462 1096 2500 hunc
1129 2461 1232 2500 citat
1267 2462 1471 2500 Stobaeus
1494 2475 1532 2513 p.
1559 2463 1651 2510 246,
1680 2463 1737 2499 18.

236 2516 428 2555 REISK.

298 2574 386 2615 108,
415 2585 444 2610 1.
469 2572 780 2624 ἐκεῖνο-τοῦτο]
813 2572 975 2612 Contra
996 2572 1193 2625 syntaxin
1216 2572 1382 2611 solitam
1406 2573 1530 2610 ἐκεῖνο
1553 2571 1662 2610 refer
1683 2571 1737 2610 ad

235 2627 416 2680 propius„
449 2628 491 2666 τὸ
523 2629 680 2678 ῥᾷστον,
714 2632 824 2666 τοῦτο
859 2628 914 2667 11(1
949 2627 1162 2673 remotius„
1195 2628 1237 2666 τὸ
1272 2628 1497 2676 βέλτιστον.
1568 2626 1738 2665 Monuit

234 2683 361 2722 etiam
385 2682 578 2721 Reiskius
604 2683 693 2722 Ind.
712 2683 895 2722 Graecit.
929 2698 962 2721 s
981 2698 1016 2722 v.
1041 2685 1198 2723 ἐκεῖνος.
1261 2683 1389 2721 Dicas
1412 2682 1656 2721 relationem
1678 2681 1734 2720 lo-

232 2738 382 2789 gicam.
407 2752 487 2776 11011
518 2738 863 2791 grannuat-icam:
899 2738 1052 2791 quippe
1081 2738 1124 2776 τὸ
1153 2740 1300 2790 ῥᾷστον
1321 2737 1626 2783 removendum,
1650 2751 1734 2776 am-

234 2793 485 2845 plexandum
508 2794 550 2832 τὸ
571 2794 798 2842 βέλτιστον.
847 2793 1177 2833 SCHAEFER.

288 2847 500 2901 βαδιεῖται]
538 2848 616 2887 Est
636 2848 818 2887 aoristus
840 2848 993 2888 futuri:
1027 2849 1085 2887 ire
1105 2848 1193 2887 solet
1213 2864 1241 2887 s.
1257 2861 1455 2901 propensa
1482 2853 1533 2886 est
1560 2846 1617 2886 acl
1641 2859 1732 2884 eem-

232 2903 329 2943 «lem.
382 2918 419 2955 p.
448 2908 540 2955 296,
568 2916 630 2942 20.
655 2905 673 2941 ὁ
695 2906 767 2952 μὲν
788 2907 865 2944 τοῖς
887 2908 1046 2953 γονεῦσι
1074 2902 1194 2952 μόνον
1216 2906 1451 2953 γεγενῆσθαι
1481 2902 1642 2951 νομίζων
1663 2901 1731 2939 τὸν
