1914 3184
938 649 1056 693 XII.

610 767 985 817 EPISTOLA
1028 766 1392 817 PHILIPPI.

303 963 420 1001 HAEC
441 963 617 1015 epistola
638 963 842 1015 Tayloroa
863 977 944 1001 non
961 963 1125 1003 videtur
1143 964 1324 1016 genuina
1345 978 1446 1003 esse.
1498 964 1641 1015 Atque
1663 963 1753 1016 ipsa

244 1019 333 1071 ejus
353 1018 583 1071 longitudo,
602 1018 734 1070 magis
755 1017 984 1070 sophistam
999 1018 1148 1057 decens
1162 1033 1285 1070 quam
1306 1033 1458 1071 regem,
1477 1018 1753 1070 suspicionem

244 1088 409 1113 movere
427 1073 572 1126 possit.
624 1073 740 1112 Conf.
757 1073 937 1125 Philippi
957 1073 1168 1125 Epistolas
1186 1088 1291 1126 quae
1308 1074 1348 1112 in
1366 1074 1555 1113 oratione
1571 1073 1622 1112 de
1638 1087 1751 1112 eoro-

245 1144 298 1168 na
315 1129 522 1182 leguntur.
561 1127 892 1167 SCHAEFER.
954 1128 1047 1167 Hoc
1069 1128 1235 1180 quidem
1255 1133 1503 1181 argumento
1525 1128 1625 1166 nihil
1646 1128 1750 1167 effici

244 1188 357 1224 recte
378 1183 539 1222 monuit
556 1183 844 1222 Boehneekius
859 1183 1027 1232 Quaest.
1050 1183 1127 1222 vol
1155 1197 1187 1222 1.
1211 1198 1252 1236 p.
1275 1186 1370 1232 462.
1394 1183 1463 1235 qui
1483 1182 1752 1221 W'iniewskio

247 1239 497 1289 (Comment.
520 1238 559 1276 in
578 1243 684 1277 011113.
707 1238 757 1277 (10
779 1252 860 1277 001.
884 1253 922 1290 p.
946 1252 1034 1288 191.
1027 1241 1058 1300 ἱ)
1077 1253 1268 1277 assensus
1283 1238 1503 1291 genuinam
1520 1252 1609 1277 esse
1630 1242 1753 1290 putat

245 1293 464 1346 epistolam
481 1293 674 1345 Philippi,
693 1293 990 1345 utendumque
1004 1308 1026 1331 i
1030 1293 1070 1331 ix
1085 1293 1336 1346 quidquam
1327 1308 1368 1332 1n
1383 1308 1431 1332 ea
1444 1307 1532 1332 esse
1546 1293 1656 1345 quod
1670 1307 1753 1331 non

247 1349 371 1387 scribi
395 1350 447 1387 ab
469 1363 566 1401 lege
587 1348 787 1400 lwotiielit,
804 1362 936 1401 neque
958 1362 1075 1386 01101
1095 1349 1146 1387 (10
1169 1349 1405 1395 51111100,ᾰο
1426 1362 1507 1400 quo
1529 1347 1721 1386 dicetur
1711 1361 1754 1386 111

245 1403 519 1442 annotatione
540 1404 593 1442 ad
615 1418 653 1455 p.
687 1406 771 1448 161,
795 1416 849 1455 3.,
872 1407 936 1442 est
963 1403 1164 1454 ejusmodi
1191 1409 1238 1442 ut
1262 1407 1485 1455 propterea
1514 1402 1754 1455 abjudican-

246 1458 300 1497 da
320 1459 373 1497 ab
396 1472 492 1510 rege
523 1459 623 1497 111100
644 1458 822 1510 epistola
844 1457 911 1496 sit.
974 1458 1249 1496 Nihilominus
1271 1472 1414 1497 vereor
1440 1472 1491 1496 ne
1512 1462 1625 1496 recte
1645 1457 1753 1510 judi—

245 1513 429 1552 caverint
463 1513 531 1564 qui
562 1513 668 1551 hane
701 1512 918 1565 epistolam
949 1513 1002 1551 ab
1034 1527 1130 1565 rege
1161 1527 1242 1550 non
1272 1513 1404 1565 magis
1435 1512 1635 1565 scriptam
1664 1526 1754 1551 esse

246 1567 500 1607 crediderint
522 1582 645 1619 quain
668 1581 773 1619 quae
795 1567 972 1606 orationi
996 1567 1046 1605 de
1067 1582 1220 1606 corona
1242 1576 1339 1607 sunt
1368 1568 1549 1606 insertae
1570 1567 1754 1619 ejusdem

246 1622 456 1674 epistolae.
520 1621 732 1661 Orationis
767 1622 876 1660 enim
910 1622 1023 1661 color
1054 1623 1372 1675 argumentique
1404 1622 1616 1661 tractandi
1644 1621 1754 1660 ratio

246 1677 459 1729 sophistae
496 1677 627 1715 multo
660 1677 832 1715 similior
865 1682 928 1716 est
958 1691 1081 1729 quam
1102 1677 1201 1729 regi.
1264 1677 1455 1729 Epistola
1483 1677 1541 1713 W
1544 1677 1753 1715 iniewskio

245 1732 390 1771 eadem
432 1746 521 1770 esse
554 1731 773 1770 Videbatur
808 1746 931 1783 quam
968 1737 1173 1770 memorat
1207 1731 1377 1784 Dionys.
1406 1732 1503 1770 Hal.
1531 1731 1611 1784 Ep.
1638 1731 1670 1769 I.
1699 1731 1753 1770 ad

247 1787 495 1825 Aminaeum
517 1800 550 1824 0.
575 1799 586 1823 1
606 1799 635 1825 1.
658 1801 696 1838 p.
721 1798 813 1836 741·
856 1786 920 1824 his
940 1786 1074 1824 verbis
1099 1800 1150 1824 ex
1173 1786 1410 1825 Philochori
1433 1786 1626 1825 Atthidis
1646 1786 1753 1824 libro

245 1846 365 1880 sexto
389 1849 411 1862 *²
428 1842 689 1890 Θεόφραστος
708 1840 899 1881 (Αλαιεύς.
945 1842 1007 1879 ἐπὶ
1036 1842 1169 1880 τούτου
1200 1842 1396 1882 Φίλιππος
1426 1842 1469 1879 τὸ
1500 1844 1572 1890 μὲν
1602 1845 1754 1890 πρῶτον

246 1897 496 1936 ἀναπλεύσας
524 1897 701 1946 Περίνθῳ
729 1895 996 1944 προσέβαλεν·
1045 1897 1250 1946 ἀποτυχὼν
1283 1895 1311 1934 δ’
1342 1898 1520 1934 ἐντεῦθεν
1548 1895 1755 1941 Βυζάντιον

246 1952 479 2000 ἐπολιόρκει,
515 1951 576 1988 καὶ
615 1949 874 2000 μηχανήματα
908 1950 1142 2000 προσῆγεν.”
1188 1951 1333 1997 ἔπειτα,
1365 1950 1484 1989 addit
1518 1950 1753 2002 Dionysius,

246 2006 455 2052 διεξελθὼν
476 2005 551 2043 ὅσα
572 2008 650 2045 τοῖς
669 2005 891 2052 Ἀθηναίοις
912 2007 932 2043 ὁ
950 2007 1144 2045 Φίλιππος
1166 2005 1343 2043 ἐνεκάλει
1365 2007 1426 2044 διὰ
1447 2007 1511 2053 τῆς
1533 2007 1753 2052 ἐπιστολῆς,

248 2061 308 2098 καὶ
332 2059 609 2107 Δημοσθένους
639 2060 987 2108 παρακαλέσαντος
1018 2060 1153 2099 αὐτοὺς
1183 2060 1278 2109 πρὸς
1307 2061 1375 2098 τὸν
1400 2061 1574 2108 πόλεμον
1596 2060 1658 2097 καὶ
1679 2063 1755 2109 ψη-

246 2115 423 2163 φίσματα
455 2113 694 2163 γράψαντος,
729 2114 1015 2164 ἐχειροτόνησε,
1054 2121 1077 2133 “
1098 2114 1164 2162 τὴν
1195 2115 1268 2162 μὲν
1299 2114 1449 2162 στήλην
1481 2117 1662 2152 καθελεῖν
1686 2114 1756 2162 τὴν

246 2169 332 2217 περὶ
360 2171 426 2215 τῆς
460 2168 555 2217 πρὸς
588 2169 788 2206 Φίλιππον
822 2168 972 2217 εἰρήνης
1006 2169 1066 2206 καὶ
1097 2169 1317 2218 συμμαχίας
1343 2171 1571 2212 σταθεῖσαν,
1595 2172 1688 2208 ναῦς
1714 2169 1756 2206 δὲ

245 2226 433 2271 πληροῦν,
450 2223 510 2260 καὶ
531 2223 577 2260 τὰ
599 2223 704 2260 ἄλλα
727 2223 901 2272 ἐνεργεῖν
917 2225 965 2260 τὰ
987 2226 1054 2260 τοῦ
1070 2222 1279 2271 πολέμου.”
1321 2223 1479 2262 Contra
1494 2222 1756 2261 Boehneokio

246 2292 285 2329 p.
302 2279 398 2324 464.
430 2289 599 2327 prorsus
626 2276 679 2314 ab
708 2275 777 2315 illa
805 2275 967 2315 diversa
996 2290 1084 2315 esse
1120 2276 1296 2315 videtur.
1357 2277 1421 2315 De
1452 2281 1639 2329 tempore
1659 2289 1755 2314 vero

247 2330 445 2382 epistolae
469 2330 639 2382 (olymp.
665 2343 752 2380 109,
775 2343 814 2378 4.
847 2334 1044 2379 exeunte)
1077 2331 1343 2371 consentiunt
1368 2331 1664 2370 Winiewskius
1695 2333 1755 2383 (p.

251 2387 343 2437 185.
366 2388 447 2436 sq.)
471 2390 513 2423 et
536 2384 837 2423 Boehneckius.

307 2538 397 2577 159,
426 2538 459 2563 1.
494 2527 629 2563 Νικίου
664 2528 731 2563 τοῦ
768 2525 925 2574 κήρυκος
957 2526 1245 2580 ἁρπασθέντος]
1299 2527 1361 2565 De
1395 2527 1471 2565 hoc
1503 2527 1615 2566 facto
1655 2526 1756 2565 nihil

245 2581 298 2618 ab
320 2579 410 2619 aliis
432 2579 658 2631 proditum.
703 2579 961 2620 Tabellarios
984 2581 1166 2634 Philippi
1187 2582 1240 2620 ab
1262 2581 1590 2620 Atheniensibus
1611 2586 1756 2633 captos

288 2694 306 2712 *
334 2694 371 2721 111
382 2699 490 2722 annot.
502 2694 539 2721 ad
554 2703 583 2731 p.
597 2703 649 2730 23,
664 2702 712 2729 23.
723 2694 879 2732 adscripta
889 2696 971 2733 apud
1031 2696 1179 2725 videntur
1203 2695 1338 2733 profecto
1362 2705 1433 2724 cum
1457 2695 1585 2733 epistola
1606 2694 1754 2733 Philippi,

248 2735 425 2767 Reiskinm.
444 2736 464 2750 ‘⁶
484 2735 520 2762 In
534 2735 675 2764 oratione
691 2736 729 2763 ad
750 2735 887 2773 Philippi
906 2737 970 2774 epi·
1030 2742 1098 2765 tum
1116 2737 1215 2765 oratio
1230 2737 1409 2766 adversaria
1418 2737 1526 2765 multis
1544 2736 1611 2765 aliis
1621 2737 1659 2765 de
1669 2746 1753 2765 caus-

245 2775 355 2804 stolam
371 2776 479 2804 iisdem
497 2776 600 2804 utitur
615 2777 810 2814 argumentis
825 2783 856 2806 et
875 2787 972 2815 paene
1030 2778 1070 2807 sis
1086 2778 1235 2816 indignae
1250 2788 1316 2807 esse
1330 2788 1366 2807 ea
1384 2784 1566 2815 tempestate
1588 2784 1682 2815 atque
1696 2786 1754 2805 an-

245 2816 347 2845 verbis
366 2818 404 2845 ad
424 2817 676 2846 confirmandum
696 2818 846 2855 populum
863 2826 971 2847 contra
1029 2820 1184 2857 tiquitate‚
1201 2829 1277 2857 quas
1294 2828 1367 2856 prae
1383 2829 1414 2848 se
1429 2819 1570 2848 ferunt.'’

248 2855 439 2895 Philippum,
457 2863 550 2895 atque
572 2857 604 2886 in
621 2858 679 2887 hac
691 2859 842 2888 oratione.
885 2859 969 2888 Mihi
