1934 3179
262 111 348 149 408
822 113 937 155 PRO
970 115 1218 155 CORONA.

265 219 511 268 occupatam
529 231 617 256 esse
634 223 810 272 negaret
826 220 885 271 (p.
904 220 958 271 56
961 231 984 271 3
1002 220 1098 271 sq.).
1146 219 1288 266 Recte,
1304 219 1462 272 opinor.
1524 219 1632 261 Nam
1649 235 1775 274 quum

267 271 496 311 Aeschines
536 278 685 312 auctor
724 274 779 313 sit
818 274 997 313 alteram
1033 275 1073 313 in
1110 273 1432 328 Amphissenses
1470 276 1777 329 expeditionem

266 326 397 367 multo
418 332 604 381 tempore
633 334 728 382 post
755 329 936 382 priorem
957 330 1113 370 factam
1134 339 1256 379 esses⁷
1281 330 1498 384 Philippus
1519 346 1600 371 non
1629 333 1776 373 statim

265 388 488 436 postquam
521 384 605 423 dux
638 390 805 425 creatus
840 390 904 425 est
938 400 1055 426 arma
1092 385 1234 426 intulit
1265 387 1646 439 Amphissensibus,
1679 389 1778 442 quia

265 438 322 477 sic
353 453 434 478 non
466 441 608 487 multo,
633 441 703 480 sed
729 441 853 494 paulo
878 446 975 494 post
1005 442 1186 495 priorem
1213 442 1522 496 expeditionem
1554 443 1774 492 intulisset,

266 494 337 533 sed
373 496 517 535 statim
556 502 778 549 postquam
814 511 836 536 e
873 498 1067 551 Scythico
1102 498 1209 537 bello
1244 498 1285 537 in
1325 499 1618 539 Macedoniam
1653 500 1777 540 rediit

268 549 435 599 (Voem.
461 566 500 604 p.
522 554 638 604 563),
662 558 857 606 vergente
889 554 1037 602 hieme,
1065 554 1224 607 opinor,
1247 555 1309 594 vel
1339 556 1415 594 sub
1441 570 1512 595 ver
1534 555 1597 595 Ol.
1619 569 1709 604 110,
1738 568 1775 597 2.

265 605 306 644 in
330 606 552 646 Graeciam
574 608 714 648 movit.
778 609 898 659 Quod
923 614 1064 650 autem
1089 610 1144 650 ad
1164 610 1366 664 temporis
1396 611 1654 651 notationem
1678 612 1776 652 atti-

266 666 349 708 net,
368 677 491 714 quam
512 664 703 703 falsarius
726 664 790 703 his
811 665 968 705 verbis:
1005 667 1136 718 ἄρχων
1155 667 1430 716 Μνησιθείδης,
1445 668 1564 717 μηνὸς
1590 669 1777 718 ἀνθεστη-

262 722 400 767 ριῶνος
425 719 512 768 ἕκτῃ
545 721 607 759 ἐπὶ
641 720 732 760 δέκα
761 721 999 775 adscripsit,
1034 722 1191 762 scilicet
1222 723 1298 762 hoc
1329 737 1469 762 mense
1497 723 1716 763 videbatur
1743 724 1777 763 is

266 788 387 826 quem
409 775 463 814 ad
485 790 631 815 vernas
653 777 822 830 pylaeas
848 778 1018 817 missum
1046 779 1226 831 putabat
1251 779 1473 832 pylagoras
1495 779 1626 819 creari
1657 784 1777 833 potu-

265 829 368 876 isse;
402 831 646 871 archontem
675 838 817 872 autem
840 848 965 887 quum
986 835 1118 874 fastos
1148 849 1230 874 non
1259 835 1433 875 haberet
1460 836 1569 874 unde
1600 840 1774 888 peteret,

264 901 286 924 e
308 900 382 925 suo
410 887 556 939 petivit
588 888 753 942 ingenio
784 890 1006 943 posuitque
1032 905 1124 929 cum
1147 891 1216 943 qui
1246 905 1378 943 neque
1405 891 1561 931 archon
1593 906 1775 945 unquam

264 956 396 994 neque
417 943 564 996 opinor
585 945 721 984 scriba
743 946 961 998 prytaniae
982 952 1056 986 aut
1077 952 1248 1000 praetor
1268 947 1359 986 fuit.
1419 947 1578 986 Verum
1599 952 1776 1000 apparet

264 1012 358 1037 eum
379 1000 505 1039 verba
527 1001 706 1040 oratoris
737 1016 927 1054 perverse
958 1002 1282 1056 interpretatum
1307 1017 1410 1043 esse.
1474 1003 1776 1043 Demosthenes

264 1054 373 1093 enim
401 1070 482 1094 non
505 1057 672 1110 quando
697 1058 925 1097 Aeschines
956 1059 1176 1112 pylagoras
1207 1063 1372 1098 creatus
1403 1064 1512 1099 esset
1534 1061 1636 1111 (non
1666 1059 1777 1099 enim

264 1110 322 1149 sic
350 1111 540 1164 scripsit:
580 1113 675 1164 λέγε
706 1114 750 1162 δὴ
780 1115 841 1153 καὶ
870 1115 955 1156 τοὺς
986 1116 1151 1167 χρόνους
1179 1117 1222 1154 ἐν
1248 1116 1304 1156 οἷς
1331 1116 1627 1166 ἐπυλαγόρησεν
1654 1116 1775 1157 οὗτος·

265 1167 340 1205 εἰσὶ
368 1169 443 1218 γὰρ
472 1168 553 1208 καθ’
577 1170 640 1210 οὓς
661 1169 762 1209 ταῦτ’
783 1172 994 1221 ἐγίγνετο),
1019 1171 1090 1210 sed
1116 1171 1282 1224 quando
1309 1171 1465 1218 ἕκαστα,
1489 1170 1515 1209 i.
1539 1185 1572 1210 e.
1596 1171 1678 1210 duo
1706 1171 1776 1211 illa

264 1222 443 1267 decreta,
461 1239 566 1277 quae
583 1240 709 1278 supra
727 1227 1078 1271 eonnnenmravit
1096 1228 1209 1267 facta
1226 1232 1378 1273 essent,
1398 1226 1572 1266 indicari
1593 1242 1618 1266 a
1640 1226 1777 1267 scriba

266 1278 404 1318 voluit.
453 1281 572 1330 Quod
591 1282 623 1320 si
642 1286 755 1321 recte
773 1282 1045 1322 intellexisset
1059 1283 1262 1329 falsariua
1278 1297 1359 1322 non
1374 1282 1522 1322 dubito
1536 1283 1635 1335 quin
1651 1283 1776 1322 aliam

267 1336 465 1388 temporis
492 1337 751 1377 notationem
778 1338 1067 1391 adscripturus
1088 1339 1226 1378 fuerit.
1289 1339 1364 1394 [V.
1382 1339 1583 1391 Droysen.
1606 1354 1647 1391 p.
1662 1339 1775 1392 590]

324 1397 347 1412 ‘⁴
369 1391 516 1445 ltaque
545 1394 621 1433 hoc
648 1395 795 1447 opinor
822 1400 981 1433 certum
1010 1400 1073 1434 est
1103 1409 1154 1434 ne
1179 1395 1220 1433 111
1251 1395 1384 1434 altero
1407 1395 1572 1447 quidem
1594 1395 1774 1443 decreto,

266 1447 376 1499 quod
398 1449 451 1487 ad
477 1451 783 1489 auctumnalem
816 1450 1004 1503 pylaeam
1034 1451 1294 1490 referendum
1317 1465 1407 1490 esse
1433 1465 1559 1503 supra
1581 1450 1776 1497 diximus,

265 1504 454 1553 ὀπωρινῆς
489 1520 565 1558 pro
603 1508 753 1557 ἐαρινῆς
789 1506 911 1545 scribi
943 1507 1106 1546 debere.
1170 1507 1408 1560 Utrumque
1440 1507 1547 1546 enim
1578 1506 1619 1544 in
1651 1520 1776 1546 verna

266 1559 422 1598 factum
454 1561 582 1601 voluit
612 1562 846 1615 quicunque
881 1563 1124 1615 composuit,
1158 1563 1229 1602 sed
1261 1563 1371 1615 quod
1409 1564 1560 1612 ἐαρινῆς
1594 1563 1774 1608 πυλαίας,

266 1629 359 1656 11011,
378 1621 425 1655 ut
446 1617 639 1664 debebat,
662 1620 830 1659 πυλαίας
852 1620 1004 1669 ἐαρινῆς
1025 1633 1056 1657 8.
1078 1619 1208 1668 ἡρινῆς
1227 1620 1296 1670 (cf.
1313 1618 1428 1658 Curt.
1447 1618 1605 1656 Anecd.
1626 1618 1776 1671 Delph.

265 1685 305 1723 p.
331 1678 406 1724 49)
433 1672 611 1726 scripsit,
645 1673 685 1712 id
716 1674 849 1727 ipsum
881 1674 984 1714 satis
1018 1674 1210 1713 idoneum
1241 1674 1399 1713 fraudis
1431 1673 1628 1712 indicium
1659 1674 1771 1714 facit.

266 1727 347 1766 Sed
378 1728 588 1768 videamus
621 1730 671 1769 de
706 1730 795 1782 ipso
827 1730 1006 1769 decreto.
1072 1730 1117 1768 111
1146 1745 1227 1782 (1110
1255 1730 1332 1769 1100
1365 1729 1543 1783 primum
1571 1743 1773 1769 summam

264 1782 394 1822 habet
424 1784 702 1830 offensionem„
731 1786 840 1839 quod
872 1786 959 1838 ejus
990 1786 1264 1839 expeditionis
1293 1800 1398 1838 quae
1429 1785 1640 1838 Gottypho
1671 1785 1775 1825 duce

264 1844 457 1892 suscepta
491 1846 554 1880 est
591 1841 745 1880 nullam
776 1841 960 1881 videmus
995 1841 1247 1881 mentionem
1283 1842 1438 1881 factam
1469 1855 1569 1880 esse.
1634 1841 1774 1880 Facile

264 1894 373 1933 0111111
401 1896 478 1935 tibi
509 1897 762 1949 persuaseris
788 1912 878 1937 eam
907 1898 1038 1950 ipsam
1061 1912 1261 1941 caussam,
1285 1912 1366 1950 qua
1391 1896 1478 1936 sola
1501 1896 1774 1950 Amphictyo-

264 1964 335 1989 nes
368 1952 422 1991 ad
457 1953 750 1992 arcessendum
784 1953 1023 2006 Philippum
1057 1953 1219 2006 impulsi
1254 1958 1363 2000 sunt,
1396 1967 1477 1992 non
1511 1952 1700 1992 debuisse
1732 1952 1773 1991 111

263 2005 331 2045 1110
356 2007 526 2047 decreto
554 2009 786 2061 praeteriri.
849 2009 942 2048 Non
968 2009 1076 2048 enim
1098 2009 1207 2062 quod
1237 2023 1384 2062 agrum
1415 2022 1578 2047 sacrum
1603 2007 1774 2047 circum-

263 2067 409 2101 cuntes
434 2064 488 2103 ab
512 2064 882 2117 Amphissensibus
906 2065 1077 2118 depulsi,
1101 2065 1270 2117 quidam
1292 2064 1419 2103 etiam
1441 2063 1616 2103 sauciati
1639 2068 1771 2111 erant,

265 2118 336 2157 sed
373 2120 483 2170 quod
519 2120 676 2159 frustra
712 2120 1018 2173 expeditionem
1059 2122 1243 2160 fecerant
1283 2120 1653 2171 intellexerantque
1690 2118 1774 2157 suis

265 2173 420 2213 viribus
450 2189 532 2214 non
565 2190 685 2228 posse
720 2176 880 2214 illorum
917 2176 1176 2229 impietatem
1212 2175 1406 2221 coerceri,
1440 2174 1620 2227 Philippi
1654 2188 1773 2226 opem

264 2228 550 2280 implorarunt.
615 2231 765 2283 Itaque
796 2246 868 2270 cur
897 2246 1052 2284 quaeso
1085 2246 1177 2270 eam
1207 2245 1294 2270 rem
1326 2230 1490 2269 silentio
1526 2229 1773 2282 praeterive-

264 2285 389 2323 runt?
448 2286 571 2324 Anne
606 2300 677 2325 eos
717 2286 865 2338 puduit
901 2286 1177 2338 expeditionis
1210 2300 1315 2338 quae
1351 2290 1545 2338 optatum
1580 2289 1774 2324 eventum

265 2354 346 2378 11011
388 2340 629 2381 habuisset?
688 2341 835 2380 Dicam
869 2341 967 2394 quid
1004 2341 1061 2381 rei
1104 2341 1171 2380 sit.
1241 2341 1461 2387 Falsarius,
1496 2355 1621 2392 quum
1661 2340 1774 2393 apud

266 2395 591 2435 Demosthenem
623 2396 723 2435 nihil
761 2397 984 2436 invenisset
1016 2397 1124 2435 unde
1155 2410 1297 2435 revera
1327 2396 1483 2435 factam
1512 2395 1622 2434 illam
1653 2410 1773 2448 expe-

265 2451 464 2490 ditionem
487 2466 575 2490 csse
592 2452 781 2498 disceret,
801 2452 1051 2491 Aeschinem
1071 2455 1211 2491 autem
1228 2452 1289 2490 vel
1310 2451 1521 2504 ignoraret
1537 2450 1598 2489 vel
1621 2450 1774 2489 oblitus

265 2512 385 2554 esset7
409 2507 564 2546 decreti
590 2507 822 2554 formulam„
847 2512 1057 2560 utcunque
1084 2507 1235 2560 potuit,
1259 2507 1313 2546 ad
1340 2520 1431 2546 eam
1462 2506 1520 2545 rei
1552 2505 1774 2559 imaginem

266 2577 390 2614 quam
412 2577 434 2601 e
456 2562 751 2602 Demosthenis
772 2563 906 2602 verbis
934 2563 1009 2602 sibi
1039 2563 1220 2602 finxerat
1249 2561 1491 2615 composuit.
1554 2561 1702 2613 Itaque
1723 2575 1774 2600 ne

267 2617 343 2656 hoc
366 2618 530 2670 quidem
559 2633 635 2670 pro
658 2624 774 2658 certo
800 2619 934 2658 habeo
957 2619 1211 2671 Uottyphum
1241 2618 1423 2671 legatum
1445 2617 1592 2656 fuisse:
1627 2630 1774 2669 nempe

267 2673 468 2721 falsarius,
493 2688 618 2725 quum
639 2675 692 2713 ad
714 2674 961 2714 imitandam
981 2674 1200 2714 veritatem
1222 2688 1370 2713 nomen
1391 2672 1516 2726 legati
1538 2671 1774 2725 ponendum

312 2830 324 2846 S
350 2826 454 2855 Οὕτως
482 2827 539 2861 ἤδη
567 2826 624 2861 τὴν
651 2827 796 2862 δευτέραν
821 2826 988 2863 στρατείαν
1057 2827 1090 2855 ἐκ
1110 2827 1165 2861 τῆς
1189 2825 1236 2855 ἐπὶ
1256 2825 1328 2854 τοὺς
1346 2823 1460 2855 Σκύθας
1477 2822 1641 2862 στρατείας
1657 2823 1771 2853 Aesch.

270 2866 318 2895 ἐπὶ
347 2867 418 2897 τοὺς
440 2869 624 2904 Ἀμφισσεῖς
655 2868 852 2905 ἐποιήσαντο,
879 2870 989 2905 πολλῷ
1057 2879 1086 2906 p.
1109 2876 1156 2906 72.

269 2907 370 2945 χρόνῳ
393 2910 530 2948 ὕστερον,
549 2909 817 2945 ἐπανεληλυθότος
837 2909 989 2939 Φιλίππου
