1934 3179
290 99 375 138 338
852 101 966 139 PRO
1000 100 1250 141 CORONA.

287 204 399 256 apud
422 204 747 245 Demosthenem
779 204 1062 258 praescriptus
1093 209 1169 252 est,
1193 219 1275 243 non
1301 204 1439 243 minus
1469 219 1559 245 esse
1579 207 1806 269 pseudepo-

289 274 456 312 nymum
479 275 601 313 quam
628 260 957 323 Mnesiphilum
948 275 989 298 ln
1012 260 1193 300 decretis
1214 275 1253 314 p.
1279 272 1327 313 23
1333 274 1372 313 5,
1402 274 1434 299 ι.
1459 262 1551 314 238,
1582 275 1613 300 ι.
1643 263 1807 316 apposi-

288 315 342 354 tis
364 320 607 369 ceterosque
629 331 677 356 al
680 316 884 356 chontes
876 330 917 354 in
938 315 1030 355 aliis
1052 316 1159 356 actis
1180 330 1338 356 mem01
1341 320 1435 356 atos
1456 331 1561 370 quae
1583 317 1692 357 infra
1713 319 1807 358 huic

288 371 467 411 mationi
509 378 607 412 sunt
658 372 768 412 inser
772 377 828 412 ta
902 372 1190 411 Celtissimum
1240 372 1349 411 enim
1399 377 1464 412 est
1505 373 1714 412 actionem
1754 375 1808 414 ab

293 428 498 468 Aeschine
531 442 613 467 non
640 428 708 467 illo
729 442 853 476 anno,
875 428 948 467 sed
972 428 1134 481 Olymp.
1163 442 1251 476 110,
1274 444 1314 478 4.
1346 429 1547 468 archonte
1570 429 1809 482 Phrynicho

289 497 380 522 esse
420 483 671 524 institutam.
734 484 855 534 Quod
896 484 1201 524 demonstravit
1239 484 1528 524 Boehneckius
1566 485 1807 535 Quaestion.

290 539 367 578 vol.
398 553 430 578 1.
453 554 492 592 p.
516 543 597 592 587
622 554 750 593 seqq„
775 544 978 593 quattuor
1003 540 1267 593 potissimum
1288 555 1386 580 usus
1407 540 1679 594 argumentis,
1703 556 1809 595 quae

291 595 397 634 infra
419 595 645 649 posuimus.

804 687 1087 740 Aiqnmentum
1102 701 1158 739 p}
1164 687 1299 725 ιἰιιιιιη.

348 763 597 817 “Ctesipho
628 762 891 816 rogationem
927 779 1045 804 suam
1079 764 1298 817 proposuit
1329 764 1484 803 mensis
1508 764 1810 818 Pyanepsionis

290 820 330 859 d.
372 833 435 860 22.
429 852 449 868 .,
488 820 586 858 dum
623 820 928 860 Demosthenes
963 821 1170 860 moenium
1207 820 1526 859 leficiendorum
1562 827 1732 860 curator
1767 826 1810 862 et

290 876 480 916 theorico
500 876 739 929 praefectus
762 882 864 920 er.at
889 877 1066 915 necdum
1092 876 1241 916 hoium
1272 890 1418 915 munel
1422 891 1489 915 um
1513 877 1697 916 rationes
1719 877 1810 917 red-

291 933 469 972 diderat.
533 932 840 971 Demosthenes
874 938 1015 972 autem
1049 933 1252 972 archonte
1285 932 1533 972 Chaeronda
1565 933 1627 972 Ol.
1659 946 1746 980 ΗΟ,
1769 946 1809 986 3.

291 989 480 1042 Sciroph.
515 989 554 1027 d.
586 1001 619 1028 2.
645 988 706 1027 vel
733 1001 771 1040 3.
804 1003 829 1027 a
860 988 974 1027 tribu
1006 1003 1081 1028 sua
1112 988 1320 1027 moenium
1352 993 1523 1028 curator
1553 989 1810 1029 constitutus

290 1051 379 1085 est:
414 1060 512 1099 ergo
545 1044 744 1097 Ctesipho
779 1044 1067 1097 Pyanepsione
1098 1044 1264 1083 demum
1300 1043 1556 1097 insequentis
1587 1045 1685 1084 anni
1716 1059 1810 1084 eum

293 1116 364 1141 coi
367 1102 578 1141 onandum
599 1100 864 1154 proposuisse
886 1106 1039 1153 potest
1047 1100 1199 1139 —Hoc
1217 1100 1511 1140 domonstrant
1533 1106 1702 1154 praeter
1718 1115 1811 1153 gra-

292 1158 505 1197 vissimum
527 1157 637 1210 apud
663 1156 913 1196 Aeschinem
938 1157 1232 1196 documentum
1254 1157 1470 1209 sequentia
1490 1156 1744 1196 testimonia.

352 1216 427 1268 §.1
442 1246 449 1253 .
483 1220 506 1235 ‘
526 1213 851 1253 Demosthenem
872 1217 1094 1264 τειχοποιοῦ
1116 1226 1265 1251 munus
1287 1212 1514 1265 suscepisse
1536 1218 1632 1265 post
1653 1213 1811 1253 cladem

294 1270 627 1310 Chaeronensem
665 1274 708 1309 et
749 1274 845 1322 post
886 1270 973 1308 sub
965 1274 1081 1308 ictas
1122 1283 1146 1308 a
1186 1268 1379 1321 Philippo
1421 1269 1587 1308 Thebas
1628 1274 1813 1309 testatur

292 1331 440 1366 auctor
461 1325 696 1380 argumenti
728 1325 897 1364 secundi
921 1325 975 1365 ad
998 1324 1295 1364 Demosthenis
1324 1338 1371 1363 οι
1373 1324 1556 1364 rttionem
1578 1325 1629 1364 de
1658 1339 1812 1365 corona

293 1397 332 1436 p.
359 1394 437 1424 222
462 1381 785 1436 ε(1.Αθηιαιοι
819 1382 879 1421 καὶ
913 1385 1087 1430 Θηβαῖοι
1118 1384 1381 1431 πολεμοῦντες
1411 1381 1507 1430 πρὸς
1537 1383 1738 1420 Φίλιππον
1769 1383 1812 1420 ἐν

292 1441 512 1491 Χαιρωιείᾳ
534 1439 766 1488 ἡττηθησαν·
801 1441 832 1477 ἐι
823 1455 1059 1487 πικρατησοις
1090 1438 1159 1476 οὖν
1189 1439 1208 1475 ὁ
1233 1435 1426 1475 Μακεδὼν
1448 1439 1624 1487 φρουρὰν
1654 1439 1727 1486 μὲν
1759 1439 1813 1478 εἷς

294 1497 360 1536 τὰς
383 1495 524 1543 Θηβας
556 1495 739 1543 ἐνέβαλε
765 1512 825 1533 και
849 1494 957 1545 εἶχεν
977 1493 1051 1532 ὑπο
1080 1497 1192 1544 χεῖρα
1214 1494 1490 1532 δουλεύουσαν.
1525 1494 1813 1534 ἐλπίσαντες

294 1552 363 1590 οὑν
385 1551 427 1589 τὸ
450 1552 542 1589 αιτο
565 1549 727 1589 παθεῖν’
735 1554 937 1598 Αθηναῖοι,
957 1550 1018 1588 καὶ
1040 1550 1138 1588 ὅσον
1155 1548 1303 1588 οὐδέπω
1327 1547 1404 1587 κατ’
1423 1549 1549 1588 αὐτῶν
1564 1550 1670 1597 ἥξειν
1692 1565 1812 1599 προσ-

293 1609 480 1648 δΟΚῶΠΤΕς
501 1623 570 1646 ΤΟΖ)
591 1623 794 1649 ΤΠὶάΙΙΙ)ΟΠ,
821 1605 1045 1656 ΕσΚΕψαΙ)ΤΟ
1067 1621 1114 1644 Ta
1135 1606 1383 1653 πΕΊΤΟὶήΚόΤα
1407 1604 1503 1654 μέρη
1526 1606 1575 1658 Τῷ
1597 1621 1724 1658 ΧρΟΙκὊ.)
1747 1607 1814 1644 Τοῦ

293 1663 445 1714 τείχους
466 1664 564 1701 ἐπαι
568 1663 831 1712 ορθώσασθαι·
867 1663 927 1700 καὶ
959 1662 1004 1710 δη
1026 1660 1094 1710 ἀφ
1120 1661 1284 1709 ἑκάστης
1307 1663 1432 1710 φυλης
1461 1661 1675 1712 τειχοποιοὶ
1695 1677 1810 1710 προε-

293 1719 516 1768 βλήθησαν.
549 1720 697 1757 τοιόνδε
727 1720 787 1757 καὶ
808 1719 830 1767 ἡ
853 1719 1065 1758 Πανδιονὶς
1093 1718 1132 1766 ἐξ
1163 1719 1296 1766 ἑαυτῆς
1319 1717 1446 1755 εἵλετο
1469 1717 1564 1766 πρὸς
1585 1716 1654 1764 τὴν
1676 1717 1813 1767 χρείαν

295 1775 362 1814 τὸν
382 1775 537 1826 ῥήτορα.
598 1775 698 1813 Jam
721 1773 897 1813 vidimus
928 1787 1030 1826 pace
1053 1773 1268 1812 Demadea
1298 1771 1464 1811 minime
1487 1771 1671 1825 pericula
1692 1786 1811 1825 pror-

293 1845 362 1869 sus
389 1836 551 1870 remota
571 1830 720 1869 fuisse:
757 1830 1001 1882 scriptorem
1029 1834 1170 1868 autem
1202 1842 1364 1868 errasse
1395 1842 1476 1867 non
1508 1828 1709 1867 habemus
1741 1842 1814 1867 cur

294 1892 544 1926 statuminis.
599 1886 640 1925 Si
662 1886 790 1939 igitur
812 1886 1116 1925 Demosthenes
1141 1883 1462 1938 Scirophorione
1484 1884 1704 1935 τειχοποιὸς
1731 1884 1813 1924 fac-

293 1947 362 1982 tus
384 1948 460 1991 est,
484 1942 646 1982 nonnisi
672 1942 967 1995 Scirophorion
988 1942 1083 1981 anni
1108 1941 1171 1981 Ol.
1201 1955 1290 1989 110,
1314 1954 1353 1992 3.
1375 1940 1549 1993 intelligi
1571 1944 1724 1993 potest.

353 2001 389 2052 ᾇ.
417 2012 451 2039 2.
493 2005 514 2021 ⁶⁶
542 1999 866 2038 Demosthenem
901 2002 997 2052 post
1026 2012 1210 2051 pugnam
1231 1996 1401 2036 fatalem
1431 2001 1473 2036 et
1504 2001 1599 2049 post
1626 1996 1813 2036 habitam

293 2055 525 2095 orationem
542 2055 637 2094 f·un(
641 2056 690 2094 bi
693 2069 757 2093 em
774 2055 828 2094 ad
849 2069 921 2094 cur
923 2069 990 2093 am
1012 2053 1219 2093 moenium
1241 2052 1559 2092 reficiendorum
1577 2051 1812 2099 accessisse,

296 2111 479 2150 confiim·
472 2116 517 2150 at
551 2111 802 2151 l'lutalchus
837 2110 879 2149 in
907 2110 993 2149 vita
1027 2110 1070 2148 X
1099 2115 1204 2149 orat.
1239 2124 1277 2162 p.
1303 2110 1382 2161 845
1408 2109 1455 2147 F.
1490 2108 1558 2148 ubi
1591 2113 1814 2161 postquam

295 2167 345 2206 dc
368 2168 456 2220 ejus
477 2168 576 2220 fuga
605 2182 627 2206 e
653 2181 793 2220 pugna
826 2166 1030 2219 exposuit,
1055 2166 1192 2219 pergit
1213 2182 1220 2204 :
1256 2165 1339 2205 εἶπε
1360 2164 1494 2213 μέντοι
1514 2165 1583 2203 τὸν
1605 2166 1816 2215 ἐπιτάφιον

295 2225 358 2262 ἐπὶ
379 2227 457 2264 τοῖς
478 2227 681 2262 πεσοῦσιν.
714 2225 827 2270 μετὰ
849 2225 895 2261 δὲ
917 2225 1059 2261 ταῦτα
1082 2223 1177 2272 πρὸς
1196 2221 1266 2270 τὴν
1288 2220 1496 2269 ἐπισκευὴν
1512 2223 1578 2269 τῆς
1595 2221 1747 2261 πόλεως
1769 2222 1813 2274 τῇ

296 2280 499 2330 ἐπιμελείᾳ
520 2277 753 2327 προσελθων
771 2280 832 2317 καὶ
855 2282 931 2316 τῶν
951 2281 1091 2329 τειχῶν
1114 2277 1345 2326 ἐπιμελητὴς
1367 2276 1653 2328 χειροτονηθεὶς
1671 2293 1703 2314 κ.
1723 2292 1754 2314 τ.
1774 2282 1812 2314 λ.

297 2334 603 2373 Demosthenes
620 2333 853 2372 orationem
874 2334 1088 2372 funebrem
1111 2338 1206 2385 post
1224 2346 1367 2385 pacem
1387 2331 1643 2371 Demadeam
1664 2331 1816 2371 habuit

295 2390 372 2429 sub
404 2389 592 2435 hiemem„
621 2395 668 2429 nt
696 2389 872 2435 videtur,
901 2389 1043 2441 itaque
1078 2388 1313 2442 insequenti
1347 2388 1513 2427 denium
1545 2401 1639 2426 vere
1673 2401 1815 2427 curam

296 2460 510 2485 murorum
531 2445 850 2484 reficiendorum
872 2444 1065 2497 suscepit.

357 2503 392 2555 {m
414 2514 454 2554 3.
488 2509 510 2524 “·
531 2501 855 2540 Demosthenem
887 2500 968 2540 alio
990 2505 1177 2553 tempore
1198 2499 1282 2539 tria
1313 2499 1381 2539 illa
1403 2499 1564 2539 talenta
1592 2499 1645 2538 ad
1675 2513 1815 2538 muros

296 2557 540 2597 reficiendos
571 2557 734 2596 dedisse
759 2571 883 2609 quam
915 2556 1112 2596 continuo
1139 2560 1235 2608 post
1268 2569 1451 2609 pugnam
1483 2555 1815 2594 Chaeronensem

295 2618 414 2666 patet
436 2628 457 2652 e
478 2613 760 2666 psephismate
780 2612 821 2651 in
843 2613 930 2665 ejus
959 2612 1159 2651 honorem
1180 2611 1267 2650 lato
1289 2626 1327 2665 p.
1353 2613 1429 2663 851
1453 2611 1555 2649 A.C:
1590 2612 1651 2650 καὶ
1674 2612 1726 2652 εἰς
1746 2611 1816 2659 τὴν

296 2669 538 2721 τειχοποιίαν
570 2669 753 2708 ἀνάλωσε
785 2669 1071 2720 χειροτονῃθεὶς
1102 2668 1175 2706 ὑπὸ
1211 2671 1278 2706 τοῦ
1315 2667 1434 2716 δήμου
1468 2668 1667 2708 ἐπιδόντος
1699 2667 1816 2705 αὐτοῦ

297 2727 383 2775 τρία
404 2725 579 2763 τάλαντα
602 2726 663 2763 καὶ
685 2725 738 2765 οἷς
775 2724 944 2763 ἐπέδωκε
967 2725 1033 2763 δύο
1060 2723 1231 2773 τάφρους
1257 2724 1345 2774 περὶ
1371 2723 1440 2762 τὸν
1463 2725 1630 2773 Πειραιᾶ
1650 2723 1816 2772 ταφρεύ-

339 2830 354 2846 C
383 2825 417 2853 In
445 2824 503 2853 hoc
526 2825 650 2853 decreto
672 2824 695 2851 is
719 2825 795 2851 ordo
816 2823 1022 2852 observatur:
1091 2821 1227 2851 consiliis
1243 2821 1307 2851 suis
1328 2819 1534 2859 (σύμβουλος)
1548 2819 1735 2859 reipublicae
1747 2828 1816 2858 pro-

298 2867 435 2904 primum
474 2873 654 2896 recensetur
686 2866 760 2903 quid
796 2865 1024 2894 Demosthenes
1091 2864 1197 2893 fuerit.

298 2908 503 2938 beneficentia
520 2918 576 2937 sna
598 2906 805 2946 (ebepye‘vm'),
818 2907 932 2937 deinde
949 2907 1023 2945 quid
