<?xml version="1.0" encoding="UTF-8"?>
<!DOCTYPE html PUBLIC "-//W3C//DTD XHTML 1.0 Transitional//EN"
    "http://www.w3.org/TR/xhtml1/DTD/xhtml1-transitional.dtd">
<html xmlns="http://www.w3.org/1999/xhtml" xml:lang="en" lang="en">
 <head>
  <title>
</title>
<meta http-equiv="Content-Type" content="text/html;charset=utf-8" />
  <meta name='ocr-system' content='tesseract 3.04.00' />
  <meta name='ocr-capabilities' content='ocr_page ocr_carea ocr_par ocr_line ocrx_word'/>
</head>
<body>
  <div class='ocr_page' id='page_1' title='image "./operaexrecension05demouoft_0219.png"; bbox 0 0 1935 3205; ppageno 0'>
   <div class='ocr_carea' id='block_1_1' title="bbox 539 657 1176 837">
    <p class='ocr_par' dir='ltr' id='par_1_1' title="bbox 539 657 1176 837">
     <span class='ocr_line' id='line_1_1' title="bbox 808 657 920 701; baseline 0.009 -1"><span class='ocrx_word' id='word_1_1' title='bbox 808 657 920 701; x_wconf 69' lang='lat' dir='ltr'>VII.</span> 
     </span>
     <span class='ocr_line' id='line_1_2' title="bbox 539 786 1176 837; baseline 0.002 -2"><span class='ocrx_word' id='word_1_2' title='bbox 539 786 641 837; x_wconf 87' lang='lat' dir='ltr'>DE</span> <span class='ocrx_word' id='word_1_3' title='bbox 690 787 795 837; x_wconf 81' lang='lat' dir='ltr'>HA</span> <span class='ocrx_word' id='word_1_4' title='bbox 806 786 954 837; x_wconf 79' lang='lat' dir='ltr'>LON</span> <span class='ocrx_word' id='word_1_5' title='bbox 967 786 1013 837; x_wconf 75' lang='lat' dir='ltr'>N</span> <span class='ocrx_word' id='word_1_6' title='bbox 1027 787 1176 837; x_wconf 77' lang='lat' dir='ltr'>ESO.</span> 
     </span>
    </p>
   </div>
   <div class='ocr_carea' id='block_1_2' title="bbox 754 928 957 947">
    <p class='ocr_par' dir='ltr' id='par_1_2' title="bbox 754 928 957 947">
     <span class='ocr_line' id='line_1_3' title="bbox 754 928 957 947; baseline 0 2258"><span class='ocrx_word' id='word_1_7' title='bbox 754 928 957 947; x_wconf 95' lang='lat' dir='ltr'> </span> 
     </span>
    </p>
   </div>
   <div class='ocr_carea' id='block_1_3' title="bbox 91 1029 1619 2987">
    <p class='ocr_par' dir='ltr' id='par_1_3' title="bbox 93 1029 1619 2653">
     <span class='ocr_line' id='line_1_4' title="bbox 164 1029 1617 1084; baseline 0.002 -17"><span class='ocrx_word' id='word_1_8' title='bbox 164 1034 187 1050; x_wconf 77' lang='grc'>“</span> <span class='ocrx_word' id='word_1_9' title='bbox 211 1029 362 1068; x_wconf 53' lang='lat' dir='ltr'>Issum</span> <span class='ocrx_word' id='word_1_10' title='bbox 400 1029 653 1077; x_wconf 67' lang='lat' dir='ltr'>Halonneso.</span> <span class='ocrx_word' id='word_1_11' title='bbox 688 1030 728 1069; x_wconf 91' lang='lat' dir='ltr'>in</span> <span class='ocrx_word' id='word_1_12' title='bbox 764 1030 982 1070; x_wconf 84' lang='lat' dir='ltr'>Thermaei</span> <span class='ocrx_word' id='word_1_13' title='bbox 1021 1030 1133 1070; x_wconf 89' lang='lat' dir='ltr'>sinus</span> <span class='ocrx_word' id='word_1_14' title='bbox 1168 1031 1330 1070; x_wconf 77' lang='lat' dir='ltr'>effluvio</span> <span class='ocrx_word' id='word_1_15' title='bbox 1364 1031 1456 1079; x_wconf 76' lang='lat' dir='ltr'>sita‚</span> <span class='ocrx_word' id='word_1_16' title='bbox 1493 1046 1617 1084; x_wconf 85' lang='lat' dir='ltr'>quum</span> 
     </span>
     <span class='ocr_line' id='line_1_5' title="bbox 103 1085 1619 1140; baseline 0.002 -16"><span class='ocrx_word' id='word_1_17' title='bbox 103 1098 196 1124; x_wconf 82' lang='lat' dir='ltr'>eam</span> <span class='ocrx_word' id='word_1_18' title='bbox 218 1085 509 1135; x_wconf 68' lang='lat' dir='ltr'>Athenienses.</span> <span class='ocrx_word' id='word_1_19' title='bbox 544 1101 567 1126; x_wconf 85' lang='lat' dir='ltr'>a</span> <span class='ocrx_word' id='word_1_20' title='bbox 603 1086 750 1140; x_wconf 82' lang='lat' dir='ltr'>quibus</span> <span class='ocrx_word' id='word_1_21' title='bbox 783 1087 1088 1140; x_wconf 63' lang='lat' dir='ltr'>possidebatur,</span> <span class='ocrx_word' id='word_1_22' title='bbox 1122 1087 1258 1126; x_wconf 87' lang='lat' dir='ltr'>minus</span> <span class='ocrx_word' id='word_1_23' title='bbox 1291 1092 1520 1135; x_wconf 69' lang='lat' dir='ltr'>tuerentur7</span> <span class='ocrx_word' id='word_1_24' title='bbox 1545 1088 1619 1127; x_wconf 80' lang='lat' dir='ltr'>So-</span> 
     </span>
     <span class='ocr_line' id='line_1_6' title="bbox 105 1142 1617 1197; baseline 0.003 -18"><span class='ocrx_word' id='word_1_25' title='bbox 105 1145 264 1181; x_wconf 79' lang='lat' dir='ltr'>stratus</span> <span class='ocrx_word' id='word_1_26' title='bbox 284 1142 440 1195; x_wconf 85' lang='lat' dir='ltr'>praedo</span> <span class='ocrx_word' id='word_1_27' title='bbox 462 1143 621 1197; x_wconf 89' lang='lat' dir='ltr'>potitus</span> <span class='ocrx_word' id='word_1_28' title='bbox 653 1148 729 1182; x_wconf 86' lang='lat' dir='ltr'>est.</span> <span class='ocrx_word' id='word_1_29' title='bbox 791 1144 882 1193; x_wconf 83' lang='lat' dir='ltr'>Quo</span> <span class='ocrx_word' id='word_1_30' title='bbox 904 1142 1074 1196; x_wconf 75' lang='lat' dir='ltr'>expulso</span> <span class='ocrx_word' id='word_1_31' title='bbox 1099 1143 1314 1196; x_wconf 76' lang='lat' dir='ltr'>Philippus</span> <span class='ocrx_word' id='word_1_32' title='bbox 1343 1143 1517 1183; x_wconf 81' lang='lat' dir='ltr'>insulam</span> <span class='ocrx_word' id='word_1_33' title='bbox 1540 1144 1617 1183; x_wconf 80' lang='lat' dir='ltr'>sibi</span> 
     </span>
     <span class='ocr_line' id='line_1_7' title="bbox 103 1199 1617 1254; baseline 0.002 -18"><span class='ocrx_word' id='word_1_34' title='bbox 103 1211 153 1236; x_wconf 91' lang='lat' dir='ltr'>eo</span> <span class='ocrx_word' id='word_1_35' title='bbox 172 1204 396 1250; x_wconf 82' lang='lat' dir='ltr'>praetextu</span> <span class='ocrx_word' id='word_1_36' title='bbox 418 1199 606 1239; x_wconf 83' lang='lat' dir='ltr'>asseruit.</span> <span class='ocrx_word' id='word_1_37' title='bbox 631 1205 677 1238; x_wconf 90' lang='lat' dir='ltr'>ut</span> <span class='ocrx_word' id='word_1_38' title='bbox 710 1205 847 1239; x_wconf 85' lang='lat' dir='ltr'>tutam</span> <span class='ocrx_word' id='word_1_39' title='bbox 880 1199 943 1238; x_wconf 89' lang='lat' dir='ltr'>his</span> <span class='ocrx_word' id='word_1_40' title='bbox 977 1199 1213 1253; x_wconf 77' lang='lat' dir='ltr'>regionibus</span> <span class='ocrx_word' id='word_1_41' title='bbox 1235 1200 1428 1239; x_wconf 80' lang='lat' dir='ltr'>redderet</span> <span class='ocrx_word' id='word_1_42' title='bbox 1452 1200 1617 1254; x_wconf 76' lang='lat' dir='ltr'>naviga—</span> 
     </span>
     <span class='ocr_line' id='line_1_8' title="bbox 103 1252 1617 1308; baseline 0.002 -16"><span class='ocrx_word' id='word_1_43' title='bbox 103 1252 271 1293; x_wconf 78' lang='lat' dir='ltr'>tionem.</span> <span class='ocrx_word' id='word_1_44' title='bbox 335 1255 387 1294; x_wconf 79' lang='lat' dir='ltr'>V.</span> <span class='ocrx_word' id='word_1_45' title='bbox 410 1255 531 1308; x_wconf 85' lang='lat' dir='ltr'>epist.</span> <span class='ocrx_word' id='word_1_46' title='bbox 557 1255 664 1294; x_wconf 86' lang='lat' dir='ltr'>Phil.</span> <span class='ocrx_word' id='word_1_47' title='bbox 688 1255 798 1295; x_wconf 81' lang='lat' dir='ltr'>inter</span> <span class='ocrx_word' id='word_1_48' title='bbox 820 1255 1036 1295; x_wconf 88' lang='lat' dir='ltr'>Demosth.</span> <span class='ocrx_word' id='word_1_49' title='bbox 1065 1270 1146 1294; x_wconf 88' lang='lat' dir='ltr'>orr.</span> <span class='ocrx_word' id='word_1_50' title='bbox 1169 1270 1207 1308; x_wconf 96' lang='lat' dir='ltr'>p.</span> <span class='ocrx_word' id='word_1_51' title='bbox 1237 1258 1325 1295; x_wconf 85' lang='lat'>162.</span> <span class='ocrx_word' id='word_1_52' title='bbox 1388 1256 1617 1296; x_wconf 83' lang='lat' dir='ltr'>Athenien-</span> 
     </span>
     <span class='ocr_line' id='line_1_9' title="bbox 103 1309 1616 1366; baseline 0.003 -18"><span class='ocrx_word' id='word_1_53' title='bbox 103 1323 169 1348; x_wconf 86' lang='lat' dir='ltr'>ses</span> <span class='ocrx_word' id='word_1_54' title='bbox 189 1309 331 1363; x_wconf 81' lang='lat' dir='ltr'>igitur,</span> <span class='ocrx_word' id='word_1_55' title='bbox 348 1316 395 1351; x_wconf 88' lang='lat' dir='ltr'>ut</span> <span class='ocrx_word' id='word_1_56' title='bbox 417 1318 651 1365; x_wconf 79' lang='lat' dir='ltr'>surreptam</span> <span class='ocrx_word' id='word_1_57' title='bbox 674 1311 823 1365; x_wconf 85' lang='lat' dir='ltr'>injuria</span> <span class='ocrx_word' id='word_1_58' title='bbox 841 1311 1139 1364; x_wconf 87' lang='lat' dir='ltr'>possessionem</span> <span class='ocrx_word' id='word_1_59' title='bbox 1162 1311 1240 1351; x_wconf 87' lang='lat' dir='ltr'>sibi</span> <span class='ocrx_word' id='word_1_60' title='bbox 1262 1311 1477 1366; x_wconf 76' lang='lat' dir='ltr'>Philippus</span> <span class='ocrx_word' id='word_1_61' title='bbox 1498 1312 1616 1352; x_wconf 88' lang='lat' dir='ltr'>resti—</span> 
     </span>
     <span class='ocr_line' id='line_1_10' title="bbox 103 1366 1616 1421; baseline 0.003 -17"><span class='ocrx_word' id='word_1_62' title='bbox 103 1371 254 1408; x_wconf 84' lang='lat' dir='ltr'>tueret.</span> <span class='ocrx_word' id='word_1_63' title='bbox 277 1366 430 1407; x_wconf 86' lang='lat' dir='ltr'>acriter</span> <span class='ocrx_word' id='word_1_64' title='bbox 461 1367 743 1421; x_wconf 66' lang='lat' dir='ltr'>postulabant..</span> <span class='ocrx_word' id='word_1_65' title='bbox 806 1367 879 1407; x_wconf 85' lang='lat' dir='ltr'>Ille</span> <span class='ocrx_word' id='word_1_66' title='bbox 901 1382 997 1407; x_wconf 76' lang='lat' dir='ltr'>vero</span> <span class='ocrx_word' id='word_1_67' title='bbox 1029 1367 1257 1421; x_wconf 78' lang='lat' dir='ltr'>gratificari</span> <span class='ocrx_word' id='word_1_68' title='bbox 1285 1383 1328 1407; x_wconf 87' lang='lat' dir='ltr'>se</span> <span class='ocrx_word' id='word_1_69' title='bbox 1351 1368 1616 1408; x_wconf 82' lang='lat' dir='ltr'>Atheniensi-</span> 
     </span>
     <span class='ocr_line' id='line_1_11' title="bbox 103 1421 1616 1478; baseline 0.003 -17"><span class='ocrx_word' id='word_1_70' title='bbox 103 1421 179 1461; x_wconf 88' lang='lat' dir='ltr'>bus</span> <span class='ocrx_word' id='word_1_71' title='bbox 202 1422 302 1462; x_wconf 74' lang='lat' dir='ltr'>velle</span> <span class='ocrx_word' id='word_1_72' title='bbox 322 1423 491 1477; x_wconf 70' lang='lat' dir='ltr'>dareque</span> <span class='ocrx_word' id='word_1_73' title='bbox 510 1423 687 1463; x_wconf 83' lang='lat' dir='ltr'>insulam</span> <span class='ocrx_word' id='word_1_74' title='bbox 708 1423 913 1477; x_wconf 82' lang='lat' dir='ltr'>pollicitus</span> <span class='ocrx_word' id='word_1_75' title='bbox 935 1429 1010 1471; x_wconf 74' lang='lat' dir='ltr'>est,</span> <span class='ocrx_word' id='word_1_76' title='bbox 1035 1424 1186 1478; x_wconf 77' lang='lat' dir='ltr'>quippe</span> <span class='ocrx_word' id='word_1_77' title='bbox 1208 1439 1331 1478; x_wconf 83' lang='lat' dir='ltr'>quam</span> <span class='ocrx_word' id='word_1_78' title='bbox 1350 1439 1431 1463; x_wconf 92' lang='lat' dir='ltr'>non</span> <span class='ocrx_word' id='word_1_79' title='bbox 1454 1425 1523 1473; x_wconf 71' lang='lat' dir='ltr'>eis,</span> <span class='ocrx_word' id='word_1_80' title='bbox 1542 1426 1616 1465; x_wconf 85' lang='lat' dir='ltr'>scd</span> 
     </span>
     <span class='ocr_line' id='line_1_12' title="bbox 101 1478 1617 1534; baseline 0.004 -18"><span class='ocrx_word' id='word_1_81' title='bbox 101 1478 300 1531; x_wconf 86' lang='lat' dir='ltr'>praedoni</span> <span class='ocrx_word' id='word_1_82' title='bbox 317 1479 410 1532; x_wconf 91' lang='lat' dir='ltr'>jure</span> <span class='ocrx_word' id='word_1_83' title='bbox 431 1479 661 1533; x_wconf 72' lang='lat' dir='ltr'>eripuisset.</span> <span class='ocrx_word' id='word_1_84' title='bbox 724 1479 842 1520; x_wconf 77' lang='lat' dir='ltr'>Haec</span> <span class='ocrx_word' id='word_1_85' title='bbox 860 1495 938 1519; x_wconf 77' lang='lat' dir='ltr'>vox</span> <span class='ocrx_word' id='word_1_86' title='bbox 960 1486 1131 1534; x_wconf 84' lang='lat' dir='ltr'>arrepta</span> <span class='ocrx_word' id='word_1_87' title='bbox 1152 1480 1205 1520; x_wconf 85' lang='lat' dir='ltr'>ab</span> <span class='ocrx_word' id='word_1_88' title='bbox 1227 1481 1465 1520; x_wconf 87' lang='lat' dir='ltr'>oratoribus</span> <span class='ocrx_word' id='word_1_89' title='bbox 1486 1488 1550 1521; x_wconf 88' lang='lat' dir='ltr'>est</span> <span class='ocrx_word' id='word_1_90' title='bbox 1572 1486 1617 1522; x_wconf 70' lang='lat' dir='ltr'>et,</span> 
     </span>
     <span class='ocr_line' id='line_1_13' title="bbox 101 1534 1615 1587; baseline 0.003 -15"><span class='ocrx_word' id='word_1_91' title='bbox 101 1534 281 1587; x_wconf 69' lang='lat' dir='ltr'>explosa.</span> <span class='ocrx_word' id='word_1_92' title='bbox 305 1549 386 1574; x_wconf 94' lang='lat' dir='ltr'>non</span> <span class='ocrx_word' id='word_1_93' title='bbox 418 1535 517 1575; x_wconf 83' lang='lat' dir='ltr'>dare</span> <span class='ocrx_word' id='word_1_94' title='bbox 539 1536 868 1576; x_wconf 77' lang='lat' dir='ltr'>Atheniensibus</span> <span class='ocrx_word' id='word_1_95' title='bbox 890 1536 1187 1583; x_wconf 68' lang='lat' dir='ltr'>Halonnesum.</span> <span class='ocrx_word' id='word_1_96' title='bbox 1213 1537 1284 1576; x_wconf 88' lang='lat' dir='ltr'>sed</span> <span class='ocrx_word' id='word_1_97' title='bbox 1320 1537 1494 1577; x_wconf 86' lang='lat' dir='ltr'>reddere</span> <span class='ocrx_word' id='word_1_98' title='bbox 1517 1537 1615 1577; x_wconf 76' lang='lat' dir='ltr'>Phi-</span> 
     </span>
     <span class='ocr_line' id='line_1_14' title="bbox 99 1589 1616 1645; baseline 0.004 -17"><span class='ocrx_word' id='word_1_99' title='bbox 99 1589 256 1643; x_wconf 88' lang='lat' dir='ltr'>lippum</span> <span class='ocrx_word' id='word_1_100' title='bbox 290 1596 483 1645; x_wconf 81' lang='lat' dir='ltr'>oportere</span> <span class='ocrx_word' id='word_1_101' title='bbox 519 1592 765 1632; x_wconf 81' lang='lat' dir='ltr'>dicentibus.</span> <span class='ocrx_word' id='word_1_102' title='bbox 827 1593 918 1644; x_wconf 81' lang='lat' dir='ltr'>Qua</span> <span class='ocrx_word' id='word_1_103' title='bbox 952 1593 1003 1632; x_wconf 87' lang='lat' dir='ltr'>de</span> <span class='ocrx_word' id='word_1_104' title='bbox 1038 1607 1082 1632; x_wconf 91' lang='lat' dir='ltr'>re</span> <span class='ocrx_word' id='word_1_105' title='bbox 1116 1592 1325 1633; x_wconf 83' lang='lat' dir='ltr'>audienda</span> <span class='ocrx_word' id='word_1_106' title='bbox 1360 1598 1458 1633; x_wconf 81' lang='lat' dir='ltr'>sunt</span> <span class='ocrx_word' id='word_1_107' title='bbox 1489 1594 1616 1634; x_wconf 76' lang='lat' dir='ltr'>verba</span> 
     </span>
     <span class='ocr_line' id='line_1_15' title="bbox 102 1645 1615 1701; baseline 0.004 -17"><span class='ocrx_word' id='word_1_108' title='bbox 102 1645 281 1700; x_wconf 83' lang='lat' dir='ltr'>Philippi</span> <span class='ocrx_word' id='word_1_109' title='bbox 304 1647 344 1686; x_wconf 91' lang='lat' dir='ltr'>in</span> <span class='ocrx_word' id='word_1_110' title='bbox 365 1648 485 1701; x_wconf 80' lang='lat' dir='ltr'>epist.</span> <span class='ocrx_word' id='word_1_111' title='bbox 502 1648 528 1687; x_wconf 92' lang='lat' dir='ltr'>l.</span> <span class='ocrx_word' id='word_1_112' title='bbox 546 1663 576 1688; x_wconf 93' lang='lat' dir='ltr'>s.</span> <span class='ocrx_word' id='word_1_113' title='bbox 595 1663 630 1689; x_wconf 82' lang='lat' dir='ltr'>c.</span> <span class='ocrx_word' id='word_1_114' title='bbox 654 1649 756 1688; x_wconf 83' lang='lat' dir='ltr'>haec</span> <span class='ocrx_word' id='word_1_115' title='bbox 776 1664 783 1687; x_wconf 92' lang='lat'>:</span> <span class='ocrx_word' id='word_1_116' title='bbox 809 1650 1000 1699; x_wconf 76' lang='grc' dir='ltr'>τοσαύτην</span> <span class='ocrx_word' id='word_1_117' title='bbox 1017 1650 1060 1689; x_wconf 86' lang='grc' dir='ltr'>δέ</span> <span class='ocrx_word' id='word_1_118' title='bbox 1078 1666 1152 1698; x_wconf 85' lang='grc' dir='ltr'>μου</span> <span class='ocrx_word' id='word_1_119' title='bbox 1173 1649 1405 1700; x_wconf 78' lang='grc' dir='ltr'>ποιουμένου</span> <span class='ocrx_word' id='word_1_120' title='bbox 1425 1651 1615 1701; x_wconf 85' lang='grc' dir='ltr'>πρόνοιαν</span> 
     </span>
     <span class='ocr_line' id='line_1_16' title="bbox 101 1703 1615 1757; baseline 0.002 -14"><span class='ocrx_word' id='word_1_121' title='bbox 101 1705 165 1751; x_wconf 76' lang='grc' dir='ltr'>τῆς</span> <span class='ocrx_word' id='word_1_122' title='bbox 186 1703 370 1754; x_wconf 83' lang='grc' dir='ltr'>ὑμετέρας</span> <span class='ocrx_word' id='word_1_123' title='bbox 390 1706 551 1751; x_wconf 60' lang='grc' dir='ltr'>πόλεως,</span> <span class='ocrx_word' id='word_1_124' title='bbox 572 1706 632 1745; x_wconf 84' lang='grc' dir='ltr'>καὶ</span> <span class='ocrx_word' id='word_1_125' title='bbox 653 1707 825 1746; x_wconf 73' lang='grc' dir='ltr'>διδόντος</span> <span class='ocrx_word' id='word_1_126' title='bbox 847 1705 939 1755; x_wconf 82' lang='grc' dir='ltr'>αὐτῇ</span> <span class='ocrx_word' id='word_1_127' title='bbox 963 1706 1032 1754; x_wconf 77' lang='grc' dir='ltr'>τὴν</span> <span class='ocrx_word' id='word_1_128' title='bbox 1054 1708 1188 1754; x_wconf 84' lang='grc' dir='ltr'>νῆσον,</span> <span class='ocrx_word' id='word_1_129' title='bbox 1208 1707 1244 1745; x_wconf 84' lang='grc' dir='ltr'>οἱ</span> <span class='ocrx_word' id='word_1_130' title='bbox 1264 1706 1423 1757; x_wconf 87' lang='grc' dir='ltr'>ῥήτορες</span> <span class='ocrx_word' id='word_1_131' title='bbox 1439 1706 1615 1756; x_wconf 85' lang='grc' dir='ltr'>λαμβά-</span> 
     </span>
     <span class='ocr_line' id='line_1_17' title="bbox 101 1761 1614 1812; baseline 0.003 -14"><span class='ocrx_word' id='word_1_132' title='bbox 101 1775 196 1798; x_wconf 87' lang='grc' dir='ltr'>νειν</span> <span class='ocrx_word' id='word_1_133' title='bbox 215 1761 289 1808; x_wconf 81' lang='grc' dir='ltr'>μὲν</span> <span class='ocrx_word' id='word_1_134' title='bbox 310 1761 377 1799; x_wconf 86' lang='grc' dir='ltr'>οὐκ</span> <span class='ocrx_word' id='word_1_135' title='bbox 399 1762 498 1808; x_wconf 44' lang='grc' dir='ltr'>εἴωντ</span> <span class='ocrx_word' id='word_1_136' title='bbox 520 1762 780 1810; x_wconf 79' lang='grc' dir='ltr'>ἀπολαβεῖν</span> <span class='ocrx_word' id='word_1_137' title='bbox 801 1763 841 1800; x_wconf 84' lang='grc' dir='ltr'>δὲ</span> <span class='ocrx_word' id='word_1_138' title='bbox 863 1763 1168 1811; x_wconf 76' lang='grc' dir='ltr'>συνεβούλευον,</span> <span class='ocrx_word' id='word_1_139' title='bbox 1188 1763 1290 1803; x_wconf 86' lang='grc' dir='ltr'>ὅπως</span> <span class='ocrx_word' id='word_1_140' title='bbox 1309 1763 1521 1811; x_wconf 84' lang='grc' dir='ltr'>ὑπομείνας</span> <span class='ocrx_word' id='word_1_141' title='bbox 1540 1764 1614 1812; x_wconf 81' lang='grc' dir='ltr'>μὲν</span> 
     </span>
     <span class='ocr_line' id='line_1_18' title="bbox 99 1814 1613 1869; baseline 0.003 -16"><span class='ocrx_word' id='word_1_142' title='bbox 99 1814 142 1852; x_wconf 85' lang='grc' dir='ltr'>τὸ</span> <span class='ocrx_word' id='word_1_143' title='bbox 164 1817 514 1866; x_wconf 83' lang='grc' dir='ltr'>προστασσόμενον</span> <span class='ocrx_word' id='word_1_144' title='bbox 547 1818 616 1866; x_wconf 84' lang='grc' dir='ltr'>τὴν</span> <span class='ocrx_word' id='word_1_145' title='bbox 639 1818 854 1868; x_wconf 84' lang='grc' dir='ltr'>ἀλλοτρίαν</span> <span class='ocrx_word' id='word_1_146' title='bbox 887 1818 994 1869; x_wconf 85' lang='grc' dir='ltr'>ἔχειν</span> <span class='ocrx_word' id='word_1_147' title='bbox 1027 1819 1221 1869; x_wconf 83' lang='grc' dir='ltr'>ὁμολογῶ,</span> <span class='ocrx_word' id='word_1_148' title='bbox 1244 1818 1295 1867; x_wconf 80' lang='grc' dir='ltr'>μὴ</span> <span class='ocrx_word' id='word_1_149' title='bbox 1322 1818 1549 1869; x_wconf 83' lang='grc' dir='ltr'>προειμένος</span> <span class='ocrx_word' id='word_1_150' title='bbox 1571 1820 1613 1858; x_wconf 84' lang='grc' dir='ltr'>δὲ</span> 
     </span>
     <span class='ocr_line' id='line_1_19' title="bbox 98 1870 1612 1927; baseline 0.003 -18"><span class='ocrx_word' id='word_1_151' title='bbox 98 1870 140 1909; x_wconf 83' lang='grc' dir='ltr'>τὸ</span> <span class='ocrx_word' id='word_1_152' title='bbox 162 1873 306 1923; x_wconf 83' lang='grc' dir='ltr'>χωρίον</span> <span class='ocrx_word' id='word_1_153' title='bbox 326 1874 495 1914; x_wconf 82' lang='grc' dir='ltr'>ὕποπτος</span> <span class='ocrx_word' id='word_1_154' title='bbox 516 1873 688 1923; x_wconf 80' lang='grc' dir='ltr'>γένωμαι</span> <span class='ocrx_word' id='word_1_155' title='bbox 720 1875 770 1927; x_wconf 76' lang='grc' dir='ltr'>τῷ</span> <span class='ocrx_word' id='word_1_156' title='bbox 804 1874 956 1923; x_wconf 89' lang='grc' dir='ltr'>πλήθει.</span> <span class='ocrx_word' id='word_1_157' title='bbox 989 1874 1105 1924; x_wconf 82' lang='grc' dir='ltr'>γνοὺς</span> <span class='ocrx_word' id='word_1_158' title='bbox 1134 1875 1211 1924; x_wconf 83' lang='grc' dir='ltr'>ἐγὼ</span> <span class='ocrx_word' id='word_1_159' title='bbox 1232 1877 1351 1913; x_wconf 82' lang='grc' dir='ltr'>ταῦτα</span> <span class='ocrx_word' id='word_1_160' title='bbox 1373 1876 1612 1924; x_wconf 83' lang='grc' dir='ltr'>προυκαλού-</span> 
     </span>
     <span class='ocr_line' id='line_1_20' title="bbox 95 1929 1613 1980; baseline 0.003 -14"><span class='ocrx_word' id='word_1_161' title='bbox 95 1943 171 1974; x_wconf 88' lang='grc' dir='ltr'>μην</span> <span class='ocrx_word' id='word_1_162' title='bbox 194 1931 366 1978; x_wconf 83' lang='grc' dir='ltr'>κριθῆναι</span> <span class='ocrx_word' id='word_1_163' title='bbox 387 1929 474 1978; x_wconf 82' lang='grc' dir='ltr'>περὶ</span> <span class='ocrx_word' id='word_1_164' title='bbox 493 1930 639 1968; x_wconf 83' lang='grc' dir='ltr'>τούτων</span> <span class='ocrx_word' id='word_1_165' title='bbox 659 1930 753 1979; x_wconf 83' lang='grc' dir='ltr'>πρὸς</span> <span class='ocrx_word' id='word_1_166' title='bbox 773 1931 880 1978; x_wconf 69' lang='grc' dir='ltr'>ὑμᾶς,</span> <span class='ocrx_word' id='word_1_167' title='bbox 905 1929 951 1969; x_wconf 82' lang='grc' dir='ltr'>ἵν’</span> <span class='ocrx_word' id='word_1_168' title='bbox 976 1931 1010 1968; x_wconf 87' lang='grc' dir='ltr'>εἷ</span> <span class='ocrx_word' id='word_1_169' title='bbox 1028 1931 1100 1978; x_wconf 80' lang='grc' dir='ltr'>μὲν</span> <span class='ocrx_word' id='word_1_170' title='bbox 1122 1930 1190 1979; x_wconf 80' lang='grc' dir='ltr'>ἐμὴ</span> <span class='ocrx_word' id='word_1_171' title='bbox 1212 1932 1381 1980; x_wconf 67' lang='grc' dir='ltr'>γνωσθῇ,</span> <span class='ocrx_word' id='word_1_172' title='bbox 1405 1929 1492 1980; x_wconf 86' lang='grc' dir='ltr'>παρ’</span> <span class='ocrx_word' id='word_1_173' title='bbox 1516 1931 1613 1979; x_wconf 79' lang='grc' dir='ltr'>ἐμοῦ</span> 
     </span>
     <span class='ocr_line' id='line_1_21' title="bbox 97 1983 1611 2039; baseline 0.003 -18"><span class='ocrx_word' id='word_1_174' title='bbox 97 1983 190 2038; x_wconf 82' lang='grc' dir='ltr'>δοθῇ</span> <span class='ocrx_word' id='word_1_175' title='bbox 211 1983 254 2022; x_wconf 83' lang='grc' dir='ltr'>τὸ</span> <span class='ocrx_word' id='word_1_176' title='bbox 274 1985 420 2036; x_wconf 82' lang='grc' dir='ltr'>χωρίον</span> <span class='ocrx_word' id='word_1_177' title='bbox 440 1986 541 2033; x_wconf 76' lang='grc' dir='ltr'>ὑμῖν,</span> <span class='ocrx_word' id='word_1_178' title='bbox 561 1986 629 2024; x_wconf 81' lang='grc' dir='ltr'>ἐὰν</span> <span class='ocrx_word' id='word_1_179' title='bbox 651 1987 691 2025; x_wconf 84' lang='grc' dir='ltr'>δὲ</span> <span class='ocrx_word' id='word_1_180' title='bbox 712 1985 879 2036; x_wconf 84' lang='grc' dir='ltr'>ὑμετέρα</span> <span class='ocrx_word' id='word_1_181' title='bbox 902 1988 1020 2039; x_wconf 81' lang='grc' dir='ltr'>κριθῇ,</span> <span class='ocrx_word' id='word_1_182' title='bbox 1044 1987 1131 2024; x_wconf 84' lang='grc' dir='ltr'>τότε</span> <span class='ocrx_word' id='word_1_183' title='bbox 1154 1987 1282 2024; x_wconf 81' lang='grc' dir='ltr'>ἀποδῶ</span> <span class='ocrx_word' id='word_1_184' title='bbox 1300 1987 1349 2039; x_wconf 72' lang='grc' dir='ltr'>τῷ</span> <span class='ocrx_word' id='word_1_185' title='bbox 1373 1985 1490 2039; x_wconf 76' lang='grc' dir='ltr'>δήμῳ.</span> <span class='ocrx_word' id='word_1_186' title='bbox 1523 1989 1611 2025; x_wconf 86' lang='grc' dir='ltr'>ταῦ-</span> 
     </span>
     <span class='ocr_line' id='line_1_22' title="bbox 96 2038 1610 2095; baseline 0.003 -18"><span class='ocrx_word' id='word_1_187' title='bbox 96 2053 143 2077; x_wconf 88' lang='grc' dir='ltr'>τα</span> <span class='ocrx_word' id='word_1_188' title='bbox 164 2038 193 2078; x_wconf 84' lang='grc' dir='ltr'>δ’</span> <span class='ocrx_word' id='word_1_189' title='bbox 218 2041 311 2089; x_wconf 84' lang='grc' dir='ltr'>ἐμοῦ</span> <span class='ocrx_word' id='word_1_190' title='bbox 331 2040 524 2082; x_wconf 87' lang='grc' dir='ltr'>πολλάκις</span> <span class='ocrx_word' id='word_1_191' title='bbox 555 2040 752 2089; x_wconf 78' lang='grc' dir='ltr'>ἀξιοῦντος</span> <span class='ocrx_word' id='word_1_192' title='bbox 784 2043 890 2090; x_wconf 83' lang='grc' dir='ltr'>ὑμεῖς</span> <span class='ocrx_word' id='word_1_193' title='bbox 919 2043 991 2091; x_wconf 81' lang='grc' dir='ltr'>μὲν</span> <span class='ocrx_word' id='word_1_194' title='bbox 1013 2042 1056 2080; x_wconf 83' lang='grc' dir='ltr'>οὐ</span> <span class='ocrx_word' id='word_1_195' title='bbox 1078 2043 1321 2092; x_wconf 82' lang='grc' dir='ltr'>προσείχετε.</span> <span class='ocrx_word' id='word_1_196' title='bbox 1385 2041 1451 2080; x_wconf 81' lang='lat' dir='ltr'>Sic</span> <span class='ocrx_word' id='word_1_197' title='bbox 1482 2041 1610 2095; x_wconf 80' lang='lat' dir='ltr'>igitur</span> 
     </span>
     <span class='ocr_line' id='line_1_23' title="bbox 96 2096 1610 2151; baseline 0.003 -18"><span class='ocrx_word' id='word_1_198' title='bbox 96 2107 222 2146; x_wconf 91' lang='lat' dir='ltr'>quum</span> <span class='ocrx_word' id='word_1_199' title='bbox 242 2096 514 2149; x_wconf 78' lang='lat' dir='ltr'>pertinaciter</span> <span class='ocrx_word' id='word_1_200' title='bbox 541 2097 842 2150; x_wconf 81' lang='lat' dir='ltr'>possessionem</span> <span class='ocrx_word' id='word_1_201' title='bbox 872 2102 1135 2150; x_wconf 85' lang='lat' dir='ltr'>reposcerent</span> <span class='ocrx_word' id='word_1_202' title='bbox 1160 2097 1451 2143; x_wconf 74' lang='lat' dir='ltr'>Athenienses.</span> <span class='ocrx_word' id='word_1_203' title='bbox 1476 2097 1610 2151; x_wconf 85' lang='lat' dir='ltr'>Pepa—</span> 
     </span>
     <span class='ocr_line' id='line_1_24' title="bbox 95 2151 1610 2207; baseline 0.003 -19"><span class='ocrx_word' id='word_1_204' title='bbox 95 2151 218 2190; x_wconf 84' lang='lat' dir='ltr'>rethii</span> <span class='ocrx_word' id='word_1_205' title='bbox 234 2151 476 2192; x_wconf 83' lang='lat' dir='ltr'>Halonneso</span> <span class='ocrx_word' id='word_1_206' title='bbox 497 2152 629 2201; x_wconf 71' lang='lat' dir='ltr'>vicini.</span> <span class='ocrx_word' id='word_1_207' title='bbox 652 2153 705 2192; x_wconf 85' lang='lat' dir='ltr'>ab</span> <span class='ocrx_word' id='word_1_208' title='bbox 728 2153 786 2192; x_wconf 87' lang='lat' dir='ltr'>eis</span> <span class='ocrx_word' id='word_1_209' title='bbox 807 2153 918 2193; x_wconf 83' lang='lat' dir='ltr'>haud</span> <span class='ocrx_word' id='word_1_210' title='bbox 941 2153 1064 2192; x_wconf 88' lang='lat' dir='ltr'>dubie</span> <span class='ocrx_word' id='word_1_211' title='bbox 1086 2152 1273 2206; x_wconf 78' lang='lat' dir='ltr'>instigati</span> <span class='ocrx_word' id='word_1_212' title='bbox 1300 2153 1433 2206; x_wconf 86' lang='lat' dir='ltr'>captis</span> <span class='ocrx_word' id='word_1_213' title='bbox 1453 2153 1610 2207; x_wconf 88' lang='lat' dir='ltr'>Philip-</span> 
     </span>
     <span class='ocr_line' id='line_1_25' title="bbox 95 2205 1608 2263; baseline 0.004 -19"><span class='ocrx_word' id='word_1_214' title='bbox 95 2205 147 2258; x_wconf 85' lang='lat' dir='ltr'>pi,</span> <span class='ocrx_word' id='word_1_215' title='bbox 172 2207 241 2260; x_wconf 85' lang='lat' dir='ltr'>qui</span> <span class='ocrx_word' id='word_1_216' title='bbox 262 2207 439 2247; x_wconf 86' lang='lat' dir='ltr'>insulam</span> <span class='ocrx_word' id='word_1_217' title='bbox 464 2209 704 2256; x_wconf 72' lang='lat' dir='ltr'>tuebantur.</span> <span class='ocrx_word' id='word_1_218' title='bbox 728 2209 991 2249; x_wconf 83' lang='lat' dir='ltr'>mercenariis</span> <span class='ocrx_word' id='word_1_219' title='bbox 1023 2208 1099 2262; x_wconf 87' lang='lat' dir='ltr'>ipsi</span> <span class='ocrx_word' id='word_1_220' title='bbox 1123 2208 1411 2248; x_wconf 78' lang='lat' dir='ltr'>Halonnesum</span> <span class='ocrx_word' id='word_1_221' title='bbox 1433 2224 1608 2263; x_wconf 83' lang='lat' dir='ltr'>occupa-</span> 
     </span>
     <span class='ocr_line' id='line_1_26' title="bbox 95 2263 1608 2319; baseline 0.003 -19"><span class='ocrx_word' id='word_1_222' title='bbox 95 2268 204 2302; x_wconf 87' lang='lat' dir='ltr'>runt.</span> <span class='ocrx_word' id='word_1_223' title='bbox 267 2263 392 2317; x_wconf 84' lang='lat' dir='ltr'>Cujus</span> <span class='ocrx_word' id='word_1_224' title='bbox 427 2265 621 2304; x_wconf 84' lang='lat' dir='ltr'>facinoris</span> <span class='ocrx_word' id='word_1_225' title='bbox 662 2279 839 2318; x_wconf 88' lang='lat' dir='ltr'>poenam</span> <span class='ocrx_word' id='word_1_226' title='bbox 879 2273 1072 2319; x_wconf 83' lang='lat' dir='ltr'>repetens</span> <span class='ocrx_word' id='word_1_227' title='bbox 1109 2265 1325 2319; x_wconf 89' lang='lat' dir='ltr'>Philippus</span> <span class='ocrx_word' id='word_1_228' title='bbox 1361 2280 1410 2305; x_wconf 80' lang='lat' dir='ltr'>ea</span> <span class='ocrx_word' id='word_1_229' title='bbox 1445 2265 1608 2306; x_wconf 87' lang='lat' dir='ltr'>ratione</span> 
     </span>
     <span class='ocr_line' id='line_1_27' title="bbox 98 2316 1608 2375; baseline 0.003 -20"><span class='ocrx_word' id='word_1_230' title='bbox 98 2316 380 2371; x_wconf 83' lang='lat' dir='ltr'>Peparethum</span> <span class='ocrx_word' id='word_1_231' title='bbox 413 2321 626 2369; x_wconf 70' lang='lat' dir='ltr'>tractavit.</span> <span class='ocrx_word' id='word_1_232' title='bbox 649 2336 755 2374; x_wconf 86' lang='lat' dir='ltr'>quae</span> <span class='ocrx_word' id='word_1_233' title='bbox 786 2322 921 2361; x_wconf 82' lang='lat' dir='ltr'>verbis</span> <span class='ocrx_word' id='word_1_234' title='bbox 955 2336 1012 2361; x_wconf 87' lang='lat' dir='ltr'>or.</span> <span class='ocrx_word' id='word_1_235' title='bbox 1049 2321 1099 2361; x_wconf 91' lang='lat' dir='ltr'>de</span> <span class='ocrx_word' id='word_1_236' title='bbox 1131 2335 1216 2361; x_wconf 89' lang='lat' dir='ltr'>cor.</span> <span class='ocrx_word' id='word_1_237' title='bbox 1250 2336 1289 2375; x_wconf 93' lang='lat' dir='ltr'>p.</span> <span class='ocrx_word' id='word_1_238' title='bbox 1319 2322 1409 2371; x_wconf 64' lang='lat'>2482</span> <span class='ocrx_word' id='word_1_239' title='bbox 1432 2335 1485 2374; x_wconf 61' lang='lat'>5..</span> <span class='ocrx_word' id='word_1_240' title='bbox 1521 2321 1608 2375; x_wconf 89' lang='lat' dir='ltr'>qui-</span> 
     </span>
     <span class='ocr_line' id='line_1_28' title="bbox 94 2373 1607 2431; baseline 0.004 -19"><span class='ocrx_word' id='word_1_241' title='bbox 94 2373 265 2414; x_wconf 83' lang='lat' dir='ltr'>buscum</span> <span class='ocrx_word' id='word_1_242' title='bbox 301 2376 389 2429; x_wconf 85' lang='lat' dir='ltr'>ipse</span> <span class='ocrx_word' id='word_1_243' title='bbox 423 2376 643 2431; x_wconf 89' lang='lat' dir='ltr'>Philippus</span> <span class='ocrx_word' id='word_1_244' title='bbox 676 2378 797 2431; x_wconf 91' lang='lat' dir='ltr'>epist.</span> <span class='ocrx_word' id='word_1_245' title='bbox 830 2377 854 2417; x_wconf 93' lang='lat' dir='ltr'>l.</span> <span class='ocrx_word' id='word_1_246' title='bbox 893 2392 926 2417; x_wconf 88' lang='lat' dir='ltr'>c.</span> <span class='ocrx_word' id='word_1_247' title='bbox 963 2377 1188 2431; x_wconf 82' lang='lat' dir='ltr'>conspirat.</span> <span class='ocrx_word' id='word_1_248' title='bbox 1228 2377 1451 2417; x_wconf 84' lang='lat' dir='ltr'>indicatur.</span> <span class='ocrx_word' id='word_1_249' title='bbox 1515 2378 1607 2428; x_wconf 78' lang='lat' dir='ltr'>Quo</span> 
     </span>
     <span class='ocr_line' id='line_1_29' title="bbox 93 2428 1606 2487; baseline 0.003 -19"><span class='ocrx_word' id='word_1_250' title='bbox 93 2428 204 2470; x_wconf 86' lang='lat' dir='ltr'>facto</span> <span class='ocrx_word' id='word_1_251' title='bbox 225 2433 463 2473; x_wconf 82' lang='lat' dir='ltr'>exacerbati</span> <span class='ocrx_word' id='word_1_252' title='bbox 492 2433 580 2486; x_wconf 87' lang='lat' dir='ltr'>jam</span> <span class='ocrx_word' id='word_1_253' title='bbox 603 2433 883 2474; x_wconf 84' lang='lat' dir='ltr'>Athenienses</span> <span class='ocrx_word' id='word_1_254' title='bbox 915 2448 1036 2487; x_wconf 92' lang='lat' dir='ltr'>quem</span> <span class='ocrx_word' id='word_1_255' title='bbox 1058 2440 1148 2473; x_wconf 90' lang='lat' dir='ltr'>tum</span> <span class='ocrx_word' id='word_1_256' title='bbox 1180 2433 1222 2472; x_wconf 86' lang='lat' dir='ltr'>in</span> <span class='ocrx_word' id='word_1_257' title='bbox 1246 2433 1520 2487; x_wconf 89' lang='lat' dir='ltr'>Hellesponto</span> <span class='ocrx_word' id='word_1_258' title='bbox 1541 2448 1606 2473; x_wconf 91' lang='lat' dir='ltr'>co-</span> 
     </span>
     <span class='ocr_line' id='line_1_30' title="bbox 93 2485 1605 2543; baseline 0.003 -19"><span class='ocrx_word' id='word_1_259' title='bbox 93 2485 170 2537; x_wconf 90' lang='lat' dir='ltr'>piis</span> <span class='ocrx_word' id='word_1_260' title='bbox 204 2487 288 2527; x_wconf 88' lang='lat' dir='ltr'>suis</span> <span class='ocrx_word' id='word_1_261' title='bbox 319 2489 607 2541; x_wconf 82' lang='lat' dir='ltr'>praefecerant</span> <span class='ocrx_word' id='word_1_262' title='bbox 643 2489 948 2543; x_wconf 64' lang='lat' dir='ltr'>imperatorem.</span> <span class='ocrx_word' id='word_1_263' title='bbox 976 2495 1021 2529; x_wconf 88' lang='lat' dir='ltr'>ut</span> <span class='ocrx_word' id='word_1_264' title='bbox 1058 2489 1288 2529; x_wconf 80' lang='lat' dir='ltr'>vindictam</span> <span class='ocrx_word' id='word_1_265' title='bbox 1327 2490 1377 2529; x_wconf 91' lang='lat' dir='ltr'>de</span> <span class='ocrx_word' id='word_1_266' title='bbox 1410 2489 1605 2542; x_wconf 92' lang='lat' dir='ltr'>Philippo</span> 
     </span>
     <span class='ocr_line' id='line_1_31' title="bbox 93 2543 1606 2600; baseline 0.004 -21"><span class='ocrx_word' id='word_1_267' title='bbox 93 2548 284 2590; x_wconf 70' lang='lat' dir='ltr'>sumeret7</span> <span class='ocrx_word' id='word_1_268' title='bbox 305 2543 569 2598; x_wconf 88' lang='lat' dir='ltr'>impulerunt.</span> <span class='ocrx_word' id='word_1_269' title='bbox 631 2545 685 2584; x_wconf 78' lang='lat' dir='ltr'>V.</span> <span class='ocrx_word' id='word_1_270' title='bbox 710 2546 818 2585; x_wconf 91' lang='lat' dir='ltr'>Phil.</span> <span class='ocrx_word' id='word_1_271' title='bbox 840 2546 961 2600; x_wconf 89' lang='lat' dir='ltr'>epist.</span> <span class='ocrx_word' id='word_1_272' title='bbox 984 2545 1009 2584; x_wconf 92' lang='lat' dir='ltr'>l.</span> <span class='ocrx_word' id='word_1_273' title='bbox 1033 2560 1067 2585; x_wconf 83' lang='lat' dir='ltr'>c.</span> <span class='ocrx_word' id='word_1_274' title='bbox 1131 2544 1221 2584; x_wconf 89' lang='lat' dir='ltr'>Tali</span> <span class='ocrx_word' id='word_1_275' title='bbox 1252 2545 1376 2584; x_wconf 90' lang='lat' dir='ltr'>modo</span> <span class='ocrx_word' id='word_1_276' title='bbox 1408 2559 1474 2584; x_wconf 87' lang='lat' dir='ltr'>res</span> <span class='ocrx_word' id='word_1_277' title='bbox 1500 2544 1606 2585; x_wconf 80' lang='lat' dir='ltr'>istae</span> 
     </span>
     <span class='ocr_line' id='line_1_32' title="bbox 95 2595 1351 2653; baseline 0.003 -18"><span class='ocrx_word' id='word_1_278' title='bbox 95 2595 206 2637; x_wconf 83' lang='lat' dir='ltr'>haud</span> <span class='ocrx_word' id='word_1_279' title='bbox 227 2599 423 2653; x_wconf 78' lang='lat' dir='ltr'>exiguum</span> <span class='ocrx_word' id='word_1_280' title='bbox 444 2601 729 2641; x_wconf 82' lang='lat' dir='ltr'>exardescenti</span> <span class='ocrx_word' id='word_1_281' title='bbox 751 2601 858 2641; x_wconf 85' lang='lat' dir='ltr'>bello</span> <span class='ocrx_word' id='word_1_282' title='bbox 880 2609 1138 2640; x_wconf 86' lang='lat' dir='ltr'>momentum</span> <span class='ocrx_word' id='word_1_283' title='bbox 1159 2600 1351 2640; x_wconf 84' lang='lat' dir='ltr'>attulere.</span> 
     </span>
    </p>

    <p class='ocr_par' dir='ltr' id='par_1_4' title="bbox 91 2654 1605 2987">
     <span class='ocr_line' id='line_1_33' title="bbox 150 2654 1605 2710; baseline 0.001 -17"><span class='ocrx_word' id='word_1_284' title='bbox 150 2659 173 2675; x_wconf 81' lang='grc'>“</span> <span class='ocrx_word' id='word_1_285' title='bbox 195 2654 224 2693; x_wconf 85' lang='lat' dir='ltr'><strong>J</strong></span> <span class='ocrx_word' id='word_1_286' title='bbox 227 2669 295 2694; x_wconf 88' lang='lat' dir='ltr'>am</span> <span class='ocrx_word' id='word_1_287' title='bbox 317 2656 427 2708; x_wconf 89' lang='lat' dir='ltr'>quod</span> <span class='ocrx_word' id='word_1_288' title='bbox 458 2657 512 2695; x_wconf 86' lang='lat' dir='ltr'>ad</span> <span class='ocrx_word' id='word_1_289' title='bbox 542 2662 732 2710; x_wconf 86' lang='lat' dir='ltr'>tempora</span> <span class='ocrx_word' id='word_1_290' title='bbox 763 2657 929 2704; x_wconf 72' lang='lat' dir='ltr'>attinet.</span> <span class='ocrx_word' id='word_1_291' title='bbox 953 2656 1101 2709; x_wconf 89' lang='lat' dir='ltr'>quibus</span> <span class='ocrx_word' id='word_1_292' title='bbox 1132 2661 1174 2695; x_wconf 92' lang='lat' dir='ltr'>et</span> <span class='ocrx_word' id='word_1_293' title='bbox 1199 2655 1464 2695; x_wconf 87' lang='lat' dir='ltr'>Halonnesus</span> <span class='ocrx_word' id='word_1_294' title='bbox 1486 2669 1605 2696; x_wconf 91' lang='lat' dir='ltr'>occu-</span> 
     </span>
     <span class='ocr_line' id='line_1_34' title="bbox 92 2710 1604 2764; baseline 0.001 -16"><span class='ocrx_word' id='word_1_295' title='bbox 92 2714 190 2760; x_wconf 78' lang='lat' dir='ltr'>pata</span> <span class='ocrx_word' id='word_1_296' title='bbox 213 2710 266 2750; x_wconf 90' lang='lat' dir='ltr'>sit</span> <span class='ocrx_word' id='word_1_297' title='bbox 289 2725 313 2750; x_wconf 86' lang='lat' dir='ltr'>a</span> <span class='ocrx_word' id='word_1_298' title='bbox 337 2711 530 2764; x_wconf 88' lang='lat' dir='ltr'>Philippo</span> <span class='ocrx_word' id='word_1_299' title='bbox 551 2718 592 2751; x_wconf 91' lang='lat' dir='ltr'>et</span> <span class='ocrx_word' id='word_1_300' title='bbox 618 2712 879 2764; x_wconf 82' lang='lat' dir='ltr'>Peparethus</span> <span class='ocrx_word' id='word_1_301' title='bbox 911 2713 1141 2751; x_wconf 80' lang='lat' dir='ltr'>devastata.</span> <span class='ocrx_word' id='word_1_302' title='bbox 1166 2725 1225 2750; x_wconf 87' lang='lat' dir='ltr'>ea.</span> <span class='ocrx_word' id='word_1_303' title='bbox 1250 2725 1501 2764; x_wconf 83' lang='lat' dir='ltr'>quamqualn</span> <span class='ocrx_word' id='word_1_304' title='bbox 1522 2725 1604 2751; x_wconf 90' lang='lat' dir='ltr'>non</span> 
     </span>
     <span class='ocr_line' id='line_1_35' title="bbox 91 2763 1602 2821; baseline 0.001 -18"><span class='ocrx_word' id='word_1_305' title='bbox 91 2763 194 2803; x_wconf 82' lang='lat' dir='ltr'>adeo</span> <span class='ocrx_word' id='word_1_306' title='bbox 215 2771 422 2814; x_wconf 70' lang='lat' dir='ltr'>accurate,</span> <span class='ocrx_word' id='word_1_307' title='bbox 446 2767 607 2806; x_wconf 84' lang='lat' dir='ltr'>definiri</span> <span class='ocrx_word' id='word_1_308' title='bbox 630 2773 770 2806; x_wconf 80' lang='lat' dir='ltr'>tamen</span> <span class='ocrx_word' id='word_1_309' title='bbox 791 2775 963 2821; x_wconf 87' lang='lat' dir='ltr'>possunt</span> <span class='ocrx_word' id='word_1_310' title='bbox 987 2781 1037 2806; x_wconf 81' lang='lat' dir='ltr'>ex</span> <span class='ocrx_word' id='word_1_311' title='bbox 1063 2766 1251 2806; x_wconf 82' lang='lat' dir='ltr'>oratione</span> <span class='ocrx_word' id='word_1_312' title='bbox 1274 2767 1325 2805; x_wconf 93' lang='lat' dir='ltr'>de</span> <span class='ocrx_word' id='word_1_313' title='bbox 1348 2766 1602 2815; x_wconf 79' lang='lat' dir='ltr'>Halonneso‚</span> 
     </span>
     <span class='ocr_line' id='line_1_36' title="bbox 93 2818 1604 2876; baseline 0.003 -18"><span class='ocrx_word' id='word_1_314' title='bbox 93 2818 201 2859; x_wconf 90' lang='lat' dir='ltr'>inter</span> <span class='ocrx_word' id='word_1_315' title='bbox 219 2821 515 2862; x_wconf 88' lang='lat' dir='ltr'>Demosthenis</span> <span class='ocrx_word' id='word_1_316' title='bbox 537 2823 747 2862; x_wconf 87' lang='lat' dir='ltr'>orationes</span> <span class='ocrx_word' id='word_1_317' title='bbox 770 2828 949 2876; x_wconf 78' lang='lat' dir='ltr'>recepta.</span> <span class='ocrx_word' id='word_1_318' title='bbox 968 2828 1022 2864; x_wconf 84' lang='lat' dir='ltr'>et.</span> <span class='ocrx_word' id='word_1_319' title='bbox 1042 2837 1165 2875; x_wconf 84' lang='lat' dir='ltr'>quam</span> <span class='ocrx_word' id='word_1_320' title='bbox 1189 2822 1353 2875; x_wconf 82' lang='lat' dir='ltr'>saepius</span> <span class='ocrx_word' id='word_1_321' title='bbox 1375 2836 1500 2876; x_wconf 73' lang='lat' dir='ltr'>suprav</span> <span class='ocrx_word' id='word_1_322' title='bbox 1520 2836 1604 2862; x_wconf 90' lang='lat' dir='ltr'>me-</span> 
     </span>
     <span class='ocr_line' id='line_1_37' title="bbox 92 2876 1603 2932; baseline 0.004 -20"><span class='ocrx_word' id='word_1_323' title='bbox 92 2876 352 2923; x_wconf 72' lang='lat' dir='ltr'>moravimus.</span> <span class='ocrx_word' id='word_1_324' title='bbox 379 2878 561 2931; x_wconf 89' lang='lat' dir='ltr'>Philippi</span> <span class='ocrx_word' id='word_1_325' title='bbox 585 2878 771 2932; x_wconf 83' lang='lat' dir='ltr'>epistola.</span> <span class='ocrx_word' id='word_1_326' title='bbox 835 2879 977 2918; x_wconf 89' lang='lat' dir='ltr'>Prima</span> <span class='ocrx_word' id='word_1_327' title='bbox 1000 2877 1153 2917; x_wconf 85' lang='lat' dir='ltr'>etenim</span> <span class='ocrx_word' id='word_1_328' title='bbox 1178 2878 1406 2917; x_wconf 86' lang='lat' dir='ltr'>Halonnesi</span> <span class='ocrx_word' id='word_1_329' title='bbox 1431 2892 1603 2931; x_wconf 86' lang='lat' dir='ltr'>occupa-</span> 
     </span>
     <span class='ocr_line' id='line_1_38' title="bbox 93 2933 1601 2987; baseline 0.002 -17"><span class='ocrx_word' id='word_1_330' title='bbox 93 2934 159 2970; x_wconf 81' lang='lat' dir='ltr'>tae</span> <span class='ocrx_word' id='word_1_331' title='bbox 187 2933 491 2987; x_wconf 80' lang='lat' dir='ltr'>praecipuaque</span> <span class='ocrx_word' id='word_1_332' title='bbox 512 2934 668 2974; x_wconf 82' lang='lat' dir='ltr'>mentio</span> <span class='ocrx_word' id='word_1_333' title='bbox 691 2934 731 2974; x_wconf 92' lang='lat' dir='ltr'>in</span> <span class='ocrx_word' id='word_1_334' title='bbox 754 2950 801 2974; x_wconf 86' lang='lat' dir='ltr'>ca</span> <span class='ocrx_word' id='word_1_335' title='bbox 823 2934 868 2974; x_wconf 85' lang='lat' dir='ltr'>fit</span> <span class='ocrx_word' id='word_1_336' title='bbox 893 2934 1094 2974; x_wconf 82' lang='lat' dir='ltr'>oratione.</span> <span class='ocrx_word' id='word_1_337' title='bbox 1119 2948 1224 2987; x_wconf 84' lang='lat' dir='ltr'>quae</span> <span class='ocrx_word' id='word_1_338' title='bbox 1247 2935 1332 2984; x_wconf 85' lang='grc' dir='ltr'>περὶ</span> <span class='ocrx_word' id='word_1_339' title='bbox 1353 2933 1601 2984; x_wconf 69' lang='grc' dir='ltr'>Ἁλοννήσου</span> 
     </span>
    </p>
   </div>
  </div>
 </body>
</html>
