1934 3179
312 154 396 196 546
718 157 797 197 DE
832 157 1025 198 FALSA
1064 156 1425 197 LEGATIONE.

369 274 465 310 400,
487 274 527 314 5.
552 262 1056 315 Οὕτωᾳπεπρεσβευκὼς]
1092 262 1200 312 Quid
1226 262 1331 301 hoc?
1364 262 1424 300 καὶ
1447 263 1580 300 πολλὰ
1603 261 1664 300 καὶ
1685 261 1821 301 πάντα.

314 315 492 356 Necesse
510 322 573 357 est
590 322 637 357 ut
654 317 710 357 sit
730 317 886 370 aliquid
910 317 1167 371 hujusmodi:
1201 319 1313 357 Οὕτω
1330 318 1460 356 τοίνυν
1479 319 1624 368 αἰσχρὰ
1642 317 1701 356 καὶ
1718 319 1825 356 δεινὰ

311 372 440 412 πάντα
454 373 535 413 καθ’
546 375 650 423 ὑμῶν
662 375 973 423 πεπρεσβευκώς.
1000 373 1260 413 TAYLOR.
1303 372 1523 413 Sententia
1537 372 1613 411 loci
1627 372 1729 412 haec
1743 378 1823 412 est:

314 428 577 482 Quamquam
598 429 738 482 itaque
761 429 991 468 Aeschines
1012 429 1223 483 legatione
1244 444 1319 469 sua
1341 443 1406 468 res
1427 428 1591 482 peregit
1620 430 1656 474 ι)
1680 433 1824 481 turpes

311 498 467 537 easque
488 490 575 524 tam
601 490 745 538 turpes
773 489 901 537 atque
931 485 1225 533 demonstravi,
1250 494 1293 537 2)
1317 499 1486 524 numero
1514 484 1753 537 permultas.
1776 486 1822 537 3)

311 554 536 593 earumque
560 541 726 588 nullam,
751 555 857 593 quae
879 556 900 580 e
922 555 965 580 re
988 546 1127 581 vestra
1149 545 1269 588 esset,
1286 541 1357 580 sed
1379 546 1550 580 cunctas
1573 539 1613 579 in
1635 540 1823 580 fraudem

310 600 506 644 vestram,
529 601 670 636 tamen
693 597 863 636 dictitat
889 602 966 637 etc.
1002 597 1196 636 REISK.
1231 600 1377 650 αἰσχρὰ
1403 597 1465 636 καὶ
1491 599 1623 636 πολλὰ
1651 611 1701 636 ne
1728 611 1821 636 con-

310 651 460 691 fundas
495 666 587 691 cum
614 653 976 706 pervulgatissimo
1010 653 1089 696 illo.
1121 656 1254 693 πολλὰ
1288 654 1348 693 καὶ
1382 652 1539 704 αἰσχρά.
1572 659 1653 691 tam
1683 653 1824 705 turpia

308 721 427 760 eaque
447 714 482 747 et
502 708 628 748 multa
650 715 684 748 et
705 711 908 748 οῃιηιῗα-.
972 709 1221 749 seHAEF.

364 777 461 813 400,
483 777 519 814 7.
544 764 589 814 νὴ
609 766 821 804 Δία-εἴτε
843 765 914 818 μὴ]
940 766 1082 804 Hercle
1104 780 1250 812 accuso,
1273 764 1394 811 velim,
1410 764 1539 804 nolim.
1571 763 1821 804 SOHAEF.

365 832 462 869 400,
491 832 506 858 1
520 833 552 859 Ι.
578 822 653 871 ἐγὼ
675 821 753 859 ὃ’-
767 823 814 859 τὰ
834 821 1043 874 βέλτιστα]
1074 821 1360 875 Hermogenes
1379 837 1385 859 :
1420 821 1481 859 καὶ
1501 820 1632 867 πάλιν,
1652 820 1672 859 ὃ
1695 820 1738 869 δὴ
1761 822 1823 860 καὶ

308 876 440 925 βίαιόν
464 877 548 915 ἐστι
570 878 842 928 διαφερόντως,
868 879 910 916 ἐν
932 880 982 930 τῷ
1005 879 1091 928 περὶ
1113 881 1178 927 τῆς
1198 878 1531 928 παραπρεσβείας,
1557 877 1652 915 οἷον·
1687 877 1762 926 ἐγὼ
1780 878 1822 916 δὲ

308 931 396 970 οὐδὲ
419 932 836 983 συμπεπρεσβευκέναι
866 935 966 984 φημί
990 948 1064 972 σοι’
1098 935 1333 984 πρεσβεύειν
1358 933 1491 982 μέντοι
1518 933 1564 970 σὲ
1589 933 1662 982 μὲν
1688 935 1823 972 πολλὰ

310 988 372 1026 καὶ
393 990 513 1033 δεινὰ,
538 988 704 1038 ἐμαυτὸν
726 990 765 1027 δὲ
787 990 883 1039 ὑπὲρ
909 990 1053 1029 τούτων
1074 990 1279 1039 βέλτιστα.
1342 989 1462 1039 Quod
1485 988 1516 1027 si
1543 1003 1620 1041 par
1641 988 1822 1028 censebi—

308 1056 399 1082 mus
420 1057 520 1092 esse,
540 1049 586 1083 ut
603 1044 693 1084 cola
713 1044 824 1084 inter
845 1060 887 1085 se
904 1045 1021 1098 paria
1039 1045 1120 1086 siut
1143 1050 1185 1086 et
1207 1045 1439 1085 sententiae
1460 1044 1655 1098 utrinque
1676 1044 1822 1097 plenae

307 1103 436 1152 atque
458 1114 597 1139 secum
619 1106 906 1154 congruentes,
930 1106 1026 1154 post
1048 1104 1180 1141 πολλὰ
1209 1103 1269 1141 καὶ
1299 1103 1405 1140 δεινὰ
1426 1100 1550 1140 inseri
1572 1101 1726 1140 debent
1747 1105 1822 1140 aut

308 1156 403 1206 ὑπὲρ
425 1159 500 1194 τῶν
523 1158 673 1208 ἐχθρῶν
694 1162 767 1196 aut
792 1160 885 1196 κατὰ
907 1159 1064 1203 τούτων,
1084 1164 1219 1197 contra
1240 1157 1305 1197 Ιιος
1323 1157 1592 1196 Athenienses.
1625 1156 1818 1196 REISK.

364 1224 460 1261 400.
488 1223 550 1262 17.
584 1212 772 1266 τράπεζα]
808 1213 892 1252 Alii
916 1213 1009 1252 libri
1037 1213 1230 1264 τράπεζαι.
1293 1211 1521 1266 Singularis
1542 1212 1582 1251 in
1605 1212 1678 1252 tali
1699 1227 1820 1266 argu-

308 1272 450 1307 mento
471 1268 651 1307 solennis
673 1273 748 1308 est.
811 1269 943 1309 Nemo
965 1284 1046 1309 non
1072 1269 1307 1309 meminerit
1331 1268 1543 1308 Homerici
1566 1283 1708 1308 versus
1728 1283 1821 1322 pas-

308 1322 385 1362 sim
420 1324 514 1364 lecti
553 1324 595 1363 in
628 1324 841 1378 Odyssea:
875 1328 966 1365 ἴστω
1001 1329 1068 1365 νῦν
1103 1326 1200 1367 Ζεὺς
1235 1330 1366 1376 πρῶτα
1393 1329 1491 1364 θεῶν
1526 1327 1630 1374 ξενίη
1658 1342 1700 1364 τε
1735 1325 1820 1376 τρά-

307 1385 414 1426 πεζα.
477 1380 697 1434 Euripides
721 1381 824 1420 Hec.
851 1384 942 1433 787.
976 1385 1104 1431 κοινῆς
1134 1382 1320 1432 τραπέζης
1348 1380 1538 1422 πολλάκις
1564 1381 1692 1433 τυχὼν
1721 1383 1818 1430 ε’μοί.

309 1435 559 1476 SCHAEF.

364 1493 577 1547 τραγῳδεῖ]
603 1493 657 1532 V.
683 1498 756 1532 not
792 1494 846 1532 ad
868 1508 907 1546 p.
933 1506 1024 1544 229,
1056 1494 1114 1533 18.
1178 1493 1427 1533 SOHAEF.

363 1561 459 1596 400,
489 1550 548 1587 18.
584 1551 745 1602 τούτων]
786 1549 892 1588 Salis
924 1554 1027 1602 puta
1056 1550 1284 1589 communis
1310 1563 1557 1602 mensaeque
1584 1549 1817 1595 convivalis,

308 1603 348 1642 h.
371 1617 405 1643 e.
423 1603 579 1656 jurium
601 1604 814 1644 convictus
835 1605 981 1644 mutui.
1046 1605 1238 1645 REISK.

362 1672 458 1709 400,
485 1672 549 1710 23.
586 1660 674 1700 ἀλλ’
708 1660 1012 1713 ἐὰν-δηλοῦσι]
1048 1660 1191 1701 Oitant
1218 1662 1379 1700 Anecd.
1404 1661 1534 1700 Bekk.
1568 1676 1607 1713 p.
1641 1673 1726 1713 132.
1758 1664 1818 1701 16.

307 1713 557 1755 SGHAEF.

365 1770 510 1824 αὑτῶν]
535 1772 660 1810 αὐτῶν
684 1772 845 1811 Anecd.
870 1772 1001 1811 Bekk.
1063 1772 1313 1813 SCHAEF.

362 1840 459 1877 400,
485 1840 549 1877 24.
583 1830 630 1866 τὰ
651 1828 748 1867 αὐτὰ
774 1829 913 1882 ταῦτα]
951 1828 1135 1867 Subaudi
1163 1830 1272 1868 εἴωθε
1298 1833 1437 1868 ποιεῖν.
1470 1828 1665 1867 REISK.
1698 1829 1818 1868 ταύτὰ

305 1886 426 1922 ταῦτα
459 1883 638 1923 ΒρΙςΙςθικ
699 1884 767 1922 Ab
808 1883 899 1923 aliis
940 1884 1042 1923 haec
1083 1884 1261 1924 formula
1301 1885 1492 1937 expletur
1532 1884 1817 1924 subaudiendo

306 1938 657 1992 praepositionem
686 1939 791 1978 κατά.
857 1939 1060 1979 Frustra:
1093 1940 1274 1993 reliquae
1308 1941 1416 1979 enim
1444 1940 1634 1989 orationi,
1662 1944 1709 1980 ut
1734 1940 1817 1980 alia

305 1994 602 2047 ejusdemmodi
626 2000 787 2042 neutra,
806 1995 864 2035 sic
888 1995 1163 2044 interseritur,
1179 1996 1279 2035 nihil
1301 2001 1347 2035 ut
1369 1996 1582 2036 subaudiri
1605 2000 1814 2049 oporteat.

308 2049 435 2090 Valet
456 2056 598 2091 autem
620 2051 729 2091 idem
747 2052 855 2104 quod
875 2053 1056 2092 ὡσαύτως
1073 2054 1203 2094 οὕτως.
1264 2052 1457 2092 Ceterum
1481 2057 1576 2105 post
1592 2055 1712 2091 ταῦτα
1734 2067 1816 2091 non

306 2105 708 2160 interpungendum:
743 2107 895 2162 quippe
925 2108 1027 2147 haec
1059 2108 1235 2148 formula
1267 2123 1360 2148 cum
1390 2108 1658 2161 sequentibus
1684 2108 1816 2148 coale-

305 2162 396 2202 scit.
460 2163 711 2203 SGHAEF.

363 2218 570 2272 εἰσιτήρια]
617 2219 721 2258 Mid.
755 2234 793 2272 p.
827 2231 923 2272 552.
960 2220 1121 2270 §.147
1168 2222 1276 2259 εἴασε
1310 2220 1381 2270 μέν
1414 2237 1462 2269 με
1499 2219 1685 2270 εἰσιτήρια
1719 2221 1815 2271 ὑπὲρ

305 2276 370 2322 τῆς
401 2277 548 2323 βουλῆς
579 2276 820 2325 ἱεροποιῆσαι
851 2275 912 2314 καὶ
944 2278 1058 2314 θῦσαι
1093 2276 1153 2314 καὶ
1185 2275 1446 2326 κατάρξασθαι
1476 2280 1552 2315 τῶν
1583 2277 1694 2326 ἱερῶν
1719 2277 1814 2326 ὑπὲρ

304 2330 408 2378 ὑμῶν
432 2330 493 2368 καὶ
519 2331 612 2379 ὅλης
639 2333 703 2379 τῆς
728 2332 892 2371 πόλεως·
925 2331 1060 2369 where
1083 2331 1263 2384 Ulpian:
1298 2331 1482 2382 εἶσιτήρια
1509 2333 1698 2383 ἐγίγνετο,
1720 2337 1814 2381 μελ-

304 2385 451 2434 λούσης
473 2386 636 2424 εἰσιέναι
663 2388 728 2434 τῆς
754 2389 903 2435 βουλῆς
936 2388 990 2427 εἰς
1017 2386 1060 2425 τὸ
1086 2386 1380 2436 βουλευτήριον,
1405 2388 1506 2426 ὥστε
1535 2389 1631 2426 κατὰ
1658 2389 1815 2438 γνώμην

305 2441 524 2489 ἀπαντῆσαι
545 2445 620 2479 τῶν
640 2441 875 2493 πραγμάτων
901 2441 969 2490 τὴν
996 2441 1155 2492 σκέψιν.
1217 2442 1284 2481 He
1312 2456 1406 2495 says
1427 2456 1479 2482 On
1500 2442 1585 2482 this
1612 2457 1812 2496 passage:

305 2500 530 2546 προηγεῖται
553 2498 750 2546 εἰσιούσης
770 2500 835 2545 τῆς
856 2499 1004 2546 βουλῆς
1025 2499 1044 2535 ὁ
1068 2499 1135 2539 τὰς
1155 2499 1292 2539 θυσίας
1312 2499 1553 2548 ποιούμενος.
1617 2498 1814 2551 Respect-

305 2551 376 2605 ing
397 2551 480 2591 this
501 2552 585 2591 and
606 2553 678 2592 the
699 2552 896 2605 similarly
914 2553 1074 2592 formed
1090 2553 1203 2592 word
1226 2553 1455 2605 κατιτήριον,
1470 2568 1537 2594 see
1556 2553 1743 2594 Pierson.
1760 2568 1813 2593 on

308 2607 465 2647 Moeris
491 2623 530 2661 p.
555 2620 647 2656 222,
674 2620 765 2660 223.
829 2608 978 2647 Suidas
1010 2610 1161 2661 speaks
1193 2610 1239 2648 of
1264 2609 1338 2649 the
1370 2609 1556 2660 εἰσιτήρια
1585 2624 1632 2650 as
1662 2624 1688 2649 a
1717 2609 1813 2663 holy

306 2663 408 2716 day:
441 2663 525 2703 and
545 2664 650 2703 adds
672 2666 812 2713 ταύτην
833 2664 903 2713 τὴν
924 2665 1070 2715 ἡμέραν
1089 2667 1243 2715 πρώτην
1268 2669 1335 2704 τοῦ
1357 2666 1464 2706 ἔτους
1483 2665 1683 2715 Ἀθηναῖοι
1706 2682 1812 2705 νενο-

304 2721 451 2768 μίκασι.
514 2719 614 2758 This
646 2724 824 2759 account
858 2719 892 2759 is
923 2720 1108 2759 received
1137 2722 1190 2773 by
1214 2721 1487 2760 Schoemann.
1515 2721 1566 2760 de
1588 2720 1738 2761 Comit.
1770 2736 1810 2774 p.

306 2777 400 2826 306.
426 2778 490 2826 (=
505 2787 596 2827 291.
630 2775 811 2823 Transl.)
827 2776 916 2815 who
938 2776 1087 2828 rejects
1104 2777 1200 2816 that
1222 2777 1267 2815 of
1284 2776 1453 2829 Ulpiun.
1515 2776 1603 2816 The
1625 2776 1811 2816 sacrifice

307 2844 389 2869 was
418 2830 573 2870 offered
601 2831 641 2869 in
670 2832 740 2870 the
767 2831 919 2884 temple
948 2833 993 2870 of
1022 2833 1119 2872 Ζεὺς
1139 2837 1328 2881 βουλαῖος
1352 2833 1434 2872 and
1455 2831 1602 2882 Ἀθηνᾶ
1622 2835 1808 2881 βονλαία.

306 2886 382 2923 See
405 2886 580 2939 Antiph.
604 2887 654 2926 de
677 2887 871 2927 Choreut.
894 2902 933 2939 p.
967 2890 1053 2936 146.
1089 2888 1294 2940 St.=7b’9
1318 2888 1367 2927 R.
1431 2888 1742 2928 SHILLETO.

360 2953 456 2990 400,
477 2944 541 2981 26.
565 2944 601 2981 οἱ
618 2942 1026 2995 στρατηγοὶ-πᾶσαι]
1053 2943 1120 2982 Ad
1138 2944 1213 2982 hos
1230 2944 1505 2983 nominativos
1522 2942 1805 2984 subaudienda
