1934 3179
972 616 1115 661 XIX.

587 748 691 798 DE
741 746 978 797 FALSA
1029 744 1502 796 LEGATIONE.

864 897 1230 923 *-

630 1011 665 1051 Ι.
694 1010 957 1051 TAYLORI
991 1008 1465 1049 PROLEGOMENA.

353 1112 443 1152 NON
480 1111 611 1151 multa
647 1115 755 1157 sunt,
792 1125 898 1163 quae
934 1108 1232 1149 Demosthenis
1269 1107 1572 1160 Aesehinisque
1609 1106 1660 1145 (le
1701 1105 1804 1145 falsa

295 1169 503 1223 legatione
525 1167 783 1207 orationibus
804 1167 939 1206 habeo
960 1165 1199 1219 praefanda.
1262 1163 1476 1203 Neminem
1503 1163 1558 1202 ad
1579 1176 1648 1201 eas
1668 1175 1803 1201 acees-

296 1239 437 1264 surum
458 1238 548 1263 esse
569 1222 752 1263 arbitror
773 1222 850 1261 nisi
872 1222 1047 1261 historia
1069 1222 1232 1261 Graeca
1256 1219 1402 1259 leviter
1429 1219 1577 1259 saltem
1598 1217 1804 1256 imbutum

295 1294 527 1332 rerumque,
551 1294 657 1332 quae
678 1278 719 1317 in
745 1277 993 1317 Macedonia
1014 1282 1057 1317 et
1081 1276 1261 1316 Athenis
1282 1276 1358 1314 hoe
1380 1280 1568 1327 tempore
1588 1272 1805 1326 agitaban-

296 1342 377 1382 tur,
401 1336 609 1382 scientem,
633 1349 809 1388 quarum
829 1333 1113 1373 narrationem
1138 1330 1407 1385 copiosiorem
1430 1330 1648 1383 Ulpianus,
1675 1328 1805 1368 brevi-

299 1406 415 1432 orem
441 1390 641 1431 Libanius
663 1390 759 1429 huic
782 1388 961 1429 orationi
990 1388 1308 1442 praemiserunt.
1372 1388 1429 1427 Et
1454 1385 1550 1439 quia
1578 1398 1698 1424 nemo
1719 1384 1805 1423 fere

297 1447 375 1487 nisi
407 1446 601 1500 perlectis
635 1445 889 1499 Philippicis,
923 1459 1097 1497 quarum
1134 1443 1317 1483 seeunda
1352 1447 1416 1483 est
1447 1442 1570 1494 hujus
1605 1438 1806 1480 orationis

298 1509 499 1556 tanquam
531 1502 683 1548 aditus,
721 1502 800 1540 hue
840 1500 1119 1554 progreditur,
1152 1505 1373 1552 eapropter
1413 1497 1611 1537 historiae
1644 1495 1805 1535 concin-

299 1560 461 1599 nandae
481 1558 623 1598 labore
645 1557 912 1609 supersedere
933 1570 1111 1608 possum.

356 1613 652 1653 Demosthenis
673 1612 916 1658 orationem,
933 1626 1037 1664 quae
1059 1610 1296 1663 saepissime
1319 1609 1474 1649 citatur
1493 1609 1547 1648 ab
1570 1606 1807 1647 rhetoribus

300 1675 342 1710 et
371 1669 666 1724 grammaticis,
690 1667 874 1706 nonnulli
903 1667 1201 1720 inscripserunt
1231 1666 1310 1705 κατἼ
1334 1667 1539 1717 Αἰσχίνου,
1560 1668 1608 1704 ut
1632 1662 1807 1702 Priscia-

300 1740 378 1765 nus
404 1724 636 1777 aliquoties,
661 1723 867 1776 Ulpianus
889 1723 1138 1775 frequenter,
1164 1720 1447 1774 Harpocratio
1472 1719 1622 1772 aliique
1643 1735 1650 1758 :
1684 1718 1807 1757 iidem

301 1780 550 1834 quandoque
583 1781 670 1830 περὶ
704 1782 769 1827 τῆς
804 1780 1137 1828 παραπρεσβείας,
1167 1782 1215 1816 ut
1250 1781 1292 1816 et
1323 1776 1391 1815 alii
1429 1775 1604 1829 plurimi.
1667 1774 1808 1814 Etiam

301 1836 553 1890 conjunctim
580 1834 762 1874 nonnulli
796 1833 874 1873 κατ’
899 1835 1088 1885 Αἰσχίνου
1116 1834 1203 1883 περὶ
1231 1835 1295 1881 τῆς
1325 1832 1645 1882 παραπρεσβείας
1675 1831 1807 1880 λόγος.

304 1892 457 1932 Paucis
479 1891 667 1945 (lenique,
690 1890 800 1929 inter
822 1904 925 1942 quos
947 1893 1011 1928 est
1036 1888 1259 1941 Dionysius
1282 1885 1674 1933 Halicarnassensis,
1698 1901 1809 1933 κατη-

302 1950 415 1999 γορία
448 1948 648 1998 Αἰσχίνου.
711 1945 789 1995 Qui
827 1944 904 1984 κατ’
940 1946 1130 1995 Αἰσχίνου
1165 1942 1408 1996 simpliciter
1446 1942 1673 1995 appellant,
1707 1940 1809 1980 satis

303 2003 469 2056 quidem
491 2001 752 2055 distinguunt
774 2001 826 2040 ab
852 2001 985 2040 altera
1006 1999 1312 2047 Demosthenis,
1336 2012 1442 2051 quae
1473 2003 1537 2037 est
1564 1998 1615 2037 de
1643 2010 1808 2035 corona.

305 2059 412 2099 Nam
429 2062 622 2099 accurate
640 2057 860 2096 scribendo
878 2058 972 2095 κατὰ
993 2056 1046 2095 ad
1068 2055 1223 2095 aetoris
1244 2054 1474 2094 orationem
1496 2058 1608 2092 reete
1629 2051 1810 2105 applica-

303 2121 387 2161 tur,
410 2129 502 2154 eum
534 2128 629 2153 reus
661 2127 743 2151 non
779 2115 884 2158 κατὰ,
908 2112 979 2150 sed
1011 2111 1106 2161 πρὸς
1129 2111 1253 2150 verba
1274 2111 1428 2150 habere
1457 2109 1634 2155 dicatur,
1658 2108 1690 2147 si
1715 2121 1811 2147 vera

305 2171 389 2210 sint
416 2185 478 2215 ea,
503 2184 608 2222 quae
634 2168 773 2208 notavi
801 2168 855 2207 ad
883 2167 1044 2206 initium
1071 2166 1340 2205 Eubulideao.
1403 2164 1610 2212 Nonnulli,
1633 2168 1680 2203 ut
1702 2163 1810 2202 Pho-

306 2226 388 2265 tius
430 2226 469 2264 in
500 2225 602 2264 Vita
636 2223 929 2263 Demosthenis
962 2227 1005 2261 et
1039 2221 1203 2261 Servius
1239 2222 1289 2261 ad
1322 2221 1442 2274 Virg.
1478 2221 1583 2259 Aen.
1622 2233 1679 2267 11,
1716 2230 1809 2258 201.

306 2282 431 2321 etiam
463 2280 693 2320 orationem
723 2279 773 2317 sle
801 2292 953 2317 corona
983 2277 1060 2316 κατ’
1086 2279 1290 2329 Αἰσχίνου,
1312 2283 1447 2316 contra
1474 2275 1718 2321 Aeschinem,
1741 2289 1811 2327 ap-

306 2337 525 2390 pellarunt.
587 2335 784 2374 Nostram
825 2338 965 2372 autem
1006 2332 1236 2371 orationem
1277 2333 1345 2384 qui
1386 2331 1697 2384 inscripserunt,
1733 2331 1811 2369 κατ’

308 2393 497 2444 Αἰσχίνου
533 2391 619 2441 περὶ
650 2390 980 2438 παραπρεσβείας,
1014 2388 1249 2427 accuratius
1282 2391 1480 2440 poterant
1513 2386 1592 2426 κατ’
1622 2387 1812 2437 Αἰσχίνου

307 2448 639 2498 παραπρεσβείας.
683 2444 789 2484 Nam
811 2445 1112 2494 παραπρεσβεία
1128 2448 1192 2482 est
1210 2443 1453 2482 vocabulum
1469 2442 1642 2489 forense,
1658 2440 1812 2480 crimen

308 2503 574 2548 intentatum,
608 2500 736 2554 ipsius
771 2499 945 2539 aetionis
978 2498 1190 2551 proprium
1227 2503 1269 2537 et
1302 2498 1517 2537 definitum
1550 2497 1810 2536 vocabulum.

310 2559 378 2599 Ita
411 2557 653 2598 scholiastes
681 2554 936 2608 Thucydidis
969 2557 1005 2601 6,
1033 2567 1099 2605 91.
1135 2558 1352 2593 enumerat
1387 2555 1540 2604 γραφὰς
1571 2553 1811 2602 δωροδοκίας,

308 2617 470 2664 ὕβρεως,
495 2613 770 2662 συκοφαντίας,
799 2610 986 2662 μοιχείας,
1009 2611 1316 2661 ψευδογραφίας,
1348 2609 1680 2659 παραπρεσβείας,
1703 2612 1813 2645 λιπο-

310 2671 502 2720 στρατίου,
563 2668 621 2707 Et
643 2667 786 2706 Pollux
810 2667 846 2711 8,
866 2667 905 2703 6.
939 2666 1040 2706 ἰδίως
1061 2666 1082 2714 ἡ
1105 2667 1200 2704 κατὰ
1221 2669 1296 2703 τῶν
1318 2668 1569 2715 πρεσβευτῶν
1590 2662 1722 2714 γραφὴ
1743 2678 1812 2701 πα-

309 2726 573 2776 ραπρεσβείας
604 2723 777 2772 ἐλέγετο.
840 2722 898 2760 Et
928 2720 1025 2760 alibi
1061 2719 1260 2759 similiter.
1324 2721 1611 2772 Hermogenes
1651 2717 1740 2768 (vol.
1773 2731 1812 2769 3.

311 2795 349 2833 p.
373 2782 460 2830 67.)
484 2795 522 2832 p.
547 2791 633 2818 102.
658 2778 773 2817 Port.
800 2776 896 2825 (vol.
919 2789 958 2828 3.
980 2791 1019 2828 p.
1045 2777 1128 2822 28.)
1163 2776 1392 2825 πρεσβεύων
1416 2775 1602 2826 Αἰσχίνης
1622 2775 1725 2823 παρὰ
1746 2773 1814 2811 τὸν

311 2835 738 2884 Φίλιππον-κρίνεται
774 2834 1091 2883 παραπρεσβείας
1128 2831 1199 2869 ὑπὸ
1238 2830 1524 2879 Δημοσθένους.
1587 2829 1642 2868 Et
1678 2843 1716 2881 p.
1748 2838 1813 2879 70.

315 2892 499 2942 Αἰσχίνης
524 2891 582 2928 καὶ
608 2888 861 2937 Δημοσθένης
890 2887 965 2925 ἀπὸ
993 2889 1056 2935 τῆς
1084 2888 1184 2936 παρὰ
1207 2887 1404 2925 Φίλιππον
1426 2887 1579 2934 ἥκοντες
1601 2883 1814 2934 πρεσβείας
