<?xml version="1.0" encoding="UTF-8"?>
<!DOCTYPE html PUBLIC "-//W3C//DTD XHTML 1.0 Transitional//EN"
    "http://www.w3.org/TR/xhtml1/DTD/xhtml1-transitional.dtd">
<html xmlns="http://www.w3.org/1999/xhtml" xml:lang="en" lang="en">
 <head>
  <title>
</title>
<meta http-equiv="Content-Type" content="text/html;charset=utf-8" />
  <meta name='ocr-system' content='tesseract 3.04.00' />
  <meta name='ocr-capabilities' content='ocr_page ocr_carea ocr_par ocr_line ocrx_word'/>
</head>
<body>
  <div class='ocr_page' id='page_1' title='image "./operaexrecension05demouoft_0326.png"; bbox 0 0 1914 3184; ppageno 0'>
   <div class='ocr_carea' id='block_1_1' title="bbox 306 126 1299 170">
    <p class='ocr_par' dir='ltr' id='par_1_1' title="bbox 306 126 1299 170">
     <span class='ocr_line' id='line_1_1' title="bbox 306 126 1299 170; baseline 0.006 -6"><span class='ocrx_word' id='word_1_1' title='bbox 306 126 390 166; x_wconf 66' lang='lat'>246</span> <span class='ocrx_word' id='word_1_2' title='bbox 828 130 905 168; x_wconf 81' lang='lat' dir='ltr'>DE</span> <span class='ocrx_word' id='word_1_3' title='bbox 940 130 1299 170; x_wconf 73' lang='lat' dir='ltr'>SYMMORHS.</span> 
     </span>
    </p>
   </div>
   <div class='ocr_carea' id='block_1_2' title="bbox 240 230 1818 2787">
    <p class='ocr_par' dir='ltr' id='par_1_2' title="bbox 306 230 1817 506">
     <span class='ocr_line' id='line_1_2' title="bbox 306 230 1816 286; baseline 0.007 -19"><span class='ocrx_word' id='word_1_4' title='bbox 306 234 474 269; x_wconf 84' lang='lat' dir='ltr'>tantum</span> <span class='ocrx_word' id='word_1_5' title='bbox 495 230 587 270; x_wconf 88' lang='lat' dir='ltr'>ideo</span> <span class='ocrx_word' id='word_1_6' title='bbox 609 245 701 271; x_wconf 89' lang='lat' dir='ltr'>cum</span> <span class='ocrx_word' id='word_1_7' title='bbox 721 232 879 281; x_wconf 82' lang='lat' dir='ltr'>fecisse,</span> <span class='ocrx_word' id='word_1_8' title='bbox 903 239 950 274; x_wconf 91' lang='lat' dir='ltr'>ut</span> <span class='ocrx_word' id='word_1_9' title='bbox 971 234 1149 286; x_wconf 87' lang='lat' dir='ltr'>posthac</span> <span class='ocrx_word' id='word_1_10' title='bbox 1179 234 1296 274; x_wconf 89' lang='lat' dir='ltr'>litem</span> <span class='ocrx_word' id='word_1_11' title='bbox 1326 235 1553 275; x_wconf 83' lang='lat' dir='ltr'>successori</span> <span class='ocrx_word' id='word_1_12' title='bbox 1585 250 1660 276; x_wconf 88' lang='lat' dir='ltr'>suo</span> <span class='ocrx_word' id='word_1_13' title='bbox 1681 236 1816 277; x_wconf 88' lang='lat' dir='ltr'>inten-</span> 
     </span>
     <span class='ocr_line' id='line_1_3' title="bbox 307 285 1816 346; baseline 0.005 -22"><span class='ocrx_word' id='word_1_14' title='bbox 307 285 425 325; x_wconf 80' lang='lat' dir='ltr'>deret</span> <span class='ocrx_word' id='word_1_15' title='bbox 445 291 572 339; x_wconf 88' lang='lat' dir='ltr'>atque</span> <span class='ocrx_word' id='word_1_16' title='bbox 594 288 874 341; x_wconf 73' lang='lat' dir='ltr'>pecuniarum,</span> <span class='ocrx_word' id='word_1_17' title='bbox 898 304 1001 342; x_wconf 85' lang='lat' dir='ltr'>quas</span> <span class='ocrx_word' id='word_1_18' title='bbox 1023 304 1098 342; x_wconf 90' lang='lat' dir='ltr'>pro</span> <span class='ocrx_word' id='word_1_19' title='bbox 1121 304 1168 329; x_wconf 93' lang='lat' dir='ltr'>eo</span> <span class='ocrx_word' id='word_1_20' title='bbox 1190 294 1416 344; x_wconf 73' lang='lat' dir='ltr'>erogasset,</span> <span class='ocrx_word' id='word_1_21' title='bbox 1435 304 1636 331; x_wconf 87' lang='lat' dir='ltr'>summam</span> <span class='ocrx_word' id='word_1_22' title='bbox 1657 292 1816 346; x_wconf 82' lang='lat' dir='ltr'>redige-</span> 
     </span>
     <span class='ocr_line' id='line_1_4' title="bbox 306 344 1814 398; baseline 0.005 -19"><span class='ocrx_word' id='word_1_23' title='bbox 306 345 383 387; x_wconf 75' lang='lat' dir='ltr'>ret,</span> <span class='ocrx_word' id='word_1_24' title='bbox 407 355 428 380; x_wconf 93' lang='lat' dir='ltr'>e</span> <span class='ocrx_word' id='word_1_25' title='bbox 458 356 566 381; x_wconf 89' lang='lat' dir='ltr'>nexu</span> <span class='ocrx_word' id='word_1_26' title='bbox 594 344 795 383; x_wconf 88' lang='lat' dir='ltr'>orationis</span> <span class='ocrx_word' id='word_1_27' title='bbox 825 349 1015 398; x_wconf 87' lang='lat' dir='ltr'>apparet.</span> <span class='ocrx_word' id='word_1_28' title='bbox 1078 345 1382 386; x_wconf 76' lang='lat' dir='ltr'>Demosthenes</span> <span class='ocrx_word' id='word_1_29' title='bbox 1413 351 1553 386; x_wconf 88' lang='lat' dir='ltr'>autem</span> <span class='ocrx_word' id='word_1_30' title='bbox 1575 361 1634 387; x_wconf 93' lang='lat' dir='ltr'>or.</span> <span class='ocrx_word' id='word_1_31' title='bbox 1657 348 1707 387; x_wconf 93' lang='lat' dir='ltr'>de</span> <span class='ocrx_word' id='word_1_32' title='bbox 1729 362 1814 387; x_wconf 89' lang='lat' dir='ltr'>cor.</span> 
     </span>
     <span class='ocr_line' id='line_1_5' title="bbox 307 398 1817 456; baseline 0.005 -20"><span class='ocrx_word' id='word_1_33' title='bbox 307 411 346 449; x_wconf 90' lang='lat' dir='ltr'>p.</span> <span class='ocrx_word' id='word_1_34' title='bbox 373 400 464 447; x_wconf 86' lang='lat'>264.</span> <span class='ocrx_word' id='word_1_35' title='bbox 489 398 678 438; x_wconf 80' lang='lat' dir='ltr'>dilucidis</span> <span class='ocrx_word' id='word_1_36' title='bbox 700 400 836 440; x_wconf 89' lang='lat' dir='ltr'>verbis</span> <span class='ocrx_word' id='word_1_37' title='bbox 867 400 969 440; x_wconf 90' lang='lat' dir='ltr'>dicit</span> <span class='ocrx_word' id='word_1_38' title='bbox 1000 401 1164 449; x_wconf 81' lang='lat' dir='ltr'>nemini,</span> <span class='ocrx_word' id='word_1_39' title='bbox 1193 401 1262 454; x_wconf 93' lang='lat' dir='ltr'>qui</span> <span class='ocrx_word' id='word_1_40' title='bbox 1293 402 1344 441; x_wconf 92' lang='lat' dir='ltr'>de</span> <span class='ocrx_word' id='word_1_41' title='bbox 1375 416 1449 441; x_wconf 83' lang='lat' dir='ltr'>suo</span> <span class='ocrx_word' id='word_1_42' title='bbox 1480 402 1592 442; x_wconf 91' lang='lat' dir='ltr'>ultro</span> <span class='ocrx_word' id='word_1_43' title='bbox 1619 403 1817 456; x_wconf 78' lang='lat' dir='ltr'>pecunias</span> 
     </span>
     <span class='ocr_line' id='line_1_6' title="bbox 307 453 1094 506; baseline 0.006 -16"><span class='ocrx_word' id='word_1_44' title='bbox 307 453 508 506; x_wconf 71' lang='lat' dir='ltr'>erogarit,</span> <span class='ocrx_word' id='word_1_45' title='bbox 531 454 716 494; x_wconf 83' lang='lat' dir='ltr'>rationes</span> <span class='ocrx_word' id='word_1_46' title='bbox 738 470 827 495; x_wconf 88' lang='lat' dir='ltr'>esse</span> <span class='ocrx_word' id='word_1_47' title='bbox 848 456 1094 496; x_wconf 88' lang='lat' dir='ltr'>reddendas.</span> 
     </span>
    </p>

    <p class='ocr_par' dir='ltr' id='par_1_3' title="bbox 307 508 1818 1848">
     <span class='ocr_line' id='line_1_7' title="bbox 366 508 1814 567; baseline 0.005 -20"><span class='ocrx_word' id='word_1_48' title='bbox 366 508 479 548; x_wconf 84' lang='lat' dir='ltr'>Satis</span> <span class='ocrx_word' id='word_1_49' title='bbox 501 509 658 549; x_wconf 89' lang='lat' dir='ltr'>dictum</span> <span class='ocrx_word' id='word_1_50' title='bbox 675 516 738 551; x_wconf 88' lang='lat' dir='ltr'>est</span> <span class='ocrx_word' id='word_1_51' title='bbox 760 512 810 551; x_wconf 90' lang='lat' dir='ltr'>de</span> <span class='ocrx_word' id='word_1_52' title='bbox 832 511 893 559; x_wconf 74' lang='lat' dir='ltr'>iis,</span> <span class='ocrx_word' id='word_1_53' title='bbox 909 526 1016 564; x_wconf 87' lang='lat' dir='ltr'>quae</span> <span class='ocrx_word' id='word_1_54' title='bbox 1037 517 1154 552; x_wconf 87' lang='lat' dir='ltr'>stata</span> <span class='ocrx_word' id='word_1_55' title='bbox 1168 516 1212 552; x_wconf 84' lang='lat' dir='ltr'>et</span> <span class='ocrx_word' id='word_1_56' title='bbox 1232 512 1421 553; x_wconf 79' lang='lat' dir='ltr'>omnibus</span> <span class='ocrx_word' id='word_1_57' title='bbox 1437 514 1697 567; x_wconf 75' lang='lat' dir='ltr'>temporibus</span> <span class='ocrx_word' id='word_1_58' title='bbox 1717 518 1814 554; x_wconf 81' lang='lat' dir='ltr'>rata</span> 
     </span>
     <span class='ocr_line' id='line_1_8' title="bbox 307 563 1816 622; baseline 0.005 -20"><span class='ocrx_word' id='word_1_59' title='bbox 307 563 501 604; x_wconf 87' lang='lat' dir='ltr'>videntur</span> <span class='ocrx_word' id='word_1_60' title='bbox 532 566 657 605; x_wconf 82' lang='lat' dir='ltr'>fuisse</span> <span class='ocrx_word' id='word_1_61' title='bbox 690 567 732 605; x_wconf 93' lang='lat' dir='ltr'>in</span> <span class='ocrx_word' id='word_1_62' title='bbox 753 567 1027 608; x_wconf 85' lang='lat' dir='ltr'>trierarchia:</span> <span class='ocrx_word' id='word_1_63' title='bbox 1062 582 1170 607; x_wconf 87' lang='lat' dir='ltr'>nunc</span> <span class='ocrx_word' id='word_1_64' title='bbox 1201 568 1255 608; x_wconf 88' lang='lat' dir='ltr'>ad</span> <span class='ocrx_word' id='word_1_65' title='bbox 1287 583 1350 616; x_wconf 70' lang='lat' dir='ltr'>ea,</span> <span class='ocrx_word' id='word_1_66' title='bbox 1374 583 1480 622; x_wconf 90' lang='lat' dir='ltr'>quae</span> <span class='ocrx_word' id='word_1_67' title='bbox 1511 570 1816 610; x_wconf 74' lang='lat' dir='ltr'>mutationibus</span> 
     </span>
     <span class='ocr_line' id='line_1_9' title="bbox 308 621 1816 678; baseline 0.005 -21"><span class='ocrx_word' id='word_1_68' title='bbox 308 624 431 659; x_wconf 85' lang='lat' dir='ltr'>erant</span> <span class='ocrx_word' id='word_1_69' title='bbox 451 621 641 669; x_wconf 69' lang='lat' dir='ltr'>obnoxia,</span> <span class='ocrx_word' id='word_1_70' title='bbox 664 627 939 671; x_wconf 78' lang='lat' dir='ltr'>transeamus,</span> <span class='ocrx_word' id='word_1_71' title='bbox 963 623 1003 662; x_wconf 88' lang='lat' dir='ltr'>in</span> <span class='ocrx_word' id='word_1_72' title='bbox 1036 624 1185 677; x_wconf 85' lang='lat' dir='ltr'>quibus</span> <span class='ocrx_word' id='word_1_73' title='bbox 1216 624 1471 677; x_wconf 83' lang='lat' dir='ltr'>exponendis</span> <span class='ocrx_word' id='word_1_74' title='bbox 1501 625 1555 665; x_wconf 85' lang='lat' dir='ltr'>ab</span> <span class='ocrx_word' id='word_1_75' title='bbox 1577 625 1816 678; x_wconf 88' lang='lat' dir='ltr'>antiquissi-</span> 
     </span>
     <span class='ocr_line' id='line_1_10' title="bbox 307 675 1817 732; baseline 0.005 -19"><span class='ocrx_word' id='word_1_76' title='bbox 307 675 385 714; x_wconf 89' lang='lat' dir='ltr'>mis</span> <span class='ocrx_word' id='word_1_77' title='bbox 407 676 618 716; x_wconf 76' lang='lat' dir='ltr'>ordiamur</span> <span class='ocrx_word' id='word_1_78' title='bbox 634 679 904 731; x_wconf 87' lang='lat' dir='ltr'>temporibus.</span> <span class='ocrx_word' id='word_1_79' title='bbox 970 679 1032 719; x_wconf 80' lang='lat' dir='ltr'>Ae</span> <span class='ocrx_word' id='word_1_80' title='bbox 1054 680 1231 732; x_wconf 90' lang='lat' dir='ltr'>primum</span> <span class='ocrx_word' id='word_1_81' title='bbox 1254 680 1420 732; x_wconf 90' lang='lat' dir='ltr'>quidem</span> <span class='ocrx_word' id='word_1_82' title='bbox 1436 680 1658 720; x_wconf 87' lang='lat' dir='ltr'>dicendum</span> <span class='ocrx_word' id='word_1_83' title='bbox 1680 686 1744 721; x_wconf 88' lang='lat' dir='ltr'>est</span> <span class='ocrx_word' id='word_1_84' title='bbox 1765 682 1817 720; x_wconf 89' lang='lat' dir='ltr'>de</span> 
     </span>
     <span class='ocr_line' id='line_1_11' title="bbox 307 733 1816 788; baseline 0.005 -19"><span class='ocrx_word' id='word_1_85' title='bbox 307 744 479 771; x_wconf 90' lang='lat' dir='ltr'>numero</span> <span class='ocrx_word' id='word_1_86' title='bbox 505 733 834 774; x_wconf 84' lang='lat' dir='ltr'>trierarchorum</span> <span class='ocrx_word' id='word_1_87' title='bbox 866 735 1039 788; x_wconf 66' lang='lat' dir='ltr'>singulis</span> <span class='ocrx_word' id='word_1_88' title='bbox 1070 735 1244 775; x_wconf 87' lang='lat' dir='ltr'>navibus</span> <span class='ocrx_word' id='word_1_89' title='bbox 1275 736 1592 776; x_wconf 82' lang='lat' dir='ltr'>attributorum.</span> <span class='ocrx_word' id='word_1_90' title='bbox 1655 736 1816 777; x_wconf 88' lang='lat' dir='ltr'>Solonis</span> 
     </span>
     <span class='ocr_line' id='line_1_12' title="bbox 307 789 1817 846; baseline 0.004 -20"><span class='ocrx_word' id='word_1_91' title='bbox 307 791 463 836; x_wconf 72' lang='lat' dir='ltr'>aetate,</span> <span class='ocrx_word' id='word_1_92' title='bbox 497 803 579 842; x_wconf 87' lang='lat' dir='ltr'>qua</span> <span class='ocrx_word' id='word_1_93' title='bbox 610 789 902 831; x_wconf 86' lang='lat' dir='ltr'>trierarchiam</span> <span class='ocrx_word' id='word_1_94' title='bbox 933 791 1173 831; x_wconf 85' lang='lat' dir='ltr'>institutam</span> <span class='ocrx_word' id='word_1_95' title='bbox 1200 791 1329 831; x_wconf 88' lang='lat' dir='ltr'>videri</span> <span class='ocrx_word' id='word_1_96' title='bbox 1357 806 1483 845; x_wconf 86' lang='lat' dir='ltr'>supra</span> <span class='ocrx_word' id='word_1_97' title='bbox 1510 791 1701 841; x_wconf 77' lang='lat' dir='ltr'>diximus,</span> <span class='ocrx_word' id='word_1_98' title='bbox 1735 792 1817 846; x_wconf 87' lang='lat' dir='ltr'>pri-</span> 
     </span>
     <span class='ocr_line' id='line_1_13' title="bbox 307 844 1817 900; baseline 0.005 -20"><span class='ocrx_word' id='word_1_99' title='bbox 307 856 419 882; x_wconf 92' lang='lat' dir='ltr'>mam</span> <span class='ocrx_word' id='word_1_100' title='bbox 440 844 614 884; x_wconf 83' lang='lat' dir='ltr'>classem</span> <span class='ocrx_word' id='word_1_101' title='bbox 635 845 718 886; x_wconf 88' lang='lat' dir='ltr'>sive</span> <span class='ocrx_word' id='word_1_102' title='bbox 734 847 1208 900; x_wconf 85' lang='lat' dir='ltr'>pentacosiomedimnos</span> <span class='ocrx_word' id='word_1_103' title='bbox 1224 847 1497 887; x_wconf 87' lang='lat' dir='ltr'>trierarchiae</span> <span class='ocrx_word' id='word_1_104' title='bbox 1513 862 1683 888; x_wconf 89' lang='lat' dir='ltr'>munere</span> <span class='ocrx_word' id='word_1_105' title='bbox 1704 849 1817 888; x_wconf 85' lang='lat' dir='ltr'>func-</span> 
     </span>
     <span class='ocr_line' id='line_1_14' title="bbox 308 901 1818 956; baseline 0.004 -19"><span class='ocrx_word' id='word_1_106' title='bbox 308 902 374 937; x_wconf 86' lang='lat' dir='ltr'>tos</span> <span class='ocrx_word' id='word_1_107' title='bbox 396 913 497 945; x_wconf 73' lang='lat' dir='ltr'>esse.</span> <span class='ocrx_word' id='word_1_108' title='bbox 512 901 785 954; x_wconf 84' lang='lat' dir='ltr'>probabiliter</span> <span class='ocrx_word' id='word_1_109' title='bbox 801 903 1036 956; x_wconf 83' lang='lat' dir='ltr'>suspicatus</span> <span class='ocrx_word' id='word_1_110' title='bbox 1057 907 1122 943; x_wconf 85' lang='lat' dir='ltr'>est</span> <span class='ocrx_word' id='word_1_111' title='bbox 1139 903 1374 943; x_wconf 83' lang='lat' dir='ltr'>Boeckhius</span> <span class='ocrx_word' id='word_1_112' title='bbox 1394 915 1429 943; x_wconf 86' lang='lat'>2.</span> <span class='ocrx_word' id='word_1_113' title='bbox 1450 918 1491 956; x_wconf 89' lang='lat' dir='ltr'>p.</span> <span class='ocrx_word' id='word_1_114' title='bbox 1505 917 1573 956; x_wconf 82' lang='lat'>35.</span> <span class='ocrx_word' id='word_1_115' title='bbox 1619 904 1818 954; x_wconf 71' lang='lat' dir='ltr'>Quamvis</span> 
     </span>
     <span class='ocr_line' id='line_1_15' title="bbox 308 954 1815 1010; baseline 0.004 -18"><span class='ocrx_word' id='word_1_116' title='bbox 308 954 418 994; x_wconf 90' lang='lat' dir='ltr'>enim</span> <span class='ocrx_word' id='word_1_117' title='bbox 441 955 623 1010; x_wconf 80' lang='lat' dir='ltr'>Hippiae</span> <span class='ocrx_word' id='word_1_118' title='bbox 653 962 820 997; x_wconf 85' lang='lat' dir='ltr'>tantum</span> <span class='ocrx_word' id='word_1_119' title='bbox 851 963 993 998; x_wconf 86' lang='lat' dir='ltr'>aetate</span> <span class='ocrx_word' id='word_1_120' title='bbox 1024 973 1172 998; x_wconf 87' lang='lat' dir='ltr'>munus</span> <span class='ocrx_word' id='word_1_121' title='bbox 1192 959 1463 999; x_wconf 87' lang='lat' dir='ltr'>trierarchiae</span> <span class='ocrx_word' id='word_1_122' title='bbox 1484 959 1609 999; x_wconf 88' lang='lat' dir='ltr'>fuisse</span> <span class='ocrx_word' id='word_1_123' title='bbox 1630 959 1815 1000; x_wconf 89' lang='lat' dir='ltr'>testimo-</span> 
     </span>
     <span class='ocr_line' id='line_1_16' title="bbox 310 1010 1817 1068; baseline 0.004 -20"><span class='ocrx_word' id='word_1_124' title='bbox 310 1010 376 1049; x_wconf 92' lang='lat' dir='ltr'>nio</span> <span class='ocrx_word' id='word_1_125' title='bbox 406 1011 648 1053; x_wconf 81' lang='lat' dir='ltr'>Aristotelis</span> <span class='ocrx_word' id='word_1_126' title='bbox 677 1013 829 1053; x_wconf 88' lang='lat' dir='ltr'>Oecon.</span> <span class='ocrx_word' id='word_1_127' title='bbox 859 1027 894 1054; x_wconf 78' lang='lat'>2.</span> <span class='ocrx_word' id='word_1_128' title='bbox 926 1029 965 1067; x_wconf 88' lang='lat' dir='ltr'>p.</span> <span class='ocrx_word' id='word_1_129' title='bbox 988 1026 1084 1067; x_wconf 80' lang='lat'>502.</span> <span class='ocrx_word' id='word_1_130' title='bbox 1109 1016 1145 1053; x_wconf 85' lang='lat'>6.</span> <span class='ocrx_word' id='word_1_131' title='bbox 1178 1015 1309 1068; x_wconf 85' lang='lat' dir='ltr'>possit</span> <span class='ocrx_word' id='word_1_132' title='bbox 1340 1015 1523 1068; x_wconf 71' lang='lat' dir='ltr'>probari,</span> <span class='ocrx_word' id='word_1_133' title='bbox 1555 1020 1697 1055; x_wconf 92' lang='lat' dir='ltr'>tamen</span> <span class='ocrx_word' id='word_1_134' title='bbox 1728 1016 1817 1068; x_wconf 88' lang='lat' dir='ltr'>ejus</span> 
     </span>
     <span class='ocr_line' id='line_1_17' title="bbox 308 1067 1816 1124; baseline 0.005 -20"><span class='ocrx_word' id='word_1_135' title='bbox 308 1067 435 1106; x_wconf 87' lang='lat' dir='ltr'>verba</span> <span class='ocrx_word' id='word_1_136' title='bbox 455 1067 515 1107; x_wconf 86' lang='lat' dir='ltr'>ita</span> <span class='ocrx_word' id='word_1_137' title='bbox 538 1074 636 1108; x_wconf 90' lang='lat' dir='ltr'>sunt</span> <span class='ocrx_word' id='word_1_138' title='bbox 662 1074 921 1123; x_wconf 76' lang='lat' dir='ltr'>comparata,</span> <span class='ocrx_word' id='word_1_139' title='bbox 946 1075 991 1110; x_wconf 85' lang='lat' dir='ltr'>ut</span> <span class='ocrx_word' id='word_1_140' title='bbox 1018 1085 1099 1109; x_wconf 88' lang='lat' dir='ltr'>non</span> <span class='ocrx_word' id='word_1_141' title='bbox 1132 1070 1371 1111; x_wconf 88' lang='lat' dir='ltr'>institutum</span> <span class='ocrx_word' id='word_1_142' title='bbox 1403 1085 1492 1110; x_wconf 89' lang='lat' dir='ltr'>esse</span> <span class='ocrx_word' id='word_1_143' title='bbox 1518 1071 1699 1124; x_wconf 90' lang='lat' dir='ltr'>primum</span> <span class='ocrx_word' id='word_1_144' title='bbox 1719 1071 1816 1111; x_wconf 88' lang='lat' dir='ltr'>trie-</span> 
     </span>
     <span class='ocr_line' id='line_1_18' title="bbox 309 1122 1816 1181; baseline 0.005 -22"><span class='ocrx_word' id='word_1_145' title='bbox 309 1122 498 1163; x_wconf 86' lang='lat' dir='ltr'>rarchiae</span> <span class='ocrx_word' id='word_1_146' title='bbox 519 1139 669 1164; x_wconf 88' lang='lat' dir='ltr'>munus</span> <span class='ocrx_word' id='word_1_147' title='bbox 689 1126 743 1165; x_wconf 86' lang='lat' dir='ltr'>ab</span> <span class='ocrx_word' id='word_1_148' title='bbox 765 1126 925 1178; x_wconf 86' lang='lat' dir='ltr'>Hippia</span> <span class='ocrx_word' id='word_1_149' title='bbox 948 1125 1075 1165; x_wconf 84' lang='lat' dir='ltr'>videri</span> <span class='ocrx_word' id='word_1_150' title='bbox 1104 1127 1268 1166; x_wconf 84' lang='lat' dir='ltr'>debeat.</span> <span class='ocrx_word' id='word_1_151' title='bbox 1330 1126 1445 1166; x_wconf 90' lang='lat' dir='ltr'>Dicit</span> <span class='ocrx_word' id='word_1_152' title='bbox 1465 1127 1574 1166; x_wconf 90' lang='lat' dir='ltr'>enim</span> <span class='ocrx_word' id='word_1_153' title='bbox 1598 1127 1816 1181; x_wconf 75' lang='lat' dir='ltr'>Stagirita,</span> 
     </span>
     <span class='ocr_line' id='line_1_19' title="bbox 309 1178 1817 1236; baseline 0.005 -21"><span class='ocrx_word' id='word_1_154' title='bbox 309 1178 371 1216; x_wconf 87' lang='lat' dir='ltr'>vel</span> <span class='ocrx_word' id='word_1_155' title='bbox 393 1180 578 1233; x_wconf 86' lang='lat' dir='ltr'>quisquis</span> <span class='ocrx_word' id='word_1_156' title='bbox 600 1181 722 1234; x_wconf 88' lang='lat' dir='ltr'>hujus</span> <span class='ocrx_word' id='word_1_157' title='bbox 744 1181 868 1221; x_wconf 79' lang='lat' dir='ltr'>libelli</span> <span class='ocrx_word' id='word_1_158' title='bbox 891 1187 1039 1221; x_wconf 80' lang='lat' dir='ltr'>auctor</span> <span class='ocrx_word' id='word_1_159' title='bbox 1060 1187 1136 1227; x_wconf 74' lang='lat' dir='ltr'>est.</span> <span class='ocrx_word' id='word_1_160' title='bbox 1156 1183 1309 1222; x_wconf 83' lang='lat' dir='ltr'>Oecon.</span> <span class='ocrx_word' id='word_1_161' title='bbox 1334 1196 1370 1223; x_wconf 82' lang='lat'>2.</span> <span class='ocrx_word' id='word_1_162' title='bbox 1388 1197 1428 1235; x_wconf 91' lang='lat' dir='ltr'>p.</span> <span class='ocrx_word' id='word_1_163' title='bbox 1448 1193 1544 1235; x_wconf 79' lang='lat'>502.</span> <span class='ocrx_word' id='word_1_164' title='bbox 1568 1183 1606 1222; x_wconf 81' lang='lat' dir='ltr'>O.</span> <span class='ocrx_word' id='word_1_165' title='bbox 1637 1184 1688 1222; x_wconf 91' lang='lat' dir='ltr'>de</span> <span class='ocrx_word' id='word_1_166' title='bbox 1710 1183 1817 1236; x_wconf 89' lang='lat' dir='ltr'>Hip-</span> 
     </span>
     <span class='ocr_line' id='line_1_20' title="bbox 309 1234 1817 1290; baseline 0.004 -18"><span class='ocrx_word' id='word_1_167' title='bbox 309 1234 402 1285; x_wconf 81' lang='lat' dir='ltr'>pia:</span> <span class='ocrx_word' id='word_1_168' title='bbox 431 1234 554 1275; x_wconf 75' lang='lat' dir='ltr'>‘&#39;On-oc</span> <span class='ocrx_word' id='word_1_169' title='bbox 575 1242 821 1289; x_wconf 81' lang='grc' dir='ltr'>τριηραρχεῖν</span> <span class='ocrx_word' id='word_1_170' title='bbox 842 1237 864 1286; x_wconf 77' lang='grc' dir='ltr'>ἢ</span> <span class='ocrx_word' id='word_1_171' title='bbox 881 1243 1101 1289; x_wconf 81' lang='grc' dir='ltr'>φυλαρχεῖν</span> <span class='ocrx_word' id='word_1_172' title='bbox 1117 1240 1138 1287; x_wconf 76' lang='grc' dir='ltr'>ἢ</span> <span class='ocrx_word' id='word_1_173' title='bbox 1160 1242 1343 1290; x_wconf 79' lang='grc' dir='ltr'>χορηγεῖν</span> <span class='ocrx_word' id='word_1_174' title='bbox 1359 1238 1382 1287; x_wconf 84' lang='grc' dir='ltr'>ἤ</span> <span class='ocrx_word' id='word_1_175' title='bbox 1403 1254 1489 1277; x_wconf 76' lang='grc' dir='ltr'>τινα</span> <span class='ocrx_word' id='word_1_176' title='bbox 1507 1240 1558 1280; x_wconf 82' lang='grc' dir='ltr'>εἷς</span> <span class='ocrx_word' id='word_1_177' title='bbox 1580 1238 1716 1288; x_wconf 81' lang='grc' dir='ltr'>ἑτέραν</span> <span class='ocrx_word' id='word_1_178' title='bbox 1737 1244 1817 1278; x_wconf 86' lang='grc' dir='ltr'>λει-</span> 
     </span>
     <span class='ocr_line' id='line_1_21' title="bbox 309 1293 1816 1344; baseline 0.004 -16"><span class='ocrx_word' id='word_1_179' title='bbox 309 1293 492 1341; x_wconf 86' lang='grc' dir='ltr'>τουργίαν</span> <span class='ocrx_word' id='word_1_180' title='bbox 514 1294 691 1342; x_wconf 84' lang='grc' dir='ltr'>τοιαύτην</span> <span class='ocrx_word' id='word_1_181' title='bbox 720 1294 895 1342; x_wconf 82' lang='grc' dir='ltr'>ἤμελλον</span> <span class='ocrx_word' id='word_1_182' title='bbox 922 1297 1111 1339; x_wconf 73' lang='grc' dir='ltr'>δαπανᾶν,</span> <span class='ocrx_word' id='word_1_183' title='bbox 1141 1296 1282 1344; x_wconf 83' lang='grc' dir='ltr'>τίμημα</span> <span class='ocrx_word' id='word_1_184' title='bbox 1307 1294 1423 1343; x_wconf 75' lang='grc' dir='ltr'>τάξας</span> <span class='ocrx_word' id='word_1_185' title='bbox 1448 1294 1604 1344; x_wconf 80' lang='grc' dir='ltr'>μέτριον</span> <span class='ocrx_word' id='word_1_186' title='bbox 1631 1295 1816 1334; x_wconf 83' lang='grc' dir='ltr'>ἐκέλευσε</span> 
     </span>
     <span class='ocr_line' id='line_1_22' title="bbox 310 1345 1817 1402; baseline 0.003 -18"><span class='ocrx_word' id='word_1_187' title='bbox 310 1345 378 1384; x_wconf 81' lang='grc' dir='ltr'>τὸν</span> <span class='ocrx_word' id='word_1_188' title='bbox 398 1349 645 1397; x_wconf 78' lang='grc' dir='ltr'>βουλόμενον</span> <span class='ocrx_word' id='word_1_189' title='bbox 667 1350 908 1388; x_wconf 82' lang='grc' dir='ltr'>ἀποτίσαντα</span> <span class='ocrx_word' id='word_1_190' title='bbox 939 1352 1049 1388; x_wconf 83' lang='grc' dir='ltr'>τοῦτο</span> <span class='ocrx_word' id='word_1_191' title='bbox 1072 1350 1342 1401; x_wconf 73' lang='grc' dir='ltr'>ἐγγράφεσθαι</span> <span class='ocrx_word' id='word_1_192' title='bbox 1365 1352 1418 1391; x_wconf 82' lang='grc' dir='ltr'>εἰς</span> <span class='ocrx_word' id='word_1_193' title='bbox 1439 1350 1526 1391; x_wconf 76' lang='grc' dir='ltr'>τοὺς</span> <span class='ocrx_word' id='word_1_194' title='bbox 1546 1355 1817 1402; x_wconf 84' lang='grc' dir='ltr'>λελειτουργη-</span> 
     </span>
     <span class='ocr_line' id='line_1_23' title="bbox 311 1402 1817 1458; baseline 0.004 -19"><span class='ocrx_word' id='word_1_195' title='bbox 311 1402 432 1443; x_wconf 82' lang='grc' dir='ltr'>κότας.</span> <span class='ocrx_word' id='word_1_196' title='bbox 496 1403 531 1441; x_wconf 79' lang='grc' dir='ltr'>Α</span> <span class='ocrx_word' id='word_1_197' title='bbox 557 1403 729 1456; x_wconf 81' lang='lat' dir='ltr'>singulis</span> <span class='ocrx_word' id='word_1_198' title='bbox 751 1404 992 1449; x_wconf 70' lang='lat' dir='ltr'>naucrariis.</span> <span class='ocrx_word' id='word_1_199' title='bbox 1015 1420 1189 1457; x_wconf 84' lang='lat' dir='ltr'>quarum</span> <span class='ocrx_word' id='word_1_200' title='bbox 1215 1409 1309 1445; x_wconf 89' lang='lat' dir='ltr'>octo</span> <span class='ocrx_word' id='word_1_201' title='bbox 1331 1409 1373 1444; x_wconf 81' lang='lat' dir='ltr'>et</span> <span class='ocrx_word' id='word_1_202' title='bbox 1394 1405 1674 1458; x_wconf 81' lang='lat' dir='ltr'>quadraginta</span> <span class='ocrx_word' id='word_1_203' title='bbox 1695 1410 1817 1445; x_wconf 84' lang='lat' dir='ltr'>erant</span> 
     </span>
     <span class='ocr_line' id='line_1_24' title="bbox 309 1458 1816 1514; baseline 0.003 -18"><span class='ocrx_word' id='word_1_204' title='bbox 309 1462 408 1496; x_wconf 85' lang='lat' dir='ltr'>ante</span> <span class='ocrx_word' id='word_1_205' title='bbox 430 1458 684 1498; x_wconf 67' lang='lat' dir='ltr'>Clisthenem</span> <span class='ocrx_word' id='word_1_206' title='bbox 714 1465 756 1499; x_wconf 87' lang='lat' dir='ltr'>et</span> <span class='ocrx_word' id='word_1_207' title='bbox 783 1460 1086 1512; x_wconf 62' lang='lat' dir='ltr'>quinquaginta</span> <span class='ocrx_word' id='word_1_208' title='bbox 1117 1467 1211 1513; x_wconf 86' lang='lat' dir='ltr'>post</span> <span class='ocrx_word' id='word_1_209' title='bbox 1234 1461 1652 1514; x_wconf 72' lang='lat' dir='ltr'>Clisthenem,—qui.</span> <span class='ocrx_word' id='word_1_210' title='bbox 1675 1476 1816 1514; x_wconf 83' lang='lat' dir='ltr'>quam-</span> 
     </span>
     <span class='ocr_line' id='line_1_25' title="bbox 310 1512 1816 1570; baseline 0.004 -20"><span class='ocrx_word' id='word_1_211' title='bbox 310 1525 435 1564; x_wconf 84' lang='lat' dir='ltr'>quam</span> <span class='ocrx_word' id='word_1_212' title='bbox 449 1514 643 1566; x_wconf 86' lang='lat' dir='ltr'>populum</span> <span class='ocrx_word' id='word_1_213' title='bbox 659 1515 698 1553; x_wconf 91' lang='lat' dir='ltr'>in</span> <span class='ocrx_word' id='word_1_214' title='bbox 716 1515 859 1554; x_wconf 66' lang='lat' dir='ltr'>decem</span> <span class='ocrx_word' id='word_1_215' title='bbox 875 1512 1009 1555; x_wconf 80' lang='lat' dir='ltr'>tribus</span> <span class='ocrx_word' id='word_1_216' title='bbox 1029 1516 1195 1566; x_wconf 76' lang='grc' dir='ltr'>(φυλάς)</span> <span class='ocrx_word' id='word_1_217' title='bbox 1210 1522 1253 1556; x_wconf 85' lang='lat' dir='ltr'>et</span> <span class='ocrx_word' id='word_1_218' title='bbox 1269 1517 1405 1556; x_wconf 83' lang='lat' dir='ltr'>tribus</span> <span class='ocrx_word' id='word_1_219' title='bbox 1419 1517 1602 1570; x_wconf 74' lang='lat' dir='ltr'>singulas</span> <span class='ocrx_word' id='word_1_220' title='bbox 1616 1517 1655 1555; x_wconf 90' lang='lat' dir='ltr'>in</span> <span class='ocrx_word' id='word_1_221' title='bbox 1674 1517 1816 1556; x_wconf 88' lang='lat' dir='ltr'>decem</span> 
     </span>
     <span class='ocr_line' id='line_1_26' title="bbox 311 1570 1814 1626; baseline 0.003 -20"><span class='ocrx_word' id='word_1_222' title='bbox 311 1582 442 1621; x_wconf 82' lang='lat' dir='ltr'>pagos</span> <span class='ocrx_word' id='word_1_223' title='bbox 466 1570 642 1620; x_wconf 77' lang='grc' dir='ltr'>(δήμους)</span> <span class='ocrx_word' id='word_1_224' title='bbox 667 1570 889 1615; x_wconf 73' lang='lat' dir='ltr'>dividebat.</span> <span class='ocrx_word' id='word_1_225' title='bbox 915 1576 1066 1615; x_wconf 77' lang='lat' dir='ltr'>tamen.</span> <span class='ocrx_word' id='word_1_226' title='bbox 1086 1577 1132 1611; x_wconf 86' lang='lat' dir='ltr'>ut</span> <span class='ocrx_word' id='word_1_227' title='bbox 1155 1573 1362 1611; x_wconf 64' lang='lat' dir='ltr'>Clidemus</span> <span class='ocrx_word' id='word_1_228' title='bbox 1384 1577 1531 1612; x_wconf 85' lang='lat' dir='ltr'>narrat</span> <span class='ocrx_word' id='word_1_229' title='bbox 1551 1573 1663 1626; x_wconf 84' lang='lat' dir='ltr'>apud</span> <span class='ocrx_word' id='word_1_230' title='bbox 1687 1573 1814 1613; x_wconf 76' lang='lat' dir='ltr'>Phot.</span> 
     </span>
     <span class='ocr_line' id='line_1_27' title="bbox 310 1627 1814 1681; baseline 0.003 -19"><span class='ocrx_word' id='word_1_231' title='bbox 310 1637 346 1662; x_wconf 90' lang='lat' dir='ltr'>v.</span> <span class='ocrx_word' id='word_1_232' title='bbox 372 1627 592 1675; x_wconf 72' lang='grc' dir='ltr'>ναυκραρία,</span> <span class='ocrx_word' id='word_1_233' title='bbox 616 1627 929 1665; x_wconf 79' lang='lat' dir='ltr'>naucrariarum</span> <span class='ocrx_word' id='word_1_234' title='bbox 951 1627 1283 1680; x_wconf 72' lang='lat' dir='ltr'>descriptionem.</span> <span class='ocrx_word' id='word_1_235' title='bbox 1307 1628 1357 1666; x_wconf 75' lang='lat' dir='ltr'>(le</span> <span class='ocrx_word' id='word_1_236' title='bbox 1380 1628 1577 1667; x_wconf 85' lang='lat' dir='ltr'>Boeckhii</span> <span class='ocrx_word' id='word_1_237' title='bbox 1606 1642 1638 1667; x_wconf 72' lang='grc' dir='ltr'>ι.</span> <span class='ocrx_word' id='word_1_238' title='bbox 1660 1643 1700 1681; x_wconf 89' lang='lat' dir='ltr'>p.</span> <span class='ocrx_word' id='word_1_239' title='bbox 1720 1640 1768 1680; x_wconf 81' lang='lat'>27</span> <span class='ocrx_word' id='word_1_240' title='bbox 1774 1639 1814 1681; x_wconf 83' lang='lat'>5.</span> 
     </span>
     <span class='ocr_line' id='line_1_28' title="bbox 311 1680 1816 1735; baseline 0.005 -19"><span class='ocrx_word' id='word_1_241' title='bbox 311 1680 532 1729; x_wconf 80' lang='lat' dir='ltr'>sententia,</span> <span class='ocrx_word' id='word_1_242' title='bbox 550 1681 605 1720; x_wconf 84' lang='lat' dir='ltr'>ad</span> <span class='ocrx_word' id='word_1_243' title='bbox 627 1682 822 1734; x_wconf 80' lang='lat' dir='ltr'>pecunias</span> <span class='ocrx_word' id='word_1_244' title='bbox 843 1682 1068 1735; x_wconf 76' lang='lat' dir='ltr'>exigendas</span> <span class='ocrx_word' id='word_1_245' title='bbox 1090 1688 1132 1722; x_wconf 86' lang='lat' dir='ltr'>et</span> <span class='ocrx_word' id='word_1_246' title='bbox 1153 1683 1302 1722; x_wconf 77' lang='lat' dir='ltr'>milites</span> <span class='ocrx_word' id='word_1_247' title='bbox 1324 1683 1644 1723; x_wconf 71' lang='lat' dir='ltr'>conscribendos</span> <span class='ocrx_word' id='word_1_248' title='bbox 1664 1683 1816 1723; x_wconf 88' lang='lat' dir='ltr'>retine-</span> 
     </span>
     <span class='ocr_line' id='line_1_29' title="bbox 310 1733 1816 1790; baseline 0.003 -17"><span class='ocrx_word' id='word_1_249' title='bbox 310 1733 591 1775; x_wconf 77' lang='lat' dir='ltr'>bat—navem</span> <span class='ocrx_word' id='word_1_250' title='bbox 618 1751 742 1776; x_wconf 82' lang='lat' dir='ltr'>unam</span> <span class='ocrx_word' id='word_1_251' title='bbox 771 1752 860 1776; x_wconf 82' lang='lat' dir='ltr'>esse</span> <span class='ocrx_word' id='word_1_252' title='bbox 885 1739 1120 1790; x_wconf 78' lang='lat' dir='ltr'>praebitam</span> <span class='ocrx_word' id='word_1_253' title='bbox 1146 1739 1267 1778; x_wconf 74' lang='lat' dir='ltr'>docet</span> <span class='ocrx_word' id='word_1_254' title='bbox 1290 1739 1439 1778; x_wconf 85' lang='lat' dir='ltr'>Pollux</span> <span class='ocrx_word' id='word_1_255' title='bbox 1463 1740 1501 1786; x_wconf 82' lang='lat'>8,</span> <span class='ocrx_word' id='word_1_256' title='bbox 1528 1741 1619 1778; x_wconf 73' lang='lat'>108.</span> <span class='ocrx_word' id='word_1_257' title='bbox 1680 1739 1816 1789; x_wconf 71' lang='lat' dir='ltr'>Quum</span> 
     </span>
     <span class='ocr_line' id='line_1_30' title="bbox 308 1792 1817 1848; baseline 0.004 -20"><span class='ocrx_word' id='word_1_258' title='bbox 308 1795 449 1829; x_wconf 86' lang='lat' dir='ltr'>autem</span> <span class='ocrx_word' id='word_1_259' title='bbox 481 1792 711 1844; x_wconf 76' lang='lat' dir='ltr'>posteriore</span> <span class='ocrx_word' id='word_1_260' title='bbox 741 1798 941 1846; x_wconf 70' lang='lat' dir='ltr'>tempore.</span> <span class='ocrx_word' id='word_1_261' title='bbox 965 1794 1208 1833; x_wconf 85' lang='lat' dir='ltr'>nominatim</span> <span class='ocrx_word' id='word_1_262' title='bbox 1230 1809 1289 1841; x_wconf 75' lang='lat' dir='ltr'>eo,</span> <span class='ocrx_word' id='word_1_263' title='bbox 1314 1809 1395 1847; x_wconf 86' lang='lat' dir='ltr'>quo</span> <span class='ocrx_word' id='word_1_264' title='bbox 1426 1809 1567 1848; x_wconf 78' lang='lat' dir='ltr'>pugna</span> <span class='ocrx_word' id='word_1_265' title='bbox 1589 1794 1817 1834; x_wconf 84' lang='lat' dir='ltr'>Salaminia</span> 
     </span>
    </p>

    <p class='ocr_par' dir='ltr' id='par_1_4' title="bbox 240 1843 1817 2787">
     <span class='ocr_line' id='line_1_31' title="bbox 240 1843 1816 1902; baseline 0.005 -20"><span class='ocrx_word' id='word_1_266' title='bbox 240 1843 295 1882; x_wconf 81' lang='lat'>33</span> <span class='ocrx_word' id='word_1_267' title='bbox 309 1847 528 1886; x_wconf 81' lang='lat' dir='ltr'>commissa</span> <span class='ocrx_word' id='word_1_268' title='bbox 548 1853 625 1895; x_wconf 69' lang='lat' dir='ltr'>est,</span> <span class='ocrx_word' id='word_1_269' title='bbox 648 1862 864 1889; x_wconf 88' lang='lat' dir='ltr'>numerum</span> <span class='ocrx_word' id='word_1_270' title='bbox 894 1849 1057 1888; x_wconf 77' lang='lat' dir='ltr'>navium</span> <span class='ocrx_word' id='word_1_271' title='bbox 1088 1854 1258 1889; x_wconf 79' lang='lat' dir='ltr'>auctum</span> <span class='ocrx_word' id='word_1_272' title='bbox 1289 1863 1378 1889; x_wconf 86' lang='lat' dir='ltr'>esse</span> <span class='ocrx_word' id='word_1_273' title='bbox 1409 1864 1538 1902; x_wconf 88' lang='lat' dir='ltr'>usque</span> <span class='ocrx_word' id='word_1_274' title='bbox 1563 1851 1618 1890; x_wconf 85' lang='lat' dir='ltr'>ad</span> <span class='ocrx_word' id='word_1_275' title='bbox 1639 1851 1816 1890; x_wconf 84' lang='lat' dir='ltr'>ducena-</span> 
     </span>
     <span class='ocr_line' id='line_1_32' title="bbox 308 1901 1816 1958; baseline 0.004 -19"><span class='ocrx_word' id='word_1_276' title='bbox 308 1901 727 1957; x_wconf 84' lang='lat' dir='ltr'>rium—quamquam</span> <span class='ocrx_word' id='word_1_277' title='bbox 749 1919 774 1944; x_wconf 91' lang='lat' dir='ltr'>a</span> <span class='ocrx_word' id='word_1_278' title='bbox 797 1904 1078 1944; x_wconf 79' lang='lat' dir='ltr'>Demosthene</span> <span class='ocrx_word' id='word_1_279' title='bbox 1099 1905 1139 1943; x_wconf 90' lang='lat' dir='ltr'>in</span> <span class='ocrx_word' id='word_1_280' title='bbox 1172 1906 1249 1944; x_wconf 81' lang='lat' dir='ltr'>hac</span> <span class='ocrx_word' id='word_1_281' title='bbox 1274 1904 1364 1958; x_wconf 88' lang='lat' dir='ltr'>ipsa</span> <span class='ocrx_word' id='word_1_282' title='bbox 1384 1905 1573 1945; x_wconf 85' lang='lat' dir='ltr'>oratione</span> <span class='ocrx_word' id='word_1_283' title='bbox 1594 1921 1633 1958; x_wconf 89' lang='lat' dir='ltr'>p.</span> <span class='ocrx_word' id='word_1_284' title='bbox 1662 1907 1752 1954; x_wconf 86' lang='lat'>186,</span> <span class='ocrx_word' id='word_1_285' title='bbox 1776 1908 1816 1945; x_wconf 88' lang='lat'>6.</span> 
     </span>
     <span class='ocr_line' id='line_1_33' title="bbox 308 1959 1815 2014; baseline 0.003 -19"><span class='ocrx_word' id='word_1_286' title='bbox 308 1959 571 1998; x_wconf 85' lang='lat' dir='ltr'>centenarius</span> <span class='ocrx_word' id='word_1_287' title='bbox 605 1964 770 1999; x_wconf 87' lang='lat' dir='ltr'>tantum</span> <span class='ocrx_word' id='word_1_288' title='bbox 806 1960 988 2013; x_wconf 69' lang='lat' dir='ltr'>ponitur„</span> <span class='ocrx_word' id='word_1_289' title='bbox 1025 1975 1148 2013; x_wconf 84' lang='lat' dir='ltr'>quam</span> <span class='ocrx_word' id='word_1_290' title='bbox 1184 1961 1268 2000; x_wconf 90' lang='lat' dir='ltr'>veri</span> <span class='ocrx_word' id='word_1_291' title='bbox 1304 1961 1464 2000; x_wconf 87' lang='lat' dir='ltr'>numeri</span> <span class='ocrx_word' id='word_1_292' title='bbox 1505 1960 1815 2014; x_wconf 79' lang='lat' dir='ltr'>corruptionem</span> 
     </span>
     <span class='ocr_line' id='line_1_34' title="bbox 310 2012 1815 2070; baseline 0.004 -20"><span class='ocrx_word' id='word_1_293' title='bbox 310 2012 544 2054; x_wconf 82' lang='lat' dir='ltr'>Boeckhius</span> <span class='ocrx_word' id='word_1_294' title='bbox 573 2029 604 2055; x_wconf 87' lang='lat'>1.</span> <span class='ocrx_word' id='word_1_295' title='bbox 627 2030 665 2068; x_wconf 88' lang='lat' dir='ltr'>p.</span> <span class='ocrx_word' id='word_1_296' title='bbox 692 2018 785 2065; x_wconf 82' lang='lat'>276.</span> <span class='ocrx_word' id='word_1_297' title='bbox 809 2016 897 2055; x_wconf 86' lang='lat' dir='ltr'>sine</span> <span class='ocrx_word' id='word_1_298' title='bbox 926 2016 1042 2069; x_wconf 85' lang='lat' dir='ltr'>justa</span> <span class='ocrx_word' id='word_1_299' title='bbox 1076 2031 1225 2056; x_wconf 83' lang='lat' dir='ltr'>caussa</span> <span class='ocrx_word' id='word_1_300' title='bbox 1254 2021 1420 2056; x_wconf 78' lang='lat' dir='ltr'>tantam</span> <span class='ocrx_word' id='word_1_301' title='bbox 1451 2021 1588 2069; x_wconf 82' lang='lat' dir='ltr'>putat,</span> <span class='ocrx_word' id='word_1_302' title='bbox 1612 2022 1659 2056; x_wconf 82' lang='lat' dir='ltr'>ut</span> <span class='ocrx_word' id='word_1_303' title='bbox 1691 2031 1815 2070; x_wconf 78' lang='lat' dir='ltr'>argu-</span> 
     </span>
     <span class='ocr_line' id='line_1_35' title="bbox 309 2070 1815 2125; baseline 0.004 -19"><span class='ocrx_word' id='word_1_304' title='bbox 309 2073 495 2107; x_wconf 89' lang='lat' dir='ltr'>mentum</span> <span class='ocrx_word' id='word_1_305' title='bbox 517 2070 612 2109; x_wconf 86' lang='lat' dir='ltr'>inde</span> <span class='ocrx_word' id='word_1_306' title='bbox 633 2071 814 2123; x_wconf 86' lang='lat' dir='ltr'>aliquem</span> <span class='ocrx_word' id='word_1_307' title='bbox 835 2072 889 2110; x_wconf 88' lang='lat' dir='ltr'>ad</span> <span class='ocrx_word' id='word_1_308' title='bbox 911 2071 1185 2124; x_wconf 81' lang='lat' dir='ltr'>suspicionem</span> <span class='ocrx_word' id='word_1_309' title='bbox 1207 2072 1258 2110; x_wconf 90' lang='lat' dir='ltr'>de</span> <span class='ocrx_word' id='word_1_310' title='bbox 1278 2076 1448 2111; x_wconf 81' lang='lat' dir='ltr'>auctore</span> <span class='ocrx_word' id='word_1_311' title='bbox 1470 2072 1593 2125; x_wconf 86' lang='lat' dir='ltr'>hujus</span> <span class='ocrx_word' id='word_1_312' title='bbox 1614 2072 1815 2112; x_wconf 86' lang='lat' dir='ltr'>orationis</span> 
     </span>
     <span class='ocr_line' id='line_1_36' title="bbox 308 2125 1814 2180; baseline 0.003 -19"><span class='ocrx_word' id='word_1_313' title='bbox 308 2125 553 2164; x_wconf 87' lang='lat' dir='ltr'>movendam</span> <span class='ocrx_word' id='word_1_314' title='bbox 594 2131 783 2178; x_wconf 85' lang='lat' dir='ltr'>repetere</span> <span class='ocrx_word' id='word_1_315' title='bbox 814 2141 937 2179; x_wconf 86' lang='lat' dir='ltr'>posse</span> <span class='ocrx_word' id='word_1_316' title='bbox 973 2126 1476 2167; x_wconf 83' lang='lat' dir='ltr'>existimet—multorum</span> <span class='ocrx_word' id='word_1_317' title='bbox 1508 2132 1706 2175; x_wconf 77' lang='lat' dir='ltr'>veterum,</span> <span class='ocrx_word' id='word_1_318' title='bbox 1745 2127 1814 2180; x_wconf 90' lang='lat' dir='ltr'>qui</span> 
     </span>
     <span class='ocr_line' id='line_1_37' title="bbox 311 2178 1817 2235; baseline 0.003 -18"><span class='ocrx_word' id='word_1_319' title='bbox 311 2178 562 2220; x_wconf 83' lang='lat' dir='ltr'>Salaminiae</span> <span class='ocrx_word' id='word_1_320' title='bbox 592 2196 756 2234; x_wconf 81' lang='lat' dir='ltr'>pugnae</span> <span class='ocrx_word' id='word_1_321' title='bbox 787 2182 1039 2222; x_wconf 86' lang='lat' dir='ltr'>mentionem</span> <span class='ocrx_word' id='word_1_322' title='bbox 1066 2183 1265 2231; x_wconf 71' lang='lat' dir='ltr'>fecerunt,</span> <span class='ocrx_word' id='word_1_323' title='bbox 1303 2183 1577 2235; x_wconf 79' lang='lat' dir='ltr'>scriptorum⁰</span> <span class='ocrx_word' id='word_1_324' title='bbox 1605 2188 1817 2223; x_wconf 86' lang='lat' dir='ltr'>testentur</span> 
     </span>
     <span class='ocr_line' id='line_1_38' title="bbox 309 2234 1813 2283; baseline 0.004 -12"><span class='ocrx_word' id='word_1_325' title='bbox 309 2234 582 2283; x_wconf 77' lang='lat' dir='ltr'>narrationes,</span> <span class='ocrx_word' id='word_1_326' title='bbox 616 2237 743 2275; x_wconf 85' lang='lat' dir='ltr'>etiam</span> <span class='ocrx_word' id='word_1_327' title='bbox 778 2237 1105 2277; x_wconf 80' lang='lat' dir='ltr'>trierarchorum</span> <span class='ocrx_word' id='word_1_328' title='bbox 1136 2252 1351 2277; x_wconf 87' lang='lat' dir='ltr'>numerum</span> <span class='ocrx_word' id='word_1_329' title='bbox 1388 2238 1619 2278; x_wconf 86' lang='lat' dir='ltr'>necessario</span> <span class='ocrx_word' id='word_1_330' title='bbox 1645 2242 1813 2278; x_wconf 88' lang='lat' dir='ltr'>auctum</span> 
     </span>
     <span class='ocr_line' id='line_1_39' title="bbox 308 2291 1815 2345; baseline 0.004 -18"><span class='ocrx_word' id='word_1_331' title='bbox 308 2303 398 2328; x_wconf 86' lang='lat' dir='ltr'>esse</span> <span class='ocrx_word' id='word_1_332' title='bbox 420 2294 533 2329; x_wconf 81' lang='lat' dir='ltr'>recte</span> <span class='ocrx_word' id='word_1_333' title='bbox 554 2291 720 2344; x_wconf 75' lang='lat' dir='ltr'>collegit</span> <span class='ocrx_word' id='word_1_334' title='bbox 743 2291 977 2331; x_wconf 82' lang='lat' dir='ltr'>Boeckhius</span> <span class='ocrx_word' id='word_1_335' title='bbox 1002 2305 1037 2333; x_wconf 83' lang='lat'>2.</span> <span class='ocrx_word' id='word_1_336' title='bbox 1060 2308 1099 2345; x_wconf 92' lang='lat' dir='ltr'>p.</span> <span class='ocrx_word' id='word_1_337' title='bbox 1117 2294 1182 2342; x_wconf 88' lang='lat'>87.</span> <span class='ocrx_word' id='word_1_338' title='bbox 1245 2294 1335 2343; x_wconf 71' lang='lat' dir='ltr'>Quo</span> <span class='ocrx_word' id='word_1_339' title='bbox 1359 2294 1453 2345; x_wconf 85' lang='lat' dir='ltr'>jure</span> <span class='ocrx_word' id='word_1_340' title='bbox 1473 2298 1614 2333; x_wconf 86' lang='lat' dir='ltr'>autem</span> <span class='ocrx_word' id='word_1_341' title='bbox 1636 2294 1698 2332; x_wconf 86' lang='lat' dir='ltr'>vir</span> <span class='ocrx_word' id='word_1_342' title='bbox 1719 2294 1815 2333; x_wconf 89' lang='lat' dir='ltr'>doc-</span> 
     </span>
     <span class='ocr_line' id='line_1_40' title="bbox 310 2344 1815 2402; baseline 0.004 -20"><span class='ocrx_word' id='word_1_343' title='bbox 310 2344 493 2383; x_wconf 88' lang='lat' dir='ltr'>tissimus</span> <span class='ocrx_word' id='word_1_344' title='bbox 524 2350 689 2386; x_wconf 87' lang='lat' dir='ltr'>statuat</span> <span class='ocrx_word' id='word_1_345' title='bbox 720 2352 819 2386; x_wconf 84' lang='lat' dir='ltr'>ante</span> <span class='ocrx_word' id='word_1_346' title='bbox 851 2352 1016 2400; x_wconf 88' lang='lat' dir='ltr'>tempus</span> <span class='ocrx_word' id='word_1_347' title='bbox 1049 2348 1090 2386; x_wconf 90' lang='lat' dir='ltr'>id</span> <span class='ocrx_word' id='word_1_348' title='bbox 1112 2348 1210 2393; x_wconf 84' lang='lat' dir='ltr'>(hoc</span> <span class='ocrx_word' id='word_1_349' title='bbox 1240 2354 1305 2387; x_wconf 82' lang='lat' dir='ltr'>est</span> <span class='ocrx_word' id='word_1_350' title='bbox 1327 2349 1389 2387; x_wconf 84' lang='lat' dir='ltr'>Ol.</span> <span class='ocrx_word' id='word_1_351' title='bbox 1414 2362 1480 2400; x_wconf 71' lang='lat'>927</span> <span class='ocrx_word' id='word_1_352' title='bbox 1502 2349 1560 2401; x_wconf 71' lang='lat'>3),</span> <span class='ocrx_word' id='word_1_353' title='bbox 1584 2364 1664 2402; x_wconf 92' lang='lat' dir='ltr'>quo</span> <span class='ocrx_word' id='word_1_354' title='bbox 1693 2349 1815 2388; x_wconf 87' lang='lat' dir='ltr'>binos</span> 
     </span>
     <span class='ocr_line' id='line_1_41' title="bbox 303 2399 1812 2456; baseline 0.005 -19"><span class='ocrx_word' id='word_1_355' title='bbox 303 2399 474 2450; x_wconf 84' lang='lat' dir='ltr'>junctos</span> <span class='ocrx_word' id='word_1_356' title='bbox 496 2401 789 2441; x_wconf 83' lang='lat' dir='ltr'>trierarchiam</span> <span class='ocrx_word' id='word_1_357' title='bbox 811 2402 964 2441; x_wconf 87' lang='lat' dir='ltr'>obiisse</span> <span class='ocrx_word' id='word_1_358' title='bbox 989 2403 1102 2455; x_wconf 84' lang='lat' dir='ltr'>apud</span> <span class='ocrx_word' id='word_1_359' title='bbox 1126 2402 1220 2455; x_wconf 81' lang='lat' dir='ltr'>Lys.</span> <span class='ocrx_word' id='word_1_360' title='bbox 1245 2418 1278 2442; x_wconf 87' lang='lat' dir='ltr'>c.</span> <span class='ocrx_word' id='word_1_361' title='bbox 1302 2403 1487 2456; x_wconf 78' lang='lat' dir='ltr'>Diogeit.</span> <span class='ocrx_word' id='word_1_362' title='bbox 1510 2418 1549 2456; x_wconf 91' lang='lat' dir='ltr'>p.</span> <span class='ocrx_word' id='word_1_363' title='bbox 1574 2417 1812 2456; x_wconf 73' lang='lat'>907—909.</span> 
     </span>
     <span class='ocr_line' id='line_1_42' title="bbox 308 2455 1812 2511; baseline 0.004 -18"><span class='ocrx_word' id='word_1_364' title='bbox 308 2455 476 2502; x_wconf 78' lang='lat' dir='ltr'>invenit,</span> <span class='ocrx_word' id='word_1_365' title='bbox 512 2471 594 2495; x_wconf 86' lang='lat' dir='ltr'>non</span> <span class='ocrx_word' id='word_1_366' title='bbox 627 2457 747 2496; x_wconf 86' lang='lat' dir='ltr'>binos</span> <span class='ocrx_word' id='word_1_367' title='bbox 780 2458 852 2497; x_wconf 84' lang='lat' dir='ltr'>sed</span> <span class='ocrx_word' id='word_1_368' title='bbox 885 2457 1069 2511; x_wconf 76' lang='lat' dir='ltr'>singulos</span> <span class='ocrx_word' id='word_1_369' title='bbox 1101 2458 1352 2498; x_wconf 84' lang='lat' dir='ltr'>trierarchia</span> <span class='ocrx_word' id='word_1_370' title='bbox 1383 2459 1497 2511; x_wconf 79' lang='lat' dir='ltr'>fungi</span> <span class='ocrx_word' id='word_1_371' title='bbox 1528 2473 1618 2498; x_wconf 87' lang='lat' dir='ltr'>esse</span> <span class='ocrx_word' id='word_1_372' title='bbox 1654 2459 1812 2507; x_wconf 81' lang='lat' dir='ltr'>solitos,</span> 
     </span>
     <span class='ocr_line' id='line_1_43' title="bbox 307 2510 1811 2567; baseline 0.003 -19"><span class='ocrx_word' id='word_1_373' title='bbox 307 2510 458 2553; x_wconf 75' lang='lat' dir='ltr'>neseio.</span> <span class='ocrx_word' id='word_1_374' title='bbox 482 2512 729 2563; x_wconf 87' lang='lat' dir='ltr'>praesertim</span> <span class='ocrx_word' id='word_1_375' title='bbox 759 2527 851 2551; x_wconf 85' lang='lat' dir='ltr'>cum</span> <span class='ocrx_word' id='word_1_376' title='bbox 880 2513 1027 2552; x_wconf 87' lang='lat' dir='ltr'>deinde</span> <span class='ocrx_word' id='word_1_377' title='bbox 1049 2512 1176 2553; x_wconf 83' lang='lat' dir='ltr'>etiam</span> <span class='ocrx_word' id='word_1_378' title='bbox 1200 2514 1396 2566; x_wconf 86' lang='lat' dir='ltr'>Xenoph.</span> <span class='ocrx_word' id='word_1_379' title='bbox 1419 2514 1470 2553; x_wconf 86' lang='lat' dir='ltr'>de</span> <span class='ocrx_word' id='word_1_380' title='bbox 1494 2515 1623 2567; x_wconf 89' lang='lat' dir='ltr'>repbl.</span> <span class='ocrx_word' id='word_1_381' title='bbox 1647 2515 1750 2554; x_wconf 84' lang='lat' dir='ltr'>Ath.</span> <span class='ocrx_word' id='word_1_382' title='bbox 1771 2528 1811 2567; x_wconf 78' lang='lat'>3.</span> 
     </span>
     <span class='ocr_line' id='line_1_44' title="bbox 306 2566 1812 2622; baseline 0.003 -18"><span class='ocrx_word' id='word_1_383' title='bbox 306 2580 344 2614; x_wconf 90' lang='lat'>4.</span> <span class='ocrx_word' id='word_1_384' title='bbox 368 2572 410 2606; x_wconf 92' lang='lat' dir='ltr'>et</span> <span class='ocrx_word' id='word_1_385' title='bbox 428 2566 579 2605; x_wconf 86' lang='lat' dir='ltr'>Oecon.</span> <span class='ocrx_word' id='word_1_386' title='bbox 607 2580 641 2612; x_wconf 72' lang='lat'>2.</span> <span class='ocrx_word' id='word_1_387' title='bbox 661 2570 698 2606; x_wconf 91' lang='lat'>6.</span> <span class='ocrx_word' id='word_1_388' title='bbox 721 2569 948 2620; x_wconf 77' lang='grc' dir='ltr'>τριήραρχος</span> <span class='ocrx_word' id='word_1_389' title='bbox 969 2574 1013 2608; x_wconf 88' lang='lat' dir='ltr'>et</span> <span class='ocrx_word' id='word_1_390' title='bbox 1034 2571 1262 2620; x_wconf 79' lang='grc' dir='ltr'>τριηραρχία</span> <span class='ocrx_word' id='word_1_391' title='bbox 1283 2569 1334 2608; x_wconf 89' lang='lat' dir='ltr'>de</span> <span class='ocrx_word' id='word_1_392' title='bbox 1356 2569 1683 2622; x_wconf 71' lang='lat' dir='ltr'>syntrierarchia</span> <span class='ocrx_word' id='word_1_393' title='bbox 1704 2570 1812 2609; x_wconf 87' lang='lat' dir='ltr'>acci-</span> 
     </span>
     <span class='ocr_line' id='line_1_45' title="bbox 307 2621 1809 2678; baseline 0.003 -19"><span class='ocrx_word' id='word_1_394' title='bbox 307 2621 398 2673; x_wconf 85' lang='lat' dir='ltr'>piat</span> <span class='ocrx_word' id='word_1_395' title='bbox 419 2622 496 2661; x_wconf 85' lang='lat' dir='ltr'>vol.</span> <span class='ocrx_word' id='word_1_396' title='bbox 522 2634 557 2661; x_wconf 86' lang='lat'>2.</span> <span class='ocrx_word' id='word_1_397' title='bbox 591 2637 630 2675; x_wconf 89' lang='lat' dir='ltr'>p.</span> <span class='ocrx_word' id='word_1_398' title='bbox 655 2623 722 2662; x_wconf 88' lang='lat'>88.</span> <span class='ocrx_word' id='word_1_399' title='bbox 750 2637 842 2661; x_wconf 81' lang='lat'>121.</span> <span class='ocrx_word' id='word_1_400' title='bbox 906 2624 1014 2663; x_wconf 85' lang='lat' dir='ltr'>Nam</span> <span class='ocrx_word' id='word_1_401' title='bbox 1038 2624 1235 2676; x_wconf 70' lang='lat' dir='ltr'>Polyaen.</span> <span class='ocrx_word' id='word_1_402' title='bbox 1266 2638 1296 2671; x_wconf 77' lang='grc'>1,</span> <span class='ocrx_word' id='word_1_403' title='bbox 1328 2636 1395 2677; x_wconf 69' lang='grc'>30,</span> <span class='ocrx_word' id='word_1_404' title='bbox 1420 2637 1457 2675; x_wconf 84' lang='grc'>5.</span> <span class='ocrx_word' id='word_1_405' title='bbox 1491 2630 1533 2664; x_wconf 91' lang='lat' dir='ltr'>et</span> <span class='ocrx_word' id='word_1_406' title='bbox 1563 2625 1748 2678; x_wconf 76' lang='lat' dir='ltr'>Thucyd.</span> <span class='ocrx_word' id='word_1_407' title='bbox 1777 2638 1809 2672; x_wconf 81' lang='lat'>2,</span> 
     </span>
     <span class='ocr_line' id='line_1_46' title="bbox 308 2678 1811 2732; baseline 0.002 -16"><span class='ocrx_word' id='word_1_408' title='bbox 308 2688 373 2723; x_wconf 77' lang='lat'>24.</span> <span class='ocrx_word' id='word_1_409' title='bbox 407 2678 443 2723; x_wconf 73' lang='lat'>6.</span> <span class='ocrx_word' id='word_1_410' title='bbox 466 2689 551 2729; x_wconf 64' lang='lat'>31..</span> <span class='ocrx_word' id='word_1_411' title='bbox 575 2678 645 2730; x_wconf 90' lang='lat' dir='ltr'>qui</span> <span class='ocrx_word' id='word_1_412' title='bbox 662 2678 712 2717; x_wconf 89' lang='lat' dir='ltr'>de</span> <span class='ocrx_word' id='word_1_413' title='bbox 733 2678 1042 2730; x_wconf 83' lang='lat' dir='ltr'>antiquioribus</span> <span class='ocrx_word' id='word_1_414' title='bbox 1059 2679 1247 2718; x_wconf 86' lang='lat' dir='ltr'>scribunt</span> <span class='ocrx_word' id='word_1_415' title='bbox 1264 2680 1534 2732; x_wconf 70' lang='lat' dir='ltr'>temporibus.</span> <span class='ocrx_word' id='word_1_416' title='bbox 1552 2694 1635 2719; x_wconf 91' lang='lat' dir='ltr'>non</span> <span class='ocrx_word' id='word_1_417' title='bbox 1656 2679 1811 2720; x_wconf 89' lang='lat' dir='ltr'>diserte</span> 
     </span>
     <span class='ocr_line' id='line_1_47' title="bbox 308 2732 1811 2787; baseline 0.003 -18"><span class='ocrx_word' id='word_1_418' title='bbox 308 2736 484 2771; x_wconf 88' lang='lat' dir='ltr'>narrant</span> <span class='ocrx_word' id='word_1_419' title='bbox 520 2732 693 2785; x_wconf 77' lang='lat' dir='ltr'>singulis</span> <span class='ocrx_word' id='word_1_420' title='bbox 726 2733 970 2773; x_wconf 82' lang='lat' dir='ltr'>trierarchis</span> <span class='ocrx_word' id='word_1_421' title='bbox 1006 2734 1189 2787; x_wconf 81' lang='lat' dir='ltr'>singulas</span> <span class='ocrx_word' id='word_1_422' title='bbox 1220 2734 1411 2774; x_wconf 82' lang='lat' dir='ltr'>triremes</span> <span class='ocrx_word' id='word_1_423' title='bbox 1443 2749 1532 2774; x_wconf 85' lang='lat' dir='ltr'>esse</span> <span class='ocrx_word' id='word_1_424' title='bbox 1564 2735 1811 2775; x_wconf 83' lang='lat' dir='ltr'>attributas.</span> 
     </span>
    </p>
   </div>
   <div class='ocr_carea' id='block_1_3' title="bbox 312 2860 1809 2939">
    <p class='ocr_par' dir='ltr' id='par_1_5' title="bbox 312 2860 1809 2939">
     <span class='ocr_line' id='line_1_48' title="bbox 350 2860 1809 2904; baseline 0.004 -16"><span class='ocrx_word' id='word_1_425' title='bbox 350 2866 366 2879; x_wconf 76' lang='lat'>0</span> <span class='ocrx_word' id='word_1_426' title='bbox 391 2861 439 2889; x_wconf 80' lang='lat' dir='ltr'>Cf.</span> <span class='ocrx_word' id='word_1_427' title='bbox 460 2860 648 2891; x_wconf 74' lang='lat' dir='ltr'>Valekenar.</span> <span class='ocrx_word' id='word_1_428' title='bbox 674 2868 703 2890; x_wconf 69' lang='lat' dir='ltr'>ot</span> <span class='ocrx_word' id='word_1_429' title='bbox 721 2862 852 2891; x_wconf 68' lang='lat' dir='ltr'>wessel.</span> <span class='ocrx_word' id='word_1_430' title='bbox 871 2864 907 2891; x_wconf 76' lang='lat' dir='ltr'>ud</span> <span class='ocrx_word' id='word_1_431' title='bbox 929 2863 1076 2893; x_wconf 82' lang='lat' dir='ltr'>Herodot.</span> <span class='ocrx_word' id='word_1_432' title='bbox 1103 2864 1134 2896; x_wconf 66' lang='lat'>8,</span> <span class='ocrx_word' id='word_1_433' title='bbox 1157 2873 1179 2892; x_wconf 83' lang='grc' dir='ltr'>ι.</span> <span class='ocrx_word' id='word_1_434' title='bbox 1200 2873 1226 2892; x_wconf 79' lang='lat'>2.</span> <span class='ocrx_word' id='word_1_435' title='bbox 1251 2870 1282 2893; x_wconf 80' lang='lat' dir='ltr'>et</span> <span class='ocrx_word' id='word_1_436' title='bbox 1300 2864 1429 2893; x_wconf 74' lang='lat' dir='ltr'>Morum</span> <span class='ocrx_word' id='word_1_437' title='bbox 1452 2865 1489 2893; x_wconf 78' lang='lat' dir='ltr'>ad</span> <span class='ocrx_word' id='word_1_438' title='bbox 1510 2864 1634 2894; x_wconf 71' lang='lat' dir='ltr'>Isocrat.</span> <span class='ocrx_word' id='word_1_439' title='bbox 1655 2865 1809 2904; x_wconf 76' lang='lat' dir='ltr'>Panegyr.</span> 
     </span>
     <span class='ocr_line' id='line_1_49' title="bbox 312 2908 472 2939; baseline 0.006 -10"><span class='ocrx_word' id='word_1_440' title='bbox 312 2909 357 2938; x_wconf 79' lang='lat'>25.</span> <span class='ocrx_word' id='word_1_441' title='bbox 375 2908 403 2931; x_wconf 77' lang='lat' dir='ltr'>et</span> <span class='ocrx_word' id='word_1_442' title='bbox 424 2911 472 2939; x_wconf 74' lang='lat'>27.</span> 
     </span>
    </p>
   </div>
  </div>
 </body>
</html>
