1934 3179
245 156 252 161 -
308 135 390 173 482
714 132 793 172 DE
827 132 1023 172 FALSA
1058 129 1418 171 LEGATIONE.

310 237 499 291 Denique
519 241 673 284 monet,
692 252 743 277 ne
762 238 1012 277 Aeschinem
1033 236 1074 274 in
1092 235 1316 276 Charetem
1337 234 1474 274 invehi
1495 233 1726 287 patiantur,
1745 234 1818 273 sed

309 307 352 332 se
373 294 593 333 defendere
610 294 787 346 jubeant
803 293 1066 346 (381-388)
1090 305 1192 330 neve
1209 291 1297 343 ejus
1312 290 1551 343 eloquentia
1568 289 1645 329 sibi
1661 289 1817 342 imponi

308 349 525 401 patiantur
553 351 832 401 (389-393).
893 347 1173 398 Quamobrem
1207 346 1359 385 iterum
1395 345 1581 385 ostendit
1614 349 1818 397 quantum

308 404 558 458 reipublicae
572 404 737 444 intersit
753 403 1002 443 Aeschinem
1015 402 1280 441 condemnari
1298 404 1313 453 (
1318 415 1340 455 3
1348 414 1513 454 94-39
1517 402 1577 454 5.)
1594 400 1816 439 FRANK.

314 460 475 513 Proleg.
499 475 537 512 p.
568 473 613 500 12
638 473 750 511 seqq.

815 600 867 639 In
888 606 1121 653 armamenta
1147 600 1311 638 Graeca.

379 695 477 735 333,
509 695 540 721 1.
574 686 700 721 ΠΕΡΙ
743 685 854 721 ΤΗΣ
900 680 1367 732 ΠΑΡΑΠΡΕΣΒΕΙΑΣ]
1424 680 1640 719 Philemon
1675 694 1715 731 p.
1750 691 1818 731 31.

312 738 361 779 ὡς
391 741 495 787 παρὰ
522 737 770 787 Δημοσθένει
802 739 845 776 ἐν
866 740 915 790 τῷ
938 738 1270 787 παραπρεσβείας.
1334 735 1524 774 Tiberius
1555 749 1594 787 p.
1620 747 1684 774 20.
1709 735 1757 775 ὡς
1779 735 1822 773 ἐν

311 797 361 846 τῷ
393 794 480 843 περὶ
510 795 574 837 τῆς
604 794 936 843 παραπρεσβείας.
998 794 1040 831 ἐν
1062 793 1112 846 τῷ
1134 792 1454 842 παραπρεσβείας
1475 790 1610 830 citant
1632 789 1821 842 Porphy-

312 849 399 887 rius
425 848 450 887 l.
473 862 505 887 c.
529 848 582 887 ad
611 863 650 901 p.
672 859 768 900 374,
793 848 854 887 18.
899 847 1076 887 photius
1102 863 1140 901 p.
1165 848 1259 886 628.
1322 846 1504 900 Regulae
1541 846 1591 884 de
1626 844 1823 898 prosodia

312 905 366 943 ab
389 903 636 942 Hermanno
662 903 799 943 editae
828 918 866 956 p.
889 905 985 954 467.
1018 903 1260 942 scholiastes
1283 901 1561 955 Hermogenis
1592 901 1617 940 l.
1640 915 1673 939 0.
1699 900 1755 940 ad
1781 914 1820 953 p.

312 961 407 1012 380,
433 972 496 998 22.
531 959 690 998 Anecd.
715 958 845 998 Bekk.
870 974 908 1012 p.
932 971 995 1009 27,
1019 959 1079 997 18.
1105 971 1169 1011 29,
1187 972 1226 1008 4.
1250 958 1316 1011 38,
1338 970 1401 1010 23.
1449 959 1489 996 ἐκ
1512 960 1577 995 τοῦ
1599 972 1822 1007 παραπρεσ-

311 1016 424 1062 βείας
456 1015 615 1054 Anecd.
650 1014 781 1053 Bekk.
815 1029 855 1066 p.
882 1026 971 1061 122,
995 1015 1032 1053 6.
1061 1027 1235 1062 12.141,
1262 1026 1434 1064 11.147,
1459 1014 1519 1051 18.
1550 1025 1638 1064 150,
1664 1023 1730 1062 27.
1752 1023 1820 1064 32.

321 1083 407 1121 151,
431 1083 463 1108 1.
494 1080 582 1122 151),
608 1082 644 1120 7.
697 1071 749 1111 εἰς
769 1070 838 1108 τὸν
860 1071 1180 1120 παραπρεσβείας
1202 1069 1345 1108 eadem
1367 1083 1407 1120 p.
1430 1069 1548 1118 1448.
1610 1067 1719 1106 Item
1750 1066 1821 1106 ad-

313 1125 401 1164 dito
422 1125 599 1165 articulo
617 1141 623 1164 :
660 1126 702 1164 ἐν
722 1128 773 1178 τῷ
795 1128 860 1173 τῆς
881 1126 1200 1175 παραπρεσβείας
1223 1123 1431 1162 Aristides
1452 1123 1491 1162 ll.
1510 1137 1567 1162 cc.
1589 1123 1643 1162 ad
1664 1137 1704 1175 p.
1727 1135 1820 1175 342,

321 1194 377 1233 [3.
407 1194 502 1234 344,
528 1193 592 1230 25.
625 1182 720 1232 346,
747 1182 810 1220 28.
839 1181 936 1232 358,
960 1181 1022 1219 16.
1053 1182 1148 1232 367,
1176 1193 1233 1218 11.
1267 1179 1423 1218 scholia
1456 1178 1620 1218 Platon.
1653 1193 1691 1231 p.
1724 1187 1821 1230 335.

310 1248 406 1289 371.
429 1237 525 1289 380.
550 1235 680 1275 Bekk.
705 1236 862 1275 Anecd.
888 1235 1019 1275 Bekk.
1043 1250 1082 1288 p.
1106 1236 1176 1288 38,
1195 1249 1257 1273 II.
1287 1248 1376 1287 150,
1398 1247 1461 1287 23.
1514 1235 1556 1272 ἐκ
1577 1236 1645 1272 τοῦ
1664 1236 1729 1282 τῆς
1750 1249 1822 1272 πα-

311 1292 576 1342 ραπρεσβείας
598 1291 760 1330 Anecd.
783 1291 915 1330 Bekk.
937 1306 975 1343 p.
997 1303 1087 1338 120,
1116 1303 1173 1340 17.
1235 1290 1397 1329 Eadem
1423 1288 1750 1342 breviloquentia
1779 1288 1821 1327 in

313 1347 403 1386 aliis
442 1346 677 1397 hujusmodi
715 1346 996 1386 citationibus.
1040 1348 1082 1385 ἐν
1113 1347 1162 1398 τῷ
1201 1347 1296 1396 πρὸς
1322 1344 1588 1395 Ἀλέξανδρον
1620 1347 1822 1392 συνθηκῶν

316 1403 474 1441 Anecd.
500 1402 629 1441 Bekk.
653 1417 692 1455 p.
716 1415 811 1448 400,
835 1404 898 1440 26.
929 1403 968 1441 ἐκ
1000 1405 1066 1440 τοῦ
1096 1402 1191 1451 πρὸς
1210 1400 1475 1450 Ἀλέξανδρον
1500 1403 1699 1449 συνθηκῶν
1720 1399 1819 1438 ibid.

315 1472 354 1510 p.
379 1471 470 1509 150,
499 1470 556 1510 13.
580 1458 728 1510 quibus
750 1457 910 1496 duobus
932 1457 1031 1495 locis
1053 1462 1152 1496 ante
1174 1457 1267 1506 πρὸς
1288 1456 1467 1495 inseram
1489 1460 1575 1495 τῶν.
1620 1457 1662 1494 ἐν
1683 1458 1734 1508 τῷ
1756 1458 1823 1504 τῆς

314 1512 537 1561 Ἄλονήο-ου
565 1513 808 1552 scholiastes
841 1512 1118 1565 Hermogenis
1143 1512 1166 1550 l.
1192 1526 1225 1551 e.
1250 1512 1304 1551 ad
1331 1527 1370 1564 p.
1394 1513 1458 1557 86,
1480 1522 1541 1563 15.
1589 1513 1630 1550 ἐκ
1662 1514 1728 1550 τοῦ
1759 1513 1823 1560 τῆς

311 1567 471 1606 Ῥοδίων
506 1569 727 1617 ἐλευθερίας
758 1568 917 1607 Anecd.
953 1568 1083 1607 Bekk.
1110 1582 1149 1620 p.
1173 1569 1262 1618 176,
1291 1579 1356 1606 20.
1420 1566 1504 1605 Pro
1538 1581 1619 1620 quo
1656 1566 1821 1606 brevius

314 1622 441 1662 etiam
467 1626 530 1672 τῆς
557 1627 633 1662 τῶν
653 1622 812 1662 Ῥοδίων
833 1623 1055 1673 ἐλευθερίας
1080 1622 1177 1662 ibid.
1201 1638 1239 1675 p.
1262 1635 1351 1675 137,
1374 1635 1413 1674 3.
1475 1621 1566 1661 Has
1598 1636 1740 1661 omnes
1770 1621 1821 1661 si-

313 1678 510 1730 milesque
532 1678 687 1717 citandi
708 1678 906 1717 formulas
937 1692 987 1717 110
1010 1678 1101 1730 quis
1132 1678 1286 1717 habeat
1316 1692 1392 1730 pro
1417 1676 1620 1729 ellipticis,
1642 1678 1696 1716 ad
1718 1692 1821 1731 quas

313 1733 568 1786 praepositio
599 1734 686 1782 περὶ
717 1733 1001 1772 subaudienda
1034 1733 1100 1781 sit,
1135 1733 1298 1772 cavebit
1330 1732 1564 1771 Heinrichii
1601 1732 1822 1772 adnotatio

313 1789 368 1828 ad
399 1788 583 1828 Ciceron.
611 1788 729 1828 Orat.
756 1803 831 1841 pro
866 1789 1015 1827 Flacco
1047 1803 1084 1840 p.
1116 1801 1182 1841 95.
1215 1788 1386 1828 citantis
1424 1788 1662 1827 Ciceronem
1700 1788 1819 1828 Orat.

315 1858 350 1882 0.
381 1857 465 1894 31.,
497 1843 565 1896 qui
607 1844 713 1883 hanc
749 1844 979 1883 orationem
1021 1843 1264 1897 simpliciter
1298 1843 1405 1883 dixit
1434 1844 1572 1895 falsae
1607 1844 1821 1897 lavationis.

319 1899 565 1939 sCHAEF.

372 1955 669 2007 ΎΠΟΘΕΣΙΣ]
710 1955 960 2008 Argumenti
991 1955 1077 1994 vice
1110 1955 1308 2008 fungatur
1340 1956 1684 2006 ἀνακεφαλαίωσις
1720 1954 1822 1995 Ora-

316 2009 420 2049 toris
461 2009 589 2062 ipsius
625 2025 664 2062 p.
691 2023 787 2060 442,
817 2022 881 2063 23.
908 2010 970 2049 vel
1002 2025 1041 2063 p.
1073 2022 1166 2063 235.
1198 2014 1240 2050 et
1276 2025 1388 2063 seqq.
1424 2010 1495 2050 Or.
1534 2025 1610 2063 pro
1644 2010 1820 2050 Corona.

319 2065 572 2104 SEAGER.
596 2065 713 2105 Diar.
739 2065 909 2115 Classic.
930 2079 999 2117 54.
1025 2080 1064 2118 p.
1090 2077 1183 2117 223.

373 2133 468 2172 334,
493 2124 529 2159 6.
558 2120 627 2159 τὸν
648 2120 841 2173 ὀρνιθίαν]
871 2121 1042 2171 ὀρνιθίας
1072 2121 1231 2172 χειμὼν,
1254 2121 1308 2159 ab
1336 2120 1629 2167 internecione,
1653 2123 1824 2171 ὀρνιθίας

317 2177 468 2223 ἄνεμος,
487 2177 540 2215 ab
561 2176 743 2215 adventu
765 2176 914 2223 avium,
932 2175 1012 2214 huc
1033 2190 1115 2214 non
1137 2175 1332 2228 pertinet.
1380 2175 1464 2215 Hic
1487 2190 1579 2215 eum
1601 2176 1824 2229 significat,

319 2231 386 2282 qui
419 2244 515 2269 aves
546 2245 753 2283 pugnaces
782 2231 869 2272 alit.
892 2235 939 2270 ut
966 2245 1017 2269 ex
1043 2245 1091 2269 eo
1116 2235 1376 2283 argumento,
1401 2231 1512 2283 quod
1543 2232 1741 2284 sequitur,
1764 2232 1822 2270 in-

320 2285 423 2325 certi
447 2286 630 2324 auctoris
652 2290 842 2338 apparet.
906 2285 963 2325 Et
984 2285 1025 2324 in
1044 2286 1243 2325 Oratione
1263 2289 1356 2325 κατὰ
1370 2287 1570 2338 Τιμάρχου
1589 2290 1646 2339 (p.
1667 2301 1703 2338 9,
1724 2288 1821 2338 10.),

319 2341 405 2381 τοὺς
427 2341 604 2390 ὄρτυγας,
628 2340 775 2393 inquit,
799 2342 860 2380 καὶ
881 2341 967 2381 τοὺς
989 2340 1260 2389 ἀλεκτρυόνας,
1282 2342 1345 2382 οὓς
1365 2341 1496 2392 ἠγάπα
1518 2343 1537 2380 ὁ
1560 2343 1822 2392 τρισκακοδαί-

317 2412 399 2444 μων
421 2397 632 2444 ἄνθρωπος,
657 2395 900 2434 ἀπέκτειναν.
936 2395 1123 2434 WOLF.
1187 2396 1298 2434 Hinc
1322 2396 1491 2435 Tzetzes
1518 2397 1824 2437 Πιτταλάκου-

320 2454 386 2488 τοῦ
408 2450 557 2499 ὀρνιθία
579 2450 682 2489 Chil.
706 2452 743 2497 6,
765 2452 832 2502 56.
876 2449 1127 2490 SCHAEF.

376 2518 474 2556 334,
502 2518 562 2543 11.
596 2505 871 2554 παρωσάμενοι
901 2506 970 2553 τὴν
989 2504 1313 2558 Ἀμφικτυονίαν]
1345 2506 1425 2544 .Ῑιι8
1451 2507 1841 2559 Amphictyonicum-

319 2574 344 2597 a
377 2559 575 2598 Thebanis
604 2560 804 2612 eripuisse,
831 2560 893 2599 vel
927 2559 1121 2599 Thebanos
1144 2561 1241 2611 jure
1273 2561 1599 2613 Anffllcietgsonieo
1625 2563 1821 2614 privasse.

324 2615 381 2651 W
385 2615 502 2653 olfius
530 2615 650 2668 longe
676 2620 788 2654 errat
810 2615 851 2653 in
873 2616 1084 2654 vertendo.
1146 2615 1239 2654 Hoc
1260 2620 1407 2655 auctor
1436 2622 1580 2656 noster
1600 2621 1722 2656 vocat
1744 2621 1822 2656 Πυ-

320 2670 450 2713 λαίαν,
485 2670 582 2708 dum
616 2670 723 2709 infra
760 2671 810 2709 de
845 2671 922 2709 hac
960 2671 1049 2722 ipsa
1085 2684 1129 2708 ro
1161 2670 1357 2722 loquitur,
1391 2671 1547 2711 scilicet
1573 2687 1614 2725 p.
1638 2685 1733 2724 443,
1756 2673 1819 2712 18.

322 2728 577 2773 (Θετταλοῖς)
613 2726 681 2773 τὴν
719 2726 899 2764 Πυλαίαν
933 2725 1280 2775 συγκαταστήσειν.
1320 2726 1576 2766 TAYLOR.
1640 2727 1820 2766 WVolfiuS

322 2784 434 2817 recto
455 2779 604 2818 vertit:
639 2780 709 2818 sed
734 2780 935 2831 Taylorus
957 2780 1130 2819 multum
1159 2785 1274 2819 errat-
1302 2780 1343 2818 in
1366 2782 1564 2820 vertendo
1587 2783 1637 2821 de
1660 2781 1822 2822 Theba-

321 2835 382 2872 nis¹
419 2834 651 2887 intelligens
683 2835 793 2886 quod
824 2834 995 2887 intelligi
1027 2840 1193 2887 oportet
1220 2835 1270 2873 do
1297 2835 1517 2875 Thessalis.
1561 2838 1742 2886 παρώσας
1769 2837 1821 2875 de

321 2889 438 2926 simili
462 2890 643 2928 facinore
667 2889 845 2942 Philippi
870 2905 907 2941 p.
931 2904 942 2928 1
962 2904 1022 2941 19,
1046 2902 1105 2940 17.
1149 2889 1398 2928 SGHAEF.
