1934 3179
316 148 400 187 5928
720 146 799 187 DE
833 146 1027 187 FALsA
1063 144 1424 186 LEGATIONE.

373 252 472 305 381,
493 264 557 292 21.
576 253 840 292 ἀποκτείνειεν
862 251 910 291 ἂν
932 251 1068 304 αὐτὸν]
1104 250 1272 290 θάνατον
1293 251 1428 300 ζημίαν
1451 251 1620 290 ἐπίθοιτο
1643 250 1691 290 ἂν
1713 250 1825 305 αὐτῷ.

375 365 471 418 381,
497 377 560 418 23.
595 368 671 405 πῶς
698 365 773 415 γὰρ
808 363 875 402 οὐκ
904 362 1070 414 αἰσχρὸν
1093 380 1122 401 κ.
1141 379 1174 401 τ.
1192 363 1253 414 λ.]
1279 361 1489 401 Aristides
1509 377 1548 415 p.
1575 363 1667 401 216.
1690 361 1732 400 in
1760 376 1828 401 ex-

317 420 462 474 emplis
484 423 549 470 τῆς
570 421 790 469 ἐπεμβολῆς
812 419 918 457 1111110
947 418 1081 457 10011111
1103 418 1236 458 citans
1257 417 1315 457 sic
1338 417 1488 458 recitat
1509 417 1708 457 omittens
1730 432 1828 457 non-

318 476 451 516 nulla:
486 480 564 517 πῶς
593 477 667 526 γὰρ
696 475 763 513 οὐκ
789 474 969 526 αἰσχρὸν,
994 475 1158 527 δημοσίᾳ
1184 475 1257 524 μὲν
1277 474 1427 516 πάντας
1453 475 1618 522 &ucis—3
1644 475 1697 515 εἰς
1722 475 1762 513 δὲ
1784 474 1827 513 τὸ

317 532 563 582 δικαστήριον
595 531 870 571 συνελθόντας.
923 533 992 569 νῦν
1023 531 1197 581 πρόσεχε
1229 534 1310 571 τοῖς
1343 529 1718 579 ἐπεμβεβλημένοις·
1763 532 1831 571 τὰς

316 589 412 638 ὑπὲρ
433 588 578 627 τούτων
596 587 756 627 εὐθύνας
777 585 1021 627 δικάσοντας.
1053 587 1154 625 ἄλλο
1177 586 1312 635 νόημα·
1342 587 1456 636 ὅρκον
1476 587 1572 636 ὑπὲρ
1593 588 1657 634 τῆς
1677 586 1829 626 πόλεως

319 644 578 693 ὀμωμοκότας.
631 642 676 681 ὃν
699 642 887 693 εἰλήφατε
908 640 965 681 ἐπ’
990 642 1201 695 αὐτοφώρῳ
1222 644 1380 681 τοιαῦτα
1400 642 1647 691 πεποιηκότα.
1697 645 1765 681 νῦν
1786 641 1828 680 τὸ

318 701 580 749 συμπληροῦν·
614 701 750 737 τοῦτον
773 699 943 749 ἀφεῖναι.
1006 697 1203 737 REISK.

373 755 469 807 381,
497 765 562 806 25.
595 753 781 806 ἅπαντας]
803 753 952 795 πάντας
974 753 1197 793 Aristides.
1259 752 1511 793 SCHAEF.

373 812 470 864 382,
493 823 532 862 3.
565 811 834 863 εἰσελθόντας]
863 811 1127 851 συνελθόντας
1149 808 1376 849 Aristides.
1438 807 1690 849 SCHAEF.

373 867 470 920 382,
493 880 533 916 4.
574 867 655 919 [καὶ
685 865 977 918 τὸν]-[τὸν]]
1018 865 1149 905 Uncis
1184 865 1341 904 inclusa
1373 865 1526 904 absunt
1558 865 1611 904 ab
1646 864 1827 917 August.

317 923 465 976 primo.
499 922 692 962 REISK.
755 921 899 974 Neque
922 921 1130 962 Aristides
1152 935 1225 960 suo
1246 921 1287 960 in
1310 921 1416 960 libro
1438 920 1563 974 legit:
1597 919 1830 973 delevitque

318 979 497 1018 Bekker.
559 978 683 1018 Certe
720 978 868 1031 copula
903 978 1103 1017 delenda:
1150 991 1274 1031 quam
1311 977 1379 1030 qui
1413 976 1587 1024 addidit,
1622 976 1829 1016 rationem

317 1035 439 1088 hujus
466 1034 623 1088 periodi
651 1048 798 1088 parum
824 1039 1087 1087 perspectam
1116 1033 1276 1073 habuit.
1338 1033 1419 1074 Est
1444 1033 1554 1073 enim
1580 1033 1739 1072 illustre
1761 1046 1829 1071 ex-

318 1091 499 1145 emplum
530 1095 769 1130 structurae
799 1089 1072 1143 participialis
1108 1090 1162 1130 ad
1196 1089 1407 1129 notionem
1443 1089 1728 1142 compositam,
1757 1089 1829 1128 sed

318 1162 425 1201 quae
456 1161 539 1187 una
567 1147 635 1196 sit,
658 1162 680 1186 e
712 1147 898 1200 pluribus
929 1146 1184 1199 simplicibus
1214 1145 1549 1193 construendam,
1572 1145 1687 1198 cujus
1722 1158 1829 1183 com-

317 1218 466 1257 pagem
497 1203 746 1243 intersertae
774 1202 947 1256 copulae
977 1202 1083 1242 male
1110 1216 1362 1255 prorsusque
1391 1203 1545 1253 ἀλόγως
1573 1200 1827 1240 divellerent.

318 1260 495 1299 Sensus:
530 1259 573 1298 in
604 1259 785 1299 tribunal
811 1259 1000 1313 ingyressos
1026 1259 1083 1298 ad
1096 1258 1372 1310 judicandum.
1395 1258 1551 1310 ιγἰινοιΐο.
1613 1257 1828 1296 Delendae

318 1316 447 1370 igitur
488 1315 858 1356 subdistinctiones
899 1321 996 1368 post
1038 1316 1301 1360 εἰσελθόντας,
1338 1314 1568 1355 δικάσοντας
1603 1318 1645 1352 et
1680 1314 1829 1363 ὀμωμο-

318 1373 453 1414 κότας;
488 1386 584 1412 nam
620 1373 721 1412 haec
757 1371 896 1411 onmia
931 1375 1077 1411 orator
1111 1370 1309 1410 continuo
1345 1369 1493 1423 spiritu
1524 1368 1824 1422 pronuntiavit.

321 1428 459 1482 Vulgo
487 1428 591 1468 talia
620 1429 829 1468 habentur
854 1442 930 1481 pro
962 1427 1212 1468 ἀσυνδέτοιςε
1246 1426 1317 1466 sed
1348 1430 1513 1466 tantum
1534 1426 1656 1465 abest
1678 1429 1724 1465 ut
1746 1424 1830 1463 sint

320 1485 526 1531 ἀσύνδετα,
549 1490 597 1524 ut
619 1484 881 1534 συνδεδεμένα
903 1483 985 1523 sint
1007 1482 1236 1536 aptissime.
1301 1482 1560 1522 SCHAEF.

374 1541 470 1594 382,
493 1554 532 1592 5.
565 1541 645 1592 καὶ]
676 1540 769 1579 Νο11
791 1539 954 1579 videtur
975 1538 1170 1579 habuisse
1191 1538 1295 1577 liber
1317 1537 1530 1578 Aristidis.
1568 1538 1679 1577 SCH
1689 1537 1825 1577 AEF.

376 1596 472 1649 382,
498 1598 532 1635 8.
567 1598 749 1649 Φιλίππῳ
781 1597 853 1644 μὲν
888 1597 983 1645 ὑμᾶς
1020 1613 1051 1634 κ.
1077 1611 1107 1633 τ.
1130 1594 1189 1647 λ.]
1226 1594 1343 1634 Oitat
1377 1594 1483 1633 hunc
1519 1594 1655 1633 locum
1691 1593 1829 1632 Minu-

319 1652 462 1692 cianus
484 1667 522 1706 p.
546 1665 635 1705 154.
699 1652 901 1691 REISK.

376 1710 472 1762 382,
503 1722 563 1748 10.
594 1713 670 1748 τῶν
691 1709 927 1747 πωλούντων
955 1709 1023 1748 τὰς
1052 1706 1224 1757 πράξεις]
1251 1705 1346 1746 Hac
1368 1705 1577 1745 locutione
1599 1704 1734 1744 utitur
1755 1704 1830 1744 itc-

320 1779 411 1804 rum
433 1780 472 1818 p.
495 1776 594 1817 437,
618 1777 682 1804 20.

375 1822 472 1874 382,
500 1834 514 1860 1
530 1834 562 1860 Ι.
596 1819 772 1874 ἐωνεῖτο]
799 1819 864 1859 Se.
887 1820 956 1868 τὴν
978 1818 1143 1869 εἰρηνήν.

376 1877 472 1930 382,
504 1888 561 1929 15.
594 1876 694 1929 τάχα
724 1877 854 1916 τοίνυν
884 1877 977 1917 ἴσως
1009 1893 1039 1914 κ.
1062 1891 1096 1913 τ.
1118 1873 1181 1928 λ.]
1216 1873 1394 1914 Tractat
1422 1873 1530 1913 hunc
1556 1873 1692 1912 locum
1722 1872 1829 1912 Her-

320 1947 515 1987 mogenes
537 1948 576 1986 p.
605 1944 690 1986 ¹5¹·
755 1932 957 1971 REISK.
1333 1927 1338 1931 ⁴

377 1990 473 2043 382,
504 1992 563 2029 16.
598 1990 646 2031 ὡς
681 1988 780 2041 ἀρχὴ
816 1987 1025 2039 γενήσεται
1060 2005 1089 2026 κ.
1114 2003 1146 2026 τ.
1169 1986 1223 2039 λ.]
1268 1986 1338 2025 Ad
1372 1985 1479 2024 hunc
1516 1985 1649 2024 10011111
1681 1984 1830 2024 alludit

321 2045 456 2085 verbis
487 2045 793 2098 aliquantulum
823 2042 1178 2083 consentientibus
1211 2042 1500 2095 Hermogenes
1528 2041 1579 2080 de
1605 2040 1767 2080 Invent.
1790 2055 1828 2093 p.

325 2115 414 2154 151.
448 2101 537 2141 ἀλλ’
561 2100 823 2152 ἀγανακτήσει
844 2100 1050 2145 Φίλιππος,
1076 2100 1144 2138 ἐὰν
1172 2102 1247 2137 τῶν
1274 2096 1607 2148 πρεσβευσάντων
1633 2096 1703 2145 τὴν
1731 2096 1829 2147 εἰρή-

323 2174 393 2207 νην
425 2158 766 2209 καταψηφίσησθε.
828 2157 920 2195 Aut
949 2155 1051 2195 alios
1080 2154 1236 2207 reperit
1265 2153 1427 2194 codices
1453 2153 1615 2193 Rhetor
1640 2151 1718 2200 ille,
1740 2156 1827 2199 aut,

322 2213 432 2266 quod
454 2227 750 2266 nonnunquam
771 2212 831 2259 fit,
854 2211 1094 2251 memoriter
1121 2210 1306 2250 laudavit
1328 2210 1379 2249 de
1399 2209 1534 2263 figura
1555 2213 1598 2248 et»
1619 2207 1830 2248 sententia

322 2283 446 2322 quam
468 2269 519 2309 de
540 2269 674 2309 verbis
696 2268 923 2308 sollicitior.
987 2267 1265 2306 TAYLOR.

379 2325 560 2378 382,17.
593 2323 925 2375 πρεσβευσάντων
961 2323 1031 2372 τὴν
1067 2321 1240 2375 εἰρήνην]
1273 2339 1312 2361 π.
1344 2322 1414 2370 τὴν
1446 2321 1600 2371 εἰρήνην
1635 2324 1699 2360 est
1734 2320 1829 2360 Obe-

322 2381 434 2421 unda
464 2380 672 2435 legatione
703 2394 847 2433 pacem
878 2378 1090 2425 conficere,
1118 2377 1349 2425 conciliare,
1377 2377 1442 2415 hic
1475 2381 1517 2416 et
1547 2391 1588 2429 p.
1612 2377 1693 2425 428
1721 2381 1828 2415 extr.

323 2438 526 2476 REISK.

380 2493 475 2546 382,
501 2504 565 2533 21.
596 2492 746 2544 τυχεῖν]
776 2491 879 2531 Post
908 2495 1040 2543 τυχεῖν
1061 2490 1222 2530 addunt
1251 2488 1421 2541 quidam
1450 2488 1576 2537 αὐτῆς.
1637 2487 1756 2538 Quod
1781 2492 1828 2526 ut

323 2564 405 2589 non
426 2549 626 2602 improbo,
649 2548 709 2588 ita
730 2546 1008 2587 necessarium
1029 2547 1141 2586 haud
1162 2546 1267 2584 duco
1288 2544 1399 2584 addi.
1461 2543 1728 2584 Gonstructio
1749 2542 1827 2582 sibi

323 2606 384 2646 vel
412 2605 468 2644 sic
498 2606 602 2645 bene
628 2607 806 2651 constat,
830 2617 934 2657 quac
962 2603 1063 2642 haec
1089 2606 1177 2642 est:
1211 2603 1230 2640 ὁ
1261 2600 1439 2652 χρήματα
1470 2600 1692 2645 ἀναλώσας,
1725 2599 1828 2638 ὥστε

323 2665 455 2714 τυχεῖν
490 2664 554 2710 τῆς
591 2660 752 2712 εἰρήνης.
796 2659 989 2698 REISK.
1051 2657 1189 2698 Aliter
1223 2656 1536 2710 intelligendum
1570 2654 1669 2694 mihi
1701 2653 1828 2694 videri

323 2717 409 2756 dixi
435 2717 489 2757 ad
514 2732 553 2770 p.
577 2719 671 2770 366,
701 2728 762 2763 17.
823 2715 1077 2767 Eodemque,
1110 2713 1188 2753 nisi
1219 2712 1350 2760 fallor,
1382 2712 1505 2751 modo
1536 2710 1828 2750 intellexerunt

324 2774 393 2826 qui
426 2777 521 2826 post
553 2776 686 2824 τυχεῖν
715 2770 968 2811 addiderunt
998 2771 1124 2819 αὐτῆς,
1148 2783 1229 2822 quo
1260 2782 1363 2821 opus
1394 2782 1482 2807 esse
1511 2766 1702 2806 Reiskius
1735 2779 1827 2805 vere

323 2828 501 2882 negavit.
554 2828 811 2867 SCHAEF.

379 2885 475 2936 382,
496 2885 560 2924 26.
585 2885 626 2922 ἐκ
647 2887 723 2922 τῶν
746 2881 922 2935 εἰκότων]
949 2882 980 2920 Ι.
997 2898 1034 2935 q.
1059 2882 1223 2922 εἰκότως.
1257 2880 1381 2919 Plato
1399 2878 1608 2919 Charmid.
1624 2892 1663 2930 p.
1681 2886 1752 2929 157
1775 2875 1824 2914 Ε.

326 2940 366 2977 ἐκ
397 2942 471 2977 τῶι·
504 2940 660 2977 εἰκότων
692 2939 840 2977 καλλίω
872 2938 919 2976 ἂν
947 2938 1006 2976 καὶ
1032 2938 1174 2986 ἀμείνω
1200 2935 1447 2986 γεννήσειαν.
1485 2933 1553 2986 qui
1576 2933 1688 2972 locus
1710 2935 1826 2970 nota-
