1950 3210
491 149 564 188 Ι)Ι·ἶ
604 149 672 188 ΓΑ
687 150 791 188 1.s.x
834 148 1193 188 1.!‹3‹.·.x'1'1‹)N1‹1.
1512 150 1594 187 5013

85 256 105 293 ὁ
139 255 205 295 τὰς
238 256 439 304 θεατρικὰς
473 255 642 304 ἱστορίας
669 253 904 304 συγγράψας
928 252 1221 304 (Asclepiades
1257 251 1294 289 in
1318 253 1595 304 Τραγῳοουμέ-

86 326 177 355 νοις,
202 315 249 349 ut
270 310 434 361 conjicit
460 310 656 349 Valcken.
678 309 812 348 Diatr.
842 308 980 361 Eurip.
1005 323 1045 361 p.
1066 309 1169 349 182..
1193 307 1346 346 citatus
1367 308 1420 346 ab
1439 308 1592 346 Athen.

91 378 152 404 10.
175 380 213 418 p.
236 368 317 418 456
347 366 390 404 13.
458 366 564 404 l'lut.
591 365 643 403 V.
667 365 753 404 (lec.
776 370 882 404 orat.
907 379 944 417 p.
965 366 1042 415 837
1068 364 1111 403 (J.
1137 368 1177 402 et
1199 363 1517 415 granunaticis).
1541 364 1593 401 ab

87 420 272 473 Ulpiano
296 421 334 459 in
359 421 434 459 hoc
456 421 544 459 loco
562 426 852 460 conservatus:
883 423 945 459 διὰ
967 423 1078 458 τοῦτο
1096 423 1174 460 τοῖς
1195 423 1513 469 τριταγωνισταῖς
1530 421 1595 459 τας

85 478 305 527 ὑποκρίσεις
336 481 411 516 τῶν
442 478 758 516 δυναστευόντων
784 477 1039 527 παρέχεσθαι,
1064 475 1194 523 ἐπειδὴ
1216 475 1331 523 ἧττόν
1363 476 1447 513 ἐστι
1474 478 1595 522 παθη-

85 534 169 571 τικὰ
189 535 236 571 τὰ
257 533 462 583 ὑπέρογκα.
528 532 594 571 lta
625 532 885 583 eorrigcrffln,
910 546 1003 574 non,
1028 530 1089 570 uti
1125 530 1190 569 odi
1227 530 1344 573 solet,
1368 529 1483 579 ἧττόν
1512 531 1595 568 ἐστι

85 590 276 636 παθητικὰ
313 589 373 627 καὶ
408 587 616 638 ὑπέρογκα.
692 583 799 627 Nam
834 587 1044 639 Longinus
1076 588 1111 639 ξ.
1143 588 1190 624 8:
1228 585 1426 635 Ἐγκώμια
1459 586 1518 624 καὶ
1549 588 1596 624 τὰ

85 646 258 692 πομπικὰ
291 644 352 682 καὶ
385 645 615 682 ἐπιδεικτικὰ
646 644 715 682 τὸν
747 645 819 691 μὲν
850 644 969 693 ὄγκον
1001 643 1062 681 καὶ
1093 642 1136 680 τὸ
1167 642 1326 692 ὑψηλὸν
1358 643 1397 690 ἐξ
1429 642 1597 682 ἅπαντος

86 699 272 750 περιέχει,
300 698 446 740 πάθους
473 701 511 737 δὲ
539 700 695 750 χηρεύει
724 700 821 737 κατὰ
847 698 891 736 τὸ
918 702 1120 737 πλεῖστον.
1154 697 1411 736 TAYLOR.
1476 697 1597 735 Addo

85 754 197 807 quod
218 768 340 807 saepe
361 768 562 807 personae
584 760 725 794 mutae
747 759 897 793 essent.
963 753 1073 792 Plut.
1095 753 1146 792 V.
1173 752 1380 805 Lysandri
1404 767 1436 791 c.
1464 764 1528 805 23.
1553 754 1596 791 ἐν

87 811 311 863 τραγῳδίαις
346 811 517 851 ἐπιεικῶς
547 812 756 859 συμβαίνει
781 810 868 860 περὶ
895 809 982 850 τοὺς
1012 810 1217 859 ὑποκριτὰς
1243 809 1309 847 τὸν
1330 810 1402 857 μὲν
1425 808 1598 858 ἀγγέλου

87 865 190 907 τινὸς
220 864 241 914 ἦ
274 865 509 916 θεράποντος
541 867 784 915 ἐπικείμενον
814 866 1025 915 πρόσωπον
1054 865 1268 914 εὐδοκιμεῖν
1298 865 1358 903 καὶ
1391 880 1597 914 πρωταγω-

89 925 249 966 νιστεῖν,
273 921 340 960 τὸν
362 923 402 960 δὲ
425 921 588 970 διάδημα
610 922 671 961 καὶ
693 924 889 971 σκῆπτρον
911 923 1106 971 φοροῦντα
1126 921 1220 969 μηδὲ
1249 920 1458 959 ἀκούεσθαι
1479 922 1599 970 φθεγ-

87 978 270 1028 γόμενον.
315 976 387 1015 SH
398 977 412 1014 I
422 976 625 1015 LLETO.

144 1034 240 1082 418,
264 1046 326 1083 14.
353 1032 534 1084 εἰσιέναι]
564 1031 705 1072 Dictio
727 1032 889 1071 scenica
914 1032 1078 1071 εἰσιέναι
1099 1033 1300 1082 τύραννον,
1325 1030 1508 1082 ἔμπορον,
1531 1048 1601 1080 μα-

88 1088 259 1138 στροπὸν
281 1093 359 1127 etc.
382 1102 458 1141 pro
486 1088 526 1126 in
550 1102 716 1127 scenam
743 1088 910 1141 prodire
936 1093 1149 1141 gerentem
1177 1101 1396 1140 personam
1419 1086 1598 1139 tyranni,

87 1144 343 1191 mercatoris,
366 1143 537 1183 lenonis.
601 1144 666 1183 Sit
687 1145 842 1190 futura,
866 1148 911 1183 ut
933 1143 1030 1182 ferri
1054 1148 1245 1195 nequeat,
1270 1143 1340 1181 sed
1363 1148 1409 1182 ut
1433 1156 1599 1181 necesse

89 1199 144 1239 sit
177 1200 232 1239 ad
265 1199 430 1252 ἔχοντας
462 1200 559 1239 addi
593 1200 929 1250 ὑποκρινομένους,
953 1204 999 1238 ut
1028 1198 1284 1238 constructio
1315 1198 1416 1238 hacc
1444 1197 1524 1237 sit:
1559 1199 1602 1236 τὸ

90 1255 253 1295 εἰσιέναι
273 1255 596 1306 ὑποκρινομένους
624 1255 710 1296 τοὺς
731 1255 939 1305 τυράννους
968 1255 1027 1294 καὶ
1048 1255 1134 1296 τοὺς
1161 1257 1207 1293 τὰ
1229 1256 1404 1304 σκῆπτρα
1426 1253 1602 1305 ἔχοντας.

91 1309 159 1350 Sic
183 1310 381 1350 Libanius
411 1311 643 1364 aliquoties,
666 1314 714 1350 ut
745 1310 785 1348 in
812 1311 1000 1350 oratione
1032 1324 1108 1363 pro
1135 1309 1301 1362 templis
1328 1324 1366 1362 p.
1392 1312 1450 1357 18,
1476 1321 1514 1360 7.
1539 1309 1600 1348 ed.

91 1365 284 1406 Gothofr.
307 1372 349 1406 et
371 1367 413 1405 in
434 1367 505 1406 Or.
528 1381 605 1419 pro
627 1365 901 1406 saltatoribus
927 1366 1124 1405 adversus
1148 1364 1379 1404 Aristidem
1400 1364 1477 1403 vol.
1504 1376 1539 1403 2.
1563 1379 1601 1417 p.

90 1432 186 1473 497,
214 1435 282 1475 30.
310 1422 374 1461 ecl.
406 1422 569 1461 Morell.
616 1421 810 1461 REISK.
873 1421 1056 1461 Thomas
1086 1421 1146 1460 M.
1174 1435 1212 1473 p.
1242 1432 1334 1472 273.
1368 1419 1504 1469 Εἰσῄει
1537 1421 1604 1459 τὸν

89 1475 366 1528 Ἀγαμέμνονα
389 1478 450 1517 καὶ
470 1477 588 1517 ὑπέδυ
611 1477 773 1517 κάλλιον
796 1476 843 1516 ἂν
868 1478 986 1518 εἴποις
1006 1475 1028 1525 ἢ
1049 1478 1246 1527 ὑπεκρίθη.
1310 1475 1560 1515 SCHAEF.

148 1533 243 1583 418,
276 1547 332 1584 ¹4·
366 1534 502 1585 ταῦτα]
545 1533 653 1573 Sunt
683 1532 808 1572 iambi
833 1532 1051 1585 Sophoclei
1080 1546 1177 1570 mox
1208 1530 1424 1570 recitandi.
1489 1530 1605 1570 Idem

93 1593 157 1628 est
187 1603 237 1628 ac
260 1588 293 1627 si
315 1588 487 1628 dixisset
506 1604 513 1627 :
549 1589 757 1640 σκέψασθε
787 1590 918 1627 τοίνυν
939 1589 1002 1627 οἶα
1025 1588 1109 1627 ἐστὶ
1130 1590 1262 1626 ταῦτα.
1294 1586 1478 1639 cogitate
1499 1601 1607 1639 quae

91 1644 147 1683 sit
168 1643 269 1684 haec
291 1644 512 1690 sententia,
529 1658 634 1696 quae
651 1659 676 1683 a
692 1648 818 1696 poeta
832 1643 1055 1684 Creontem
1077 1641 1415 1696 repraesentanti
1434 1641 1606 1682 Aesvhi-

92 1699 134 1739 ni
155 1699 198 1739 in
219 1714 265 1739 os
288 1699 456 1739 inditur.
519 1699 711 1739 REISK.

148 1768 244 1807 419,
267 1768 298 1794 1.
321 1759 458 1795 τοῦτον
479 1756 646 1805 οὐδαμοῦ
667 1755 791 1807 λέγω]
822 1754 1065 1807 Respiciunt
1089 1754 1248 1793 Aneed.
1271 1753 1401 1793 ssekk.
1427 1768 1465 1806 p.
1484 1766 1551 1806 54,
1566 1766 1606 1806 5.

95 1810 344 1851 SOHAEF.

150 1880 246 1920 419,
270 1879 329 1904 11.
353 1868 562 1916 ἀντὶ-τῆς
583 1867 754 1918 πόλεως]
794 1866 946 1905 Rarior
965 1864 1232 1911 constructio,
1257 1878 1338 1916 qua
1361 1864 1608 1903 Demosthe-

93 1936 166 1961 nes
187 1922 254 1960 vix
286 1936 435 1961 usurus
466 1926 570 1966 erat,
593 1921 670 1960 nisi
694 1921 910 1975 Sophoclis
941 1921 1078 1967 verba,
1102 1920 1171 1959 ubi
1204 1920 1348 1959 eadem
1380 1924 1442 1959 est
1476 1925 1608 1958 struc-

94 1983 205 2025 tura,
228 1977 269 2015 in
290 1977 574 2016 adversarium
597 1981 790 2016 verteret.
853 1976 1004 2015 SCHA
1014 1975 1104 2015 EF.

150 2045 247 2084 419,
276 2045 338 2072 12.
361 2033 831 2084 ἐρρῶσθαι-Σοφοκλεῆ
871 2031 1105 2070 Wzleclz'cens
1126 2029 1320 2083 ›S'oplmelz'.
1370 2029 1423 2068 V.
1447 2030 1607 2069 Anecsl.

97 2088 229 2128 Bekk.
250 2103 290 2141 p.
308 2099 400 2140 243,
427 2100 490 2138 29.
514 2092 557 2126 et
580 2087 814 2140 Lennepius
835 2087 888 2126 ad
913 2087 1081 2126 Phalar.
1105 2101 1144 2138 p.
1159 2098 1254 2139 321.
1321 2085 1574 2124 SCHAEF.

151 2157 248 2196 419,
277 2156 337 2196 13.
372 2143 424 2196 τῷ
462 2143 574 2196 σοφῷ
609 2141 830 2196 Σοφοκλεῖ]
866 2142 1153 2194 Hermogenes
1187 2156 1226 2193 p.
1248 2142 1344 2190 418.
1374 2154 1467 2193 pen.
1500 2141 1610 2179 hune

95 2199 233 2239 locum
264 2198 370 2238 citat
400 2198 454 2238 ad
475 2197 708 2250 exemplum
733 2201 809 2236 τῶν
837 2198 1026 2247 παρίσων,
1053 2202 1171 2245 (sunt
1201 2196 1311 2235 enim
1341 2196 1488 2246 πάρισα
1513 2196 1606 2241 ista,

96 2257 210 2308 σοφῷ
232 2258 274 2293 el:
296 2257 528 2304 Σοφοκλεῖ,)
552 2253 733 2293 addens:
761 2252 937 2302 “Ομηρος
959 2254 998 2291 δὲ
1022 2252 1082 2291 καὶ
1106 2252 1363 2301 Δημοσθένης
1387 2252 1447 2290 καὶ
1468 2254 1515 2290 τὰ
1536 2268 1611 2290 τοι·

97 2313 194 2349 αῦτα
215 2309 405 2358 ἐποίησαν
426 2308 673 2359 ἀγωνιστικά.
735 2307 928 2347 REISK.

153 2366 250 2414 ὁμοῦ
274 2368 339 2403 est
362 2363 386 2403 i.
409 2379 448 2416 q.
474 2364 600 2414 ἐγγὺς,
629 2362 832 2416 jungique
865 2368 1033 2415 oportet
1066 2364 1304 2414 στείχουσαν
1335 2363 1443 2411 ὁμοῦ,
1467 2376 1611 2415 appro-

87 2421 367 2472 pinquantem.
438 2418 494 2457 V.
539 2418 821 2458 Buttmannus
871 2418 925 2457 ad
966 2416 1181 2470 Sophoclis
1223 2416 1450 2456 Philoctet.
1495 2418 1610 2456 1218.

98 2474 349 2515 SOHAEF.

154 2544 251 2580 419,
282 2543 342 2582 15.
383 2529 707 2581 προεξηγγειλεν]
750 2527 1087 2579 προεξαγγέλλειν
1127 2527 1282 2566 dieitm
1327 2526 1372 2573 is,
1418 2526 1487 2579 qui
1529 2527 1614 2565 sive

97 2586 226 2625 missu
247 2585 382 2624 alieno
404 2584 487 2623 sive
510 2590 658 2636 sponte
679 2597 755 2623 sua
776 2598 798 2622 e
819 2582 969 2622 castris
996 2582 1190 2621 nuntium
1212 2582 1253 2620 in
1274 2582 1419 2620 nibem
1441 2595 1515 2633 pel
1517 2582 1611 2627 fe1t

98 2641 150 2681 de
179 2641 361 2681 adventu
392 2639 524 2678 hostis
546 2653 580 2677 e.
604 2652 650 2685 c.,
675 2638 917 2691 priusquam
948 2637 1081 2676 hostis
1104 2637 1256 2684 xeniat,
1280 2642 1324 2675 ut
1356 2636 1502 2675 cixitas
1535 2637 1611 2675 sibi

99 2710 245 2736 cavere
265 2694 409 2748 possit.
472 2693 722 2734 SCHAEF.

155 2765 251 2803 419,
285 2753 347 2789 16.
387 2748 529 2802 εἰπεῖν]
568 2749 848 2788 Referendum
883 2748 935 2787 ad
974 2746 1255 2796 βουλομένους,
1288 2746 1341 2785 ad
1379 2748 1615 2787 διεκώλυσεν

100 2805 444 2846 subaudiendum.
507 2803 758 2844 SCHAEF.

156 2875 252 2913 419,
278 2873 343 2900 20.
379 2858 609 2912 χρωμένων]
647 2859 836 2911 Intellige
864 2859 914 2897 de
936 2856 1235 2897 consuetudine
1262 2870 1354 2895 cum
1380 2857 1610 2897 meretrice.

105 2916 353 2958 SCHAEF.

801 2984 867 3007 00
893 2981 911 3007 Ζ
