1935 3205
711 137 788 177 DE
827 137 990 177 PAGE.
1531 140 1614 181 119

150 244 217 295 58,
243 256 278 284 2.
309 243 843 294 μικρὰ-μνημονεύσαντας]
888 243 1031 283 (litant
1057 243 1217 282 Anecd.
1247 242 1372 282 Bekk.
1396 258 1433 296 p.
1460 245 1546 294 156,
1572 244 1609 282 8.

94 299 163 338 ubi
186 313 260 353 pro
283 299 478 350 ῥηθέντων
500 298 652 351 legitur
676 300 1033 348 μνημονευθέντων.
1097 298 1250 338 Statim
1273 299 1485 352 sequitur:
1519 301 1612 338 ὑπο-

94 356 234 394 κατιὼν
266 356 307 394 δὲ
342 355 437 405 πρὸς
473 356 697 403 αἰτιατικὴν·
740 358 903 394 “rafim
938 357 1012 405 γὰρ
1049 354 1202 394 &wavra
1238 356 1300 394 ἐπὶ
1335 358 1401 394 τοῦ
1437 355 1613 404 βήματος

93 411 275 450 ἐνταυθοῖ
301 411 560 460 μνημονεύετε
589 410 674 449 οἶδα
702 411 760 449 ὅτι
791 410 970 461 ῥηθέντα,
1001 412 1136 460 καίπερ
1167 411 1278 451 ὄντες
1307 411 1351 449 οὐ
1382 413 1501 450 δεινοὶ
1526 412 1613 452 τοὺς

93 467 318 508 ἀδικοῦντας
338 466 595 515 μεμνῆσθαιῗ
627 472 671 505 ut
695 466 852 510 credas,
872 466 979 505 hunc
1001 466 1127 506 ctiam
1160 466 1292 505 locum
1316 482 1337 504 o
1360 471 1502 505 nostra
1521 481 1613 506 ora-

92 521 206 561 tiono
238 521 417 575 potitum
447 536 548 561 csso.
611 522 691 561 Sed
722 536 838 561 error
869 528 930 561 cst
961 522 1247 573 grauunatici:
1283 522 1477 573 leguntur
1502 522 1610 561 enim

92 577 161 617 illa
182 577 223 617 in
245 578 427 618 secunda
452 578 683 630 Philippica
704 592 742 631 p.
769 590 832 630 73,
859 591 920 617 10.
968 578 1118 617 SCllA
1130 578 1299 617 EFER.
1328 574 1335 575 .

148 636 216 686 58,
239 647 278 683 4.
302 634 458 673 ἔπειθόν
480 635 597 686 τινες]
639 634 815 673 Midiam
847 634 1107 686 potissimum
1131 634 1366 684 significari,
1392 633 1611 673 Plutarchi

91 689 269 730 amicum
287 696 329 729 et
346 689 566 743 hospitem.
588 690 883 729 Demosthenis
899 690 1194 733 adversarium,
1214 695 1355 729 monet
1372 690 1613 729 Voemelius

92 745 243 785 collata
265 751 371 785 orat.
398 745 500 784 Mid.
524 760 562 798 p.
584 759 679 798 550.
701 756 798 798 571).

153 801 628 855 Εὐβοίᾳ-Πλουτάρχῳ]
664 801 718 841 N'.
739 801 852 854 adp.
875 813 970 854 550,
998 804 1061 842 26.

154 860 222 910 58,
251 874 288 906 ι).
327 857 563 908 ἁμαρτάιειν
598 858 711 909 ὑμᾶς]
773 857 937 897 Revoca
975 857 1188 911 vulgatum
1229 859 1324 906 ὑμᾶς
1365 856 1612 907 ἆμαρτάιειι.

94 912 202 953 Nam
242 913 282 952 in
321 914 361 952 S.
396 913 598 967 scliptum
632 913 797 966 quidem
839 920 901 952 est
943 913 1179 963 ἁμαρτάνειν
1213 915 1321 960 ὑμᾶς,
1359 913 1430 952 sed
1473 926 1612 965 super-

92 969 256 1022 scriptis
284 969 442 1008 lineolis
466 974 520 1020 (v.
542 974 685 1009 annot.
708 969 800 1009 elit.
822 969 876 1009 ad
898 984 936 1022 p.
962 971 1054 1015 228
1079 971 1175 1019 11.),
1201 983 1306 1022 quae
1336 969 1514 1008 alterum
1547 982 1611 1007 ο]-

91 1025 230 1064 dinem
250 1026 468 1064 verborum
490 1025 792 1065 restituendum
814 1040 904 1064 csse
926 1001 1124 1065 indicant.

147 1082 215 1135 58,
237 1083 297 1121 16.
320 1081 614 1134 Νεοπτόλεμον]
650 1082 701 1120 V.
724 1082 778 1121 ad
801 1096 838 1134 p.
861 1094 956 1133 344.
983 1093 1046 1121 21.

149 1138 297 1190 ἀδείας]
338 1137 432 1177 Scil.
455 1141 522 1176 τοῦ
555 1137 654 1177 ἰέναι
685 1139 772 1177 ὅποι
804 1139 1002 1187 βούλοιτο.
1065 1137 1114 1176 In
1145 1136 1434 1176 Macedoniam
1466 1140 1608 1175 autem

91 1193 145 1233 ad
179 1193 416 1247 Philippum
452 1207 544 1232 cum
582 1193 850 1233 Aristodemo
887 1194 1096 1246 profectus
1129 1199 1219 1232 crat
1254 1195 1312 1245 (ξ.
1337 1194 1393 1240 8.)
1428 1191 1606 1245 indeque

92 1263 280 1289 reversus
302 1249 629 1288 Atheniensibus
661 1249 846 1301 inprimis
872 1255 1020 1289 auctor
1048 1249 1266 1303 legationis
1289 1248 1343 1288 ad
1369 1248 1609 1301 Philippum

92 1304 325 1345 mittendae
346 1306 494 1345 fuerat.
545 1305 703 1343 ῈΗΛΝ
711 1305 764 1344 Κ.

148 1363 216 1413 58,
244 1362 301 1399 18.
333 1360 640 1414 πρυτανεύοντα]
676 1361 1002 1414 Harpocration,
1035 1361 1336 1411 πρυτανεύοντα,
1371 1361 1507 1410 κυρίως
1537 1362 1610 1409 μὲν

92 1417 178 1456 ἀντὶ
203 1420 270 1455 τοῦ
298 1417 493 1467 πρυτανεά
520 1419 626 1456 ὄντα.
674 1418 759 1456 ἀντὶ
788 1419 827 1455 δὲ
857 1420 922 1456 τοῦ
951 1419 1167 1456 διοικοῦντα
1190 1416 1445 1465 Δημοσθένης
1475 1417 1517 1454 ἐν
1539 1419 1608 1454 Φι-

91 1477 300 1513 λιππικοῖς.
363 1472 441 1512 Est
474 1474 768 1524 χρηματίζοντα,
802 1473 1032 1523 πράττοντα,
1056 1471 1205 1525 quibus
1237 1471 1372 1511 verbis
1406 1471 1608 1524 interpre-

91 1532 210 1568 tatur
238 1528 480 1568 scholiastes
508 1528 561 1568 ad
584 1528 801 1581 Aristoph.
825 1529 931 1567 Aeh.
954 1530 1021 1568 60.
1084 1528 1136 1566 V.
1162 1527 1325 1567 Albert.
1348 1528 1402 1567 ad
1425 1527 1607 1580 Hesych.

92 1583 171 1623 vol.
196 1596 232 1623 2.
254 1598 292 1637 p.
315 1586 434 1623 1066.
468 1583 801 1624 SCHAEFER.

149 1639 278 1692 εἶπον]
308 1639 493 1679 Subaudi
516 1643 640 1679 τοῦτο.
684 1640 864 1679 indicae-17
884 1640 963 1685 Ῐιοο,
983 1639 1303 1694 Neoptolemum
1319 1653 1408 1678 esse
1428 1639 1610 1693 Philippi

91 1695 363 1735 emissarium.
410 1695 604 1735 REISK.

148 1753 215 1804 58,
240 1762 305 1791 21.
328 1750 471 1804 οὐκέτ’]
494 1753 590 1791 Non
607 1751 724 1803 jam:
757 1751 798 1790 in
829 1751 906 1791 hac
938 1766 982 1791 re
1014 1765 1096 1790 non
1128 1751 1214 1804 jam
1246 1750 1395 1790 faciam
1427 1751 1468 1790 id
1499 1751 1608 1803 quod

91 1820 217 1860 supra
246 1806 337 1846 feci.
399 1807 508 1846 Nam
539 1821 665 1860 supra
698 1821 780 1846 non
814 1807 949 1860 ipsum
981 1807 1192 1860 populum,
1222 1807 1294 1845 sed
1327 1821 1408 1854 eos7
1433 1806 1501 1859 qui
1533 1821 1608 1859 plo

93 1862 321 1902 Plutarcho
342 1863 658 1909 contendelant.
682 1868 728 1903 ut
759 1863 911 1916 populo
934 1863 984 1903 de
1008 1863 1115 1903 bello
1144 1862 1406 1915 suscipiendo
1438 1877 1520 1915 pel
1515 1878 1608 1902 sua-

93 1918 252 1965 derent,
275 1918 538 1971 vituperavit.
585 1918 807 1957 FRANK.

148 1975 215 2027 58,
241 1986 306 2013 22.
337 1977 370 2013 εἰ
391 1975 709 2026 γὰρ-ἐθεᾶσθε]
749 1974 863 2014 Citat
886 1975 925 2013 h.
949 1974 975 2013 l.
999 1974 1267 2013 Herodianus
1298 1973 1339 2012 in
1369 1973 1609 2013 Philetaero

92 2043 199 2082 pone
230 2029 420 2069 Piersoni
454 2030 619 2069 Moerin
649 2045 688 2082 p.
710 2032 807 2083 438.
840 2030 1033 2069 REISK.
1095 2030 1262 2069 Citatur
1294 2029 1373 2068 illic
1407 2043 1489 2068 non
1523 2029 1610 2069 sine

93 2084 213 2132 vitiis,
247 2099 352 2138 quae
385 2085 609 2125 Piersonus
642 2085 848 2139 corrigere
879 2085 1045 2125 debuit:
1086 2091 1184 2125 sunt
1219 2085 1329 2124 enim
1365 2085 1606 2132 scribarum.

93 2154 175 2179 non
196 2140 324 2194 ipsius
344 2140 621 2194 grammatici.
667 2140 998 2181 SCHAEFER.

148 2198 215 2249 58,
241 2208 306 2250 23.
330 2198 373 2236 ἐν
396 2197 607 2250 Διονύσου]
641 2197 707 2236 Sc.
731 2198 890 2250 θεάτρῳ.

148 2253 216 2304 58,
238 2265 302 2306 25.
326 2254 345 2291 ὁ
367 2252 506 2306 λόγος]
538 2252 754 2292 Articulus
776 2253 826 2292 de
848 2257 961 2292 certa
984 2267 1028 2292 re
1051 2252 1234 2306 positus:
1267 2253 1302 2291 si
1325 2266 1399 2292 non
1420 2251 1467 2291 cle
1487 2251 1612 2291 salute

92 2307 268 2347 civitatis
298 2314 430 2347 actum
462 2314 561 2347 esset.
624 2308 733 2347 Nam
769 2323 849 2347 non
882 2323 1007 2348 unam
1031 2309 1332 2348 Demosthenis
1364 2308 1608 2354 orationem.

94 2376 218 2415 quam
250 2363 300 2403 de
335 2363 604 2403 clandestinis
637 2364 898 2417 Neoptolemi
933 2364 1312 2404 machinationilus
1345 2363 1504 2404 habuit.
1538 2364 1609 2403 sed

93 2417 219 2458 etiam
253 2419 514 2472 Neoptolemi
549 2419 858 2474 intelligendam
895 2435 983 2460 esse
1022 2420 1213 2474 proxima
1248 2421 1374 2459 xeiba
1413 2434 1460 2459 ·11
1463 2424 1609 2465 <ruunt

96 2473 131 2512 F
135 2473 173 2512 R
176 2474 314 2514 ANK

149 2542 218 2581 59,
240 2543 273 2569 1.
294 2531 551 2584 λειτουργεῖν]
587 2530 693 2570 Post
714 2531 754 2570 h.
780 2546 816 2571 v.
838 2531 977 2571 malim
1000 2531 1217 2570 commatis
1247 2531 1408 2584 signum
1440 2544 1606 2582 ponere.

94 2588 141 2624 ut.
163 2586 224 2624 καὶ
243 2586 392 2637 (etiam)
412 2587 531 2638 τούτῳ
548 2589 598 2639 τῷ
616 2588 948 2640 λόγῳ-ἄγουσιν
967 2602 1059 2626 cum
1075 2586 1420 2626 antecedentibus
1440 2591 1608 2624 nectan-

93 2644 175 2679 tur.
234 2641 369 2681 Docet
398 2641 509 2680 enim
535 2641 702 2690 Orator,
727 2657 833 2695 quae
865 2641 1014 2682 histrio
1042 2641 1278 2695 jactaverit,
1307 2656 1388 2693 quo
1421 2646 1610 2692 tempore

94 2695 163 2744 τὴν
184 2696 315 2747 ἄφιξιν
338 2699 390 2738 εἰς
411 2697 497 2737 τοὺς
517 2698 726 2744 πολεμίους
746 2697 969 2746 ἐποιήσατο.
1006 2696 1338 2737 SCHAEFER.
1401 2695 1479 2745 Qui
1510 2710 1607 2735 mox

94 2755 190 2803 post
212 2752 342 2801 ἐπειδη
362 2751 460 2792 addi
483 2752 648 2792 volebat
670 2753 724 2791 δέ.

151 2819 262 2859 59,
239 2831 278 2869 3.
305 2809 444 2847 οὐσίαν
465 2808 662 2869 φανερὰν]
696 2807 850 2857 ἀφανης
871 2807 996 2848 οὐσία
1019 2807 1192 2860 pecunia
1222 2806 1306 2845 sive
1328 2805 1438 2845 domi
1467 2820 1608 2845 lecon-

95 2859 196 2908 dita..
212 2862 309 2902 s-ive
341 2863 449 2915 apud
484 2863 711 2902 mensalios
742 2862 954 2903 collocata.
982 2863 1065 2902 sixe
1097 2863 1138 2901 in
1170 2861 1497 2915 negotiationem
1528 2861 1608 2900 col-

95 2915 196 2956 lata.
242 2922 405 2968 φανερα,
434 2918 569 2959 aedes
597 2918 725 2965 fundi,
759 2918 939 2971 praedia
970 2896 1246 2958 domesticum
1273 2917 1607 2957 instr.umentum
