1934 3179
300 120 382 161 5290
712 119 945 159 DISSENI
983 118 1390 159 INTRODUOTIO

300 226 398 265 dum
429 226 548 266 annis
580 226 777 265 celebrari
810 226 932 266 solita
962 230 1139 274 constat,
1163 240 1256 266 vere
1287 241 1342 266 an
1370 232 1595 267 auctumno
1621 226 1803 274 dubium,

300 282 424 322 credo
456 282 713 321 auctumno.d
773 282 877 321 Cum
917 286 1059 321 autem
1094 281 1176 321 duo
1211 287 1401 335 tempora
1429 282 1626 322 Aeschini
1661 283 1806 322 credas

300 352 400 391 prae
421 337 510 377 aliis
533 338 680 377 idonea
701 337 838 385 fuisse,
857 337 1034 377 alterum
1054 337 1116 377 Ol.
1141 351 1154 376 1
1171 351 1182 376 1
1200 351 1230 385 1,
1244 351 1284 391 3.
1308 343 1403 391 post
1425 338 1591 378 Thebas
1611 339 1663 378 ab
1683 338 1807 377 Alex-

299 394 431 433 andro
454 394 517 433 Ol.
542 407 626 439 111,
647 405 681 431 2.
718 393 890 440 dirutas,
917 408 1010 432 cum
1039 393 1317 433 Athenienses
1349 394 1559 447 perterriti
1591 399 1741 441 essent,
1765 399 1807 433 et

302 449 363 489 Ol.
390 463 477 496 112,
495 462 533 501 3.
566 454 661 501 post
682 449 845 497 bellum,
861 450 969 502 quod
994 449 1281 502 Peloponnesii
1303 455 1450 490 contra
1474 450 1726 490 Macedones
1743 450 1806 489 Ol.

308 517 395 551 112,
423 517 458 543 2.
505 510 826 551 commoverant,
863 506 917 544 ab
953 504 1183 558 Antipatro
1224 520 1478 559 oppressum,
1512 506 1626 558 prius
1666 511 1806 546 tamen

301 561 483 599 nondum
510 560 611 600 satis
643 561 905 600 commodum
933 561 968 600 ei
990 561 1155 600 videtur
1175 561 1319 601 visum.
1380 561 1700 616 Expoposcerat
1725 576 1806 601 non

301 616 370 655 diu
405 620 504 656 ante
538 616 777 656 Alexander
816 631 909 656 cum
948 616 1039 657 aliis
1079 617 1316 657 oratoribus
1358 617 1695 665 Demosthenem,
1734 618 1806 657 sed

302 672 581 711 Athenienses
611 687 771 712 summo
802 673 940 713 studio
972 687 1113 712 carum
1144 673 1220 712 sibi
1247 673 1379 713 virum
1410 674 1649 720 tuebantur,
1673 679 1715 713 et
1745 674 1807 713 vel

305 728 509 768 Demades
530 742 724 782 magnam
745 729 856 782 apud
879 729 1074 782 populum
1094 729 1276 782 gratiam
1298 744 1340 769 se
1362 729 1560 769 initurum
1587 734 1808 782 putaverat

299 783 332 823 si
366 784 690 824 Demosthenem
720 785 1029 838 deprecaretur.
1096 786 1251 825 Postea
1272 800 1368 824 vero
1391 785 1498 825 victo
1520 785 1657 839 Agide
1685 786 1808 838 Spar-

301 845 495 879 tanorum
529 840 632 879 duce
664 846 707 880 et
736 841 976 881 Alexandro
1006 841 1152 880 Asiam
1188 846 1358 881 tenente
1392 841 1449 881 sic
1483 841 1621 895 potuit
1651 842 1808 881 fractos

302 896 439 935 videre
461 896 689 936 Aeschines
720 897 880 937 animos
910 897 1134 936 amicorum
1158 897 1463 944 Demosthenis,
1486 902 1532 937 ut
1562 899 1706 937 adesse
1736 912 1807 951 pu-

301 957 412 992 taret
448 957 613 1005 tempus
645 953 699 992 ad
734 953 982 1006 explendum
1016 953 1168 992 odium.
1232 954 1372 1006 Atque
1406 954 1704 1001 Alexandrum,
1738 954 1807 1006 qui

302 1008 366 1046 Ol.
391 1022 476 1054 111,
495 1022 533 1062 3.
598 1008 917 1062 Hellespontum
948 1010 1184 1062 trajecerat,
1212 1024 1304 1048 cum
1336 1010 1413 1049 hae
1445 1009 1653 1049 orationes
1684 1010 1807 1049 habe-

300 1068 456 1111 rentur,
475 1064 562 1116 jam
585 1064 727 1104 vicisse
752 1065 892 1104 multis
923 1065 1087 1118 proeliis
1115 1065 1265 1111 Persas
1292 1070 1334 1105 et
1361 1065 1656 1105 Demosthenis
1682 1066 1809 1105 verba

300 1135 339 1173 p.
363 1134 407 1172 3¹
428 1134 459 1159 1.
482 1122 577 1171 316.
624 1121 850 1160 ostendunt
883 1125 926 1160 et
959 1121 1180 1160 Aeschinis
1217 1137 1254 1174 p.
1281 1133 1371 1172 723
1421 1122 1471 1161 (16
1505 1121 1641 1174 Agide
1672 1121 1809 1174 paullo

300 1185 400 1215 ante
429 1176 635 1216 debellato
667 1177 766 1217 dicit
798 1177 1049 1216 Plutarchus
1079 1176 1168 1216 Vit.
1194 1177 1409 1217 Demosth.
1433 1192 1466 1217 c.
1491 1190 1556 1227 24.
1620 1177 1808 1217 Assenti-

300 1246 392 1271 mur
432 1231 560 1286 igitur
600 1233 952 1272 Rauchensteinio
998 1233 1036 1271 111
1092 1234 1407 1272 Jmnnmnmfione
1447 1233 1493 1271 (le
1532 1240 1699 1286 tertiporc
1737 1248 1809 1286 qao

299 1288 507 1327 Aeschinis
527 1294 562 1327 et
583 1289 852 1328 Demosthenis
872 1289 1064 1329 orationes
1088 1289 1374 1341 Ctesejffmntcac
1398 1288 1554 1328 habitae
1580 1290 1672 1333 sint,
1694 1290 1809 1329 edita

302 1343 512 1397 Argoviae
534 1359 570 1383 a.
595 1347 711 1397 1835,
745 1346 849 1384 bene
886 1345 936 1384 ‹le
972 1345 1048 1384 hac
1086 1360 1130 1384 re
1163 1345 1407 1398 disputanti,
1441 1351 1588 1385 contra
1622 1345 1809 1385 XVester-

300 1413 510 1448 manuum,
549 1401 616 1453 qui
652 1400 691 1439 in
728 1401 832 1440 libro
868 1401 914 1439 de
950 1400 1083 1441 litibus
1117 1416 1215 1454 quas
1244 1401 1514 1441 Demosthenes
1545 1402 1675 1440 oravit
1715 1402 1807 1454 ipse,

303 1455 435 1508 (Lips.
458 1471 494 1495 a.
524 1459 662 1508 1834.)
696 1471 734 1510 p.
766 1459 829 1509 85.
874 1457 1127 1510 posthabitis
1160 1457 1409 1496 testimoniis
1442 1462 1626 1497 veterum
1658 1457 1809 1496 oratio-

301 1525 394 1550 nem
424 1512 529 1550 hanc
553 1512 617 1551 Ol.
644 1526 732 1559 111,
755 1526 793 1565 3.
827 1513 1121 1565 adscripscrat.
1186 1514 1277 1563 Qua
1309 1514 1547 1565 conjectura
1578 1527 1660 1552 non
1692 1528 1807 1566 opus.

301 1566 343 1606 Si
366 1572 567 1619 quattuor
587 1582 718 1607 annos
741 1568 893 1607 differri
922 1583 987 1607 res
1010 1569 1161 1622 potuit,
1185 1569 1325 1621 potuit
1346 1569 1471 1608 etiam
1493 1574 1603 1609 octo.
1664 1569 1808 1608 Tradi-

299 1622 420 1663 derat
457 1623 685 1663 Aeschines
726 1624 906 1663 libellum
941 1624 1131 1664 archonti
1168 1624 1492 1677 Elaphebolione
1528 1639 1695 1668 mense:
1743 1625 1808 1664 hic

299 1678 408 1718 diem
426 1679 570 1732 judicii
593 1680 813 1720 constituit
835 1681 958 1720 credo
980 1680 1050 1727 sie,
1066 1685 1109 1719 ut
1134 1680 1293 1733 aliquot
1314 1681 1523 1720 mensibus
1545 1685 1641 1734 post
1662 1695 1809 1720 caussa

298 1733 517 1774 diceretur.
552 1736 661 1775 -Sed
697 1736 924 1775 Aeschines
957 1741 1104 1789 postea
1140 1736 1360 1776 dilationes
1400 1737 1534 1789 petiit.
1598 1736 1666 1775 Sic
1702 1736 1807 1775 elabi

296 1790 436 1842 potuit
466 1791 559 1830 finis
590 1792 700 1831 anni.
763 1792 972 1832 Successit
998 1792 1102 1831 alius
1128 1793 1295 1839 archon,
1323 1792 1391 1845 qui
1420 1807 1501 1831 non
1524 1793 1701 1831 curabat
1723 1797 1808 1832 tra-

297 1846 385 1886 dita
417 1847 686 1886 antecessori.
748 1848 885 1898 Quare
916 1862 1007 1886 cum
1031 1848 1261 1887 Aeschines
1292 1852 1452 1887 taceret
1483 1852 1526 1887 et
1556 1848 1624 1887 alii
1654 1862 1806 1895 omnes,

293 1902 427 1954 jacuit
468 1903 639 1949 libellus,
683 1904 813 1943 donee
849 1904 903 1942 ab
946 1904 1153 1943 Aeschine
1193 1905 1328 1943 denuo
1370 1904 1456 1943 dies
1496 1904 1809 1956 postularetur.e

297 1958 439 2012 Atque
475 1959 576 1999 haec
609 1960 659 1999 de
690 1965 879 2013 tempore
905 1959 1062 2012 judicii,
1091 1960 1142 1999 de
1173 1974 1254 2013 quo
1286 1965 1381 2013 post
1411 1959 1659 1999 Aeschinem
1690 1975 1729 2013 p.
1755 1962 1802 1999 61

296 2013 440 2053 Cicero
466 2015 490 2054 l.
518 2030 552 2054 c>
583 2015 752 2055 scribit:
789 2016 862 2055 Ad
891 2016 995 2069 qaod
1016 2016 1222 2068 judiciam
1255 2029 1461 2055 concursus
1495 2015 1646 2054 diciam-
1677 2030 1695 2054 c
1730 2022 1809 2055 tola

298 2070 470 2110 Graecia
490 2073 630 2123 jactus
654 2086 737 2111 csse.
799 2072 908 2121 Quid
929 2072 1031 2110 cuim
1055 2078 1125 2110 (izit
1150 2078 1231 2111 tam
1252 2072 1457 2111 visendum
1477 2078 1547 2111 aiat
1568 2071 1810 2110 audimdmm

282 2126 373 2177 fuit
405 2141 525 2179 quam
555 2142 790 2166 summioremi
820 2134 1021 2166 amtor-um
1048 2128 1091 2165 in
1118 2127 1358 2180 fflwvissima
1390 2141 1526 2166 caussa
1558 2133 1748 2166 accurata
1774 2133 1809 2165 et

293 2181 522 2222 ‘inimicitiis
544 2184 700 2222 incensa
722 2183 907 2222 contentio
924 2184 942 2221 ?
1005 2183 1234 2222 Videamus
1256 2197 1363 2222 nunc
1386 2182 1495 2236 ipsas
1517 2182 1737 2222 orationes.

354 2237 541 2276 Primum
569 2238 698 2291 igitur
725 2238 879 2292 prodiit
902 2238 1141 2285 Aeschines,
1165 2239 1234 2291 qui
1267 2243 1430 2279 mutato
1456 2239 1599 2278 ordine
1625 2239 1808 2292 capitum

295 2292 334 2330 in
363 2293 499 2332 libello
530 2294 761 2346 positorum
792 2294 850 2332 sie
872 2293 1075 2346 disposuit
1105 2295 1334 2333 orationem
1366 2309 1510 2334 suam:
1544 2294 1648 2334 Post
1669 2309 1808 2347 prooe-

293 2349 431 2393 mium,
455 2348 634 2402 primum
665 2349 850 2389 ostendit
881 2364 963 2388 non
991 2349 1113 2389 licere
1141 2350 1331 2389 coronari
1365 2364 1612 2403 quemquam
1642 2350 1718 2389 nisi
1745 2365 1807 2390 ra-

294 2403 477 2443 tionibus
500 2404 654 2451 relatis,
680 2405 1005 2444 Demosthenem
1028 2419 1124 2444 vero
1146 2410 1236 2444 tum
1264 2405 1451 2445 sunctum
1481 2406 1643 2445 duobus
1668 2420 1807 2446 mune-

293 2459 407 2498 ribus
439 2474 528 2499 esse
559 2460 593 2499 ei
626 2460 888 2500 demandatis
919 2461 1094 2499 necdum
1128 2461 1319 2500 retulisse
1350 2461 1533 2501 rationes
1563 2476 1656 2500 cum
1678 2461 1808 2501 Ctesi—

292 2515 403 2567 phon
425 2515 684 2568 rogationem
706 2530 823 2555 suam
842 2516 1066 2561 scriberet,
1095 2516 1242 2556 deinde
1262 2517 1435 2570 exponit
1455 2517 1806 2570 praedicationem

292 2570 528 2610 donationis
560 2571 598 2609 in
632 2572 799 2611 theatro
830 2571 917 2610 fieri
951 2572 1059 2611 nulla
1092 2572 1179 2625 lege
1211 2572 1346 2611 licere.
1411 2574 1471 2612 Ac
1503 2577 1725 2626 postquam
1751 2573 1807 2612 sic

333 2685 351 2708 (Ι
381 2686 466 2723 [Hoc
489 2687 717 2716 demonstravit
735 2687 903 2718 Clintonus
928 2689 1012 2719 Fast.

295 2728 375 2758 Heu.
394 2729 453 2757 vul.
472 2738 500 2757 2.
524 2730 671 2767 Append.
688 2739 713 2758 c.
736 2739 763 2758 1.
784 2740 813 2768 p.
836 2731 1012 2770 198—200.

293 2770 379 2800 Idem
390 2772 428 2799 de
445 2777 583 2808 tempore
597 2772 691 2808 liujus
705 2772 853 2801 orationis
867 2773 1013 2803 disseruit

291 2813 330 2840 ib.
350 2823 374 2841 c.
394 2821 442 2841 20.
461 2823 489 2850 p.
509 2812 565 2850 361
586 2824 669 2852 seqq.
719 2814 765 2844 De
789 2814 911 2853 Pytluis
933 2825 1013 2853 quae

290 2854 412 2883 dixerat
430 2855 597 2883 (Jlintonus
616 2856 815 2893 impugnavit
835 2857 1012 2885 Boeckhius

291 2895 322 2923 111
341 2896 432 2934 Corp.
454 2898 551 2925 Iuscr.
570 2897 617 2926 vol
650 2908 672 2926 1.
694 2908 721 2935 p.
740 2899 799 2927 812
825 2909 919 2937 seqq„
937 2908 1010 2927 con-

1089 2696 1136 2719 tra
1147 2700 1239 2728 quern
1252 2690 1456 2728 disputarunt
1472 2689 1690 2719 Boehneckius
1703 2689 1808 2726 Quae-

1088 2732 1179 2761 stion.
1206 2731 1264 2761 vol.
1296 2741 1320 2760 1.
1353 2742 1382 2769 p.
1411 2741 1469 2769 307
1497 2741 1577 2770 seqq.
1611 2731 1804 2761 Brueckner.

1088 2773 1197 2803 histor.
1216 2773 1350 2812 Philippi
1369 2785 1397 2811 p.
1411 2783 1482 2803 τοι.
1501 2780 1532 2802 et
1553 2773 1720 2803 Clintonus
1744 2774 1807 2812 ipse

1088 2816 1119 2844 in
1142 2816 1235 2845 tertia
1257 2816 1358 2853 operis
1381 2816 1429 2844 sui
1453 2815 1589 2845 editione
1606 2825 1636 2853 p.
1655 2824 1726 2852 249.
1766 2815 1805 2844 G.

1088 2858 1327 2896 D1NDORF.]

1130 2905 1145 2921 (¹
1166 2900 1220 2937 [V.
1237 2901 1273 2929 ad
1293 2911 1319 2939 p.
1338 2909 1409 2937 243,
1427 2910 1472 2929 ιο.
1503 2900 1540 2928 G.
1560 2898 1802 2936 DINDORF.]
