1950 3210
527 166 607 205 DE
644 163 840 204 FALSA
879 163 1264 203 LEGATIONE.
1567 165 1648 202 515

191 270 287 338 369,
313 270 349 308 8.
383 269 467 309 ἔστι
499 270 752 322 ὃὲ-τούτου]
797 270 881 309 ἔστι
912 272 950 308 δὲ
986 270 1046 309 καὶ
1078 270 1173 308 αὐτὰ
1205 271 1322 308 ταῦτα
1353 269 1646 319 κατηγορήματα

134 326 269 365 τούτου
294 326 352 364 M·
355 325 517 365 iximus.

191 382 369 433 369,10.
403 383 872 435 ἀγαθῶν-πραγματωι]
903 381 1059 421 1ῧ·ι(1ο111
1081 381 1288 434 oppositio
1312 381 1351 420 in
1372 381 1643 435 Aristophan.

137 436 1044 490 Ι)1111;.65ι.111)ἰν.80110111111111810111118,
1107 437 1357 478 SCHAEl«.

190 495 286 546 369,
314 506 376 532 11.
410 494 526 546 ειναι]
558 494 718 541 Dicere,
743 494 850 533 indi(-
854 509 937 541 mre,
960 493 1205 548 significare,
1229 494 1414 547 prodere.
1450 492 1643 532 REISK.

190 551 286 602 369,
316 563 377 600 14.
410 550 574 601 τριήρεις
594 550 826 603 τριακόσιαι]
853 551 903 589 V.
926 551 980 590 ad
1003 566 1041 603 p.
1068 551 1155 596 181,
1182 552 1240 589 18.

190 607 285 657 369,
312 618 375 646 20.
407 605 594 658 μεγάλαι]
631 606 735 645 l'ost
767 606 873 646 hano
901 621 1040 645 vocem
1073 606 1261 659 sequitur
1292 606 1331 644 in
1362 606 1551 645 Maximo
1583 620 1646 643 so-

132 660 296 714 phista:
330 664 378 701 τά
409 663 447 700 δὲ
481 663 630 701 ἐκείνου
662 663 785 704 οὐδεὶς
817 662 994 708 ἀπέδοτο,
1019 663 1069 704 ὡς
1100 664 1204 702 οὗτοι
1235 665 1282 702 τὰ
1307 661 1484 712 ἡμέτερα.
1527 662 1572 701 οὐ
1600 662 1644 710 δὴ

132 718 281 757 δίκαιον
321 722 401 757 etc.
440 717 645 771 deincep&
680 717 740 757 uti
775 717 815 756 in
851 733 884 757 v.
914 730 977 771 25.
1047 718 1297 758 lntcrmedia
1337 718 1642 758 desiderantur.

134 773 209 812 TA
220 773 259 812 Y
267 773 339 813 LO
346 773 394 812 R.

188 830 283 882 369,
310 842 374 870 21.
406 830 657 883 πραγμάτων]
689 829 927 880 πραγμάτων
963 831 1191 880 κατασκευὴ,
1224 836 1467 884 apparatus,
1501 830 1643 884 copiae

133 900 270 925 rerum
297 886 350 925 ad
383 886 664 940 principatum
691 885 962 925 obtinendum
991 885 1245 926 idonearum.
1309 886 1416 926 Nam
1438 886 1646 937 πράγματα

132 946 229 982 sunt
272 942 542 982 Demostheni
582 942 817 988 facultates.
859 942 1060 996 potentia,
1097 942 1369 996 principatus,
1412 942 1644 996 imperium.

133 998 328 1037 REISK.
402 998 721 1051 Intelligendum
758 998 957 1051 quidquid
996 998 1178 1053 pertinet
1214 999 1267 1039 ad
1304 998 1490 1038 internas
1526 998 1645 1051 regni

131 1058 206 1094 aut
236 1054 336 1108 reip.
361 1054 480 1102 vires,
509 1070 614 1108 qnae
644 1059 867 1095 censentur
896 1055 1043 1103 ὅπλοις,
1065 1056 1172 1108 χώρᾳ
1203 1060 1245 1095 et
1276 1056 1494 1106 προσόδοις.
1558 1056 1642 1108 Op-

133 1115 346 1164 pommtur
367 1112 403 1150 οἱ
425 1113 633 1163 σύμμαχοι.
696 1110 947 1151 SCHAEF.

189 1166 337 1220 αὑτοῖς]
362 1167 525 1207 Sibinoet
548 1168 655 1221 ipsis.
679 1167 834 1207 scilicet
855 1167 894 1206 in
918 1167 1048 1207 libera
1069 1167 1250 1207 civitate.
1314 1166 1568 1208 SCHAEF.

189 1225 287 1277 369,
312 1236 374 1265 22.
408 1228 488 1265 τοῖς
517 1224 727 1278 κρείττοσι]
753 1222 1056 1271 potentioribus,
1081 1225 1150 1263 ubi
1178 1228 1251 1264 aut
1274 1238 1379 1263 unus
1401 1229 1549 1278 regnat
1571 1228 1646 1264 aut

132 1278 354 1333 oligarchis
375 1279 521 1319 civitas
543 1280 733 1333 subjecta
754 1284 831 1320 est.
893 1279 1143 1320 SCHAEF.

189 1338 283 1388 369,
310 1348 372 1389 23.
407 1337 591 1376 ἀπόλωλε
622 1337 684 1375 καὶ
714 1335 882 1388 γέγονεν
907 1337 1090 1391 ἀσθενὴς]
1124 1335 1303 1376 Gravius
1330 1336 1558 1389 praeeedit,
1586 1351 1646 1376 se-

133 1391 276 1445 quitur
296 1391 437 1431 levius.
501 1391 568 1432 Sic
590 1392 743 1446 passim
764 1396 920 1432 orator.
948 1393 1133 1432 ἀπώλλυε
1155 1393 1216 1432 καὶ
1238 1394 1468 1442 ἐλυμαίνετο
1490 1407 1529 1446 p.
1555 1406 1644 1445 119,

134 1460 170 1489 2.
215 1449 399 1488 ἀπόλωλε
421 1449 483 1487 καὶ
505 1449 715 1498 νενόσηκεν
735 1463 773 1502 p.
802 1461 888 1496 121,
912 1459 949 1500 7.
996 1450 1181 1489 ἀπόλωλε
1208 1449 1269 1488 καὶ
1297 1448 1528 1500 διέφθαρται
1549 1463 1645 1503 pag.

133 1516 229 1557 372,
256 1516 321 1557 23.
385 1504 636 1545 SCHAEF.

189 1562 284 1614 369,
303 1572 367 1614 25.
392 1561 843 1614 ἀμφότερα-ὑπῆρχεν]
875 1560 1088 1600 Maximus
1108 1560 1187 1600 ita:
1222 1561 1424 1612 ἀμφότερα
1444 1561 1646 1610 ηὐξησθαι,

133 1617 194 1656 καὶ
215 1618 263 1656 τὰ
283 1633 348 1667 της
367 1634 508 1669 χωρας,
533 1616 595 1656 καὶ
615 1618 662 1656 τὰ
683 1620 759 1656 τῶν
781 1617 1005 1669 συμμάχων·
1054 1618 1078 1656 ὰ
1100 1618 1141 1656 δὲ
1168 1617 1259 1667 ἡμῖν
1284 1617 1480 1658 δικαίως
1461 1633 1509 1657 αν
1529 1617 1646 1668 ὑπῆρ-

131 1689 204 1725 χεν
226 1689 256 1711 κ.
276 1689 309 1713 τ.
326 1679 364 1712 λ.
399 1672 521 1712 ΤΑῩ
530 1672 655 1712 LOR.

189 1730 285 1782 369,
304 1740 368 1780 27.
386 1730 476 1779 ὑμῖν
492 1729 840 1782 δὲψλογίζεσθαι]
870 1729 952 1768 Hic
969 1734 1034 1769 est
1051 1729 1153 1769 ordo
1172 1729 1408 1769 verborum:
1434 1728 1478 1768 οὐ
1498 1731 1646 1768 δίκαιον

131 1788 262 1833 ταῦτα,
282 1785 306 1825 δ,
326 1786 499 1837 ὑπῆρχεν
520 1784 568 1824 ἂν
588 1785 679 1835 ἡμῖν
700 1786 851 1827 δικαίως
872 1786 915 1824 ἐκ
936 1788 1002 1835 τῆς
1024 1785 1187 1836 εἰρήνης,
1205 1786 1433 1836 λογίζεσθαι
1454 1785 1540 1824 ἀντὶ
1560 1786 1645 1824 τού-

132 1857 222 1890 των,
245 1841 269 1880 ἃ
299 1842 404 1880 οὗτοι
434 1840 637 1880 ἀπέδοντο.
684 1842 723 1879 τί
750 1842 791 1880 δὲ
823 1841 1038 1887 ἀπέδοντο;
1073 1842 1144 1890 τὴν
1169 1845 1245 1881 τῶν
1271 1840 1508 1892 πραγμάτων
1531 1857 1645 1880 κατα-

133 1896 276 1946 σκευὴν
299 1897 360 1936 καὶ
381 1901 456 1936 τῶν
478 1896 704 1948 συμμάχων.
770 1896 827 1935 W
832 1896 959 1936 OLF.

189 1964 285 2006 370,
306 1965 339 1992 1.
361 1952 481 2005 ταῦτ]
506 1952 544 1991 V
549 1951 753 2006 ectigalia,
770 1952 1093 2006 prosperitatem
1111 1950 1408 2003 necrotiationis
1426 1966 1500 2005 per
1515 1967 1644 2001 mare,

132 2008 391 2049 affluentiam
411 2023 549 2048 rerum
572 2008 612 2047 in
634 2009 724 2048 1’·οιο
745 2008 963 2048 venalium.
1024 1986 1217 2047 REISK.

190 2064 273 2105 ἀνθ
297 2065 369 2118 ὧν]
395 2064 489 2104 Pro
519 2064 581 2113 118,
615 2078 722 2117 quae
749 2064 791 2103 hi
824 2064 1018 2118 Philippo
1048 2063 1335 2110 vendiderunt,
1369 2063 1489 2105 scilic.
1525 2063 1646 2104 sociis

133 2120 302 2161 nostris.
334 2120 528 2160 REISK.
590 2120 684 2160 Non
707 2119 780 2159 soli
803 2119 901 2160 socii
925 2119 1192 2174 intelligendi.
1255 2119 1504 2160 SCHAEF.

188 2176 435 2231 λογίζεσθαι]
470 2176 643 2217 Passive
663 2175 990 2230 intelligendum.
1052 2175 1305 2216 SCHAEF.

189 2233 311 2287 ταῦτ’]
348 2233 500 2286 Copiae
522 2232 776 2273 annonariae
799 2236 841 2272 et
868 2232 1020 2273 similes
1041 2246 1141 2287 opes
1169 2237 1296 2286 atque
1316 2232 1520 2279 fortunae,
1545 2231 1645 2272 item

132 2289 313 2329 accessio
336 2289 594 2329 Chersonesi.
658 2288 852 2329 REISK.

189 2357 288 2399 370,
312 2358 348 2385 2.
381 2345 463 2385 ἀντ
497 2345 670 2399 ἐκείνων]
716 2345 800 2385 Pro
840 2344 945 2394 istis,
983 2343 1105 2384 sociis
1141 2349 1255 2398 puta,
1293 2344 1442 2398 quibus
1477 2344 1645 2385 multati

133 2415 274 2440 snmus
308 2406 436 2455 atque
469 2401 682 2442 denudati.
726 2400 922 2441 REISK.
1000 2400 1098 2440 Vid.
1132 2406 1219 2441 not.
1253 2400 1307 2441 ad
1341 2400 1424 2441 ἀνθ’
1459 2402 1512 2440 ὧν
1546 2415 1581 2440 v.
1612 2414 1646 2440 1.

134 2456 383 2497 SOHAEF.

190 2513 276 2553 οὐδὲ
300 2516 451 2553 πολλοῦ
473 2513 546 2567 δεῖ]
579 2514 634 2554 V.
655 2514 709 2554 ad
730 2528 769 2568 p.
795 2527 885 2562 100,
909 2526 968 2553 10.

190 2580 285 2622 370,
301 2582 339 2622 3.
363 2570 396 2608 εἰ
415 2586 466 2619 μη
487 2572 548 2609 διὰ
548 2570 742 2639 τούτους]
765 2571 798 2609 εἰ
817 2587 868 2618 μη
886 2567 990 2608 οὗτοι
1008 2569 1218 2618 ἐμποδὼν’
1202 2568 1398 2619 εγένοντο.
1435 2567 1647 2608 Isocrates

132 2625 175 2664 in
190 2624 559 2678 Paneo·y·1ieo:1‹az
580 2643 654 2677 γαρ
675 2627 831 2666 τούτους
852 2623 1128 2675 περιγενέσθαι
1149 2641 1213 2673 της
1229 2623 1432 2673 βασιλέως
1450 2626 1517 2663 δυν
1511 2623 1646 2673 αμέως

134 2683 408 2732 ὁμολογοῦσιν,
438 2683 471 2720 εἰ
496 2698 546 2729 μη
574 2683 636 2720 διὰ
664 2684 804 2730 Κῦρον.
865 2679 1077 2725 τουτέστιν,
1107 2681 1140 2718 εἰ
1166 2697 1216 2729 μη
1244 2681 1264 2718 ὁ
1297 2681 1422 2729 Κῦρος
1449 2696 1514 2728 της
1542 2680 1648 2729 νίκης

135 2736 417 2786 ἀπεστέρησεν.
451 2736 510 2773 W
515 2735 644 2775 OLF.
705 2736 762 2788 If
775 2736 805 2774 zt
825 2734 910 2774 had
928 2740 991 2774 not
1012 2734 1097 2774 been
1107 2735 1183 2788 χόν
1207 2735 1346 2786 Cyrus.
1384 2734 1510 2774 TAY
1518 2734 1645 2774 LOR.

137 2792 303 2832 Scilicet
325 2792 498 2841 ἐκωλύθη
519 2796 735 2843 προσεῖναι.
769 2790 866 2829 Vid.
890 2805 929 2843 p.
952 2792 1047 2844 364,
1075 2803 1134 2830 10.
1196 2789 1387 2829 REISK.

192 2860 287 2901 370,
312 2849 348 2887 8.
382 2851 509 2887 σῶσαι
529 2846 701 2900 τουτονί]
736 2846 921 2886 Subaudi
948 2848 1071 2886 αἴτιον
1092 2847 1198 2886 ὄντα.
1231 2845 1426 2885 REISK.
1488 2846 1646 2900 Aptius

135 2903 361 2944 subaudias
383 2904 432 2945 ὡς
452 2903 729 2954 πεπραγμένον
750 2901 794 2942 δι’
820 2903 947 2942 αὐτόν.
1010 2902 1262 2942 SCHAEF.

194 2972 291 3013 370,
315 2972 374 2999 10.
396 2958 945 3052 χάριν-ὀργῗγν-ποιεῖοὶθε]
976 2957 1220 2998 Herodotus
1243 2971 1280 3011 3,
1300 2970 1362 3010 25.
1385 2958 1405 2996 ὁ
1430 2959 1646 3008 Καμβύσης

832 3028 852 3052 L
909 3016 934 3052 52
