1914 3184
286 159 367 198 152
794 159 873 199 DE
906 158 1282 200 HALONNESO.

282 264 365 304 sive
389 264 595 304 Elati-iam
618 264 657 303 in
677 264 878 318 Cassopia
900 264 994 318 igne
1010 268 1179 304 vastata
1198 263 1442 304 Alexandro
1463 264 1576 305 affini
1598 266 1787 315 tradidit,

283 320 351 373 qui
374 320 591 360 dimidium
615 320 895 360 Molossorum
917 334 1091 374 regnum
1113 320 1297 367 tenebat,
1317 320 1414 359 dum
1434 321 1643 374 Arymbas
1663 337 1790 362 avun-

282 376 398 415 culus
430 376 620 429 proximo
647 381 835 430 tempore
859 376 1042 430 (Olymp.
1066 389 1152 429 ¹09,
1176 389 1199 429 3
1224 375 1396 416 Diodor.
1420 391 1481 427 14,
1505 379 1576 429 72)
1599 383 1789 418 mortuus

282 438 347 472 est
372 432 642 484 (Winiewsk.
666 432 898 473 Comment.
922 447 962 485 p.
989 436 1077 484 156.
1099 433 1208 472 male
1236 437 1403 472 secutus
1425 438 1489 473 est
1510 433 1539 473 J
1544 434 1728 473 ustinum
1751 435 1788 474 8.

281 502 315 527 c.
340 489 414 528 ult.
436 489 615 528 fortasse
636 490 913 542 corruptum.)
976 488 1105 527 Simul
1134 492 1276 529 autem
1299 488 1518 543 Philippus
1544 489 1585 528 in
1609 490 1788 531 Ambra—

281 544 388 584 ciam
416 544 614 584 Molossis
641 544 863 585 finitimam
887 549 931 585 et
959 544 1000 584 in
1024 544 1275 592 Leucadem,
1296 545 1406 584 inter
1427 560 1530 598 quas
1552 546 1789 586 Corinthio-

281 615 372 640 rum
404 600 587 640 colonias
615 600 857 641 Acarnania
888 600 1110 654 interjecta
1139 605 1243 649 erat,
1273 601 1579 654 expeditionem
1610 602 1787 656 paravit,

280 662 327 696 ut
348 656 427 696 sibi
450 656 491 695 in
514 656 729 697 Euboeam
751 662 794 697 et
817 657 1148 710 Peloponnesum
1170 662 1442 710 penetraturo
1463 657 1602 698 omnia
1623 673 1649 698 a
1668 663 1789 713 tergo

280 716 375 753 tuta
405 717 557 752 essent.
619 713 736 754 Conf.
760 713 868 753 Phil.
894 713 976 752 ΙΙΙ.
998 728 1036 767 p.
1061 726 1152 753 120.
1216 713 1280 752 Ex
1317 714 1508 754 oratione
1544 714 1595 754 de
1630 714 1789 755 Halon-

280 783 379 809 neso
400 773 521 822 patet
543 774 718 810 narrata
735 769 919 810 evenisse
940 775 1036 824 post
1051 769 1310 809 Thessaliam
1327 770 1603 824 compositam
1624 775 1666 811 et
1687 775 1787 811 ante

279 839 371 864 eam
398 825 643 873 orationem,
667 841 774 879 quae
797 826 956 880 Olymp.
981 839 1070 877 109,
1096 839 1116 865 2
1140 826 1286 866 habita
1308 830 1383 866 est.
1430 827 1546 867 Conf.
1572 827 1677 866 Phil.
1703 827 1785 867 ΙΙΙ.

279 895 317 934 p.
342 882 443 921 118:
479 881 541 933 ἐφ’
558 881 862 932 Ἑλλήσποντον
887 885 1048 935 οἴχεται,
1079 884 1303 933 πρότερον
1333 883 1426 933 ἧκεν
1452 882 1507 922 ἐπ’
1530 882 1786 933 Ἀμβρακίαν.

280 937 412 990 Atqui
454 938 495 977 in
534 938 854 992 Hellespontum
894 939 1106 991 profectus
1142 944 1205 978 est
1237 939 1399 993 Olymp.
1429 953 1515 991 109,
1546 953 1567 981 2
1595 943 1785 980 exeunte.

279 993 453 1033 Diodor.
481 997 538 1041 16,
564 1006 629 1043 71.
666 995 853 1034 VOEM.
878 995 1042 1048 Proleg.
1065 1010 1104 1048 p.
1127 1008 1193 1043 42.
1216 1008 1283 1048 43.

335 1050 400 1098 84,
427 1062 492 1091 22.
521 1050 758 1105 Κασσωπίᾳ]
796 1051 844 1089 In
866 1050 1125 1090 meridionali
1149 1056 1270 1104 parte
1292 1051 1422 1105 Epiri.
1472 1051 1692 1092 FRANK.

334 1106 580 1160 Πανδοσίαν]
628 1107 955 1160 Harpocration,
995 1111 1045 1146 Π.
1075 1108 1331 1157 Δημοσθένης
1363 1112 1623 1150 Φιλιππικοῖς.
1685 1109 1785 1159 Περὶ

277 1164 342 1211 τῆς
367 1163 551 1204 ἁλώσεως
573 1167 648 1203 τῶν
670 1165 713 1203 ἐν
737 1165 955 1216 Κασσωπίᾳ
982 1165 1150 1209 πόλεων,
1174 1166 1227 1203 ὧν
1250 1165 1334 1203 ἐστὶ
1357 1165 1416 1203 καὶ
1440 1166 1658 1209 Πανδοσία,
1684 1166 1784 1205 Θεό-

275 1235 428 1267 πομπος
450 1220 493 1258 ἐν
514 1221 620 1273 τρίτῃ
643 1221 855 1270 ἱστόρηκεν.
917 1218 982 1259 Cf.
1008 1219 1153 1273 Steph.
1180 1219 1288 1273 Byz.,
1313 1219 1494 1273 Hesych.
1535 1219 1725 1260 VOEM.

335 1275 399 1324 84,
426 1287 490 1328 23.
514 1276 704 1329 Βούχετα]
745 1275 1000 1329 Harpocrat.
1045 1277 1232 1328 Βούχετα,
1257 1277 1511 1326 Δημοσθένης
1533 1278 1576 1315 ἐν
1598 1280 1783 1317 Φιλιππι-

277 1333 354 1369 κῶν
376 1332 541 1384 ἑβδόμῳ.
582 1335 696 1373 πόλις
722 1333 804 1371 ε’στὶ
829 1335 894 1381 τῆς
911 1330 1113 1383 Ἠπείρου,
1136 1335 1401 1382 πληθυντικῶς
1429 1332 1637 1383 οὐδετέρως
1666 1337 1780 1384 λεγο-

272 1385 382 1435 μένη,
406 1386 452 1435 ἣν
474 1387 778 1437 Φιλοστέφανος
807 1389 850 1427 ἐν
870 1392 949 1429 τοῖς
968 1387 1261 1439 Ἠπειρωτικοῖς
1288 1388 1514 1438 ὠνομάσθαι
1534 1389 1632 1439 φησὶ
1658 1391 1720 1428 διὰ
1740 1389 1783 1428 τὸ

274 1442 343 1491 τὴν
367 1446 498 1494 (Λητῶ
525 1443 607 1493 ἤτοι
630 1443 768 1497 Etym.
796 1444 878 1493 M.)
903 1443 1029 1494 Θέμιν
1051 1445 1112 1483 ἐπὶ
1137 1445 1234 1494 βοὸς
1257 1444 1475 1496 ὀχουμένην
1497 1446 1628 1484 ἐλθεῖν
1655 1446 1783 1485 ἐκεῖσε

275 1500 370 1537 κατὰ
392 1499 458 1538 τὸν
481 1501 753 1541 Δευκαλίωνος
775 1501 1060 1550 κατακλυσμόν.

333 1555 398 1603 84,
427 1567 487 1600 24.
518 1557 572 1596 εἰς
603 1557 671 1596 τὰς
705 1554 841 1597 πόλεις
872 1555 1134 1609 βιασάμενος]
1172 1556 1403 1609 Irruptione
1425 1556 1547 1609 fizcta
1581 1557 1626 1596 in
1660 1555 1782 1598 urbes.

274 1610 605 1651 SOHAEFER.

332 1667 398 1715 84,
423 1679 444 1705 2
448 1679 487 1719 5.
509 1666 756 1719 Ἀλεξάνδρῳ
778 1670 829 1720 τῷ
856 1666 1042 1722 κηδεστῇ]
1079 1668 1187 1708 Erat
1214 1668 1323 1707 enim
1345 1667 1616 1722 Olympiadis,
1640 1668 1781 1708 uxoris

276 1721 473 1775 Philippi,
495 1722 640 1763 frater.
703 1723 756 1762 V.
780 1723 1038 1777 Harpocrat.
1061 1738 1093 1763 s.
1118 1739 1155 1763 v.
1177 1723 1451 1775 Ἀλέξανδρος.

332 1779 397 1829 84,
424 1780 487 1818 26.
511 1780 668 1831 σφόδρα
689 1778 755 1833 γε]
791 1779 966 1820 Ironice.

332 1835 354 1873 8
357 1848 397 1886 5,
422 1848 454 1873 1.
478 1834 573 1885 πρὸς
593 1836 680 1877 τοὺς
693 1835 916 1889 ”Ελληνας]
957 1835 1151 1889 Inprimis
1179 1836 1291 1889 apud
1315 1836 1655 1890 Peloponnesios,
1677 1850 1780 1890 quos

272 1895 416 1929 orator
451 1905 545 1930 cum
578 1891 860 1931 Demosthene
895 1891 1071 1945 aliisque
1109 1892 1273 1946 legatus
1309 1892 1499 1933 adiverat
1531 1892 1594 1932 Ol.
1624 1905 1713 1946 109,
1742 1906 1777 1932 1.

275 1945 495 1985 FRANK.

331 2002 395 2055 85,
419 2016 457 2054 3.
482 2004 525 2042 ἐν
547 2004 755 2058 ἐπιστολῇ]
790 2003 984 2057 Epistola
1008 2004 1189 2058 Philippi
1211 2018 1305 2043 cum
1327 2004 1495 2058 reliquis
1521 2003 1654 2044 literis
1676 2005 1779 2058 pub-

271 2057 358 2097 licis
394 2059 645 2099 servabatur
677 2058 718 2098 in
753 2060 933 2107 Mctroo,
960 2065 1061 2100 tunc
1093 2065 1232 2100 autem
1265 2061 1318 2100 ob
1353 2061 1538 2114 aliquam
1571 2074 1776 2108 caussam,

271 2114 452 2154 fortasse
477 2115 530 2154 ob
558 2129 748 2155 caussam
774 2116 825 2155 de
854 2116 960 2156 falsa
990 2116 1212 2171 legatione,
1235 2117 1276 2155 in
1298 2117 1456 2157 curiam
1477 2117 1564 2156 lata
1584 2121 1661 2164 est,
1684 2116 1777 2156 ideo

270 2169 425 2210 dicitur
445 2171 469 2220 ἥ
489 2172 573 2210 ε’στι
595 2174 663 2210 νῦν
686 2173 729 2211 ἐν
750 2175 800 2226 τῷ
821 2174 1099 2226 βουλευτηρίῳ.
1147 2173 1264 2212 Oonf.
1282 2172 1309 2211 f.
1330 2173 1405 2226 leg.
1424 2188 1463 2226 p.
1480 2175 1575 2226 381.
1638 2172 1777 2213 Aedes

269 2225 417 2265 matris
438 2227 611 2265 deorum
637 2227 776 2267 curiae
797 2227 930 2268 vicina
950 2233 1054 2268 erat.
1090 2228 1282 2268 Aeschin.
1301 2243 1335 2268 c.
1352 2229 1463 2269 Otes.
1483 2243 1521 2283 p.
1538 2229 1636 2281 576.
1669 2228 1776 2268 Pau-

269 2295 355 2320 san.
383 2295 414 2329 1,
437 2295 475 2335 3.
497 2295 536 2331 4.
572 2281 756 2322 VOEM.
820 2283 978 2324 Orator
1011 2298 1103 2324 eam
1140 2284 1359 2337 epistolam
1394 2284 1508 2331 dicit,
1543 2297 1667 2337 quam
1702 2298 1776 2324 rex

270 2337 412 2376 decem
435 2337 584 2391 legatis
601 2351 623 2377 e
639 2338 777 2391 priore
797 2338 1008 2393 legatione
1025 2340 1192 2379 domum
1213 2340 1484 2380 redeuntibus
1500 2345 1600 2380 ante
1616 2354 1773 2394 pacem,

265 2393 505 2445 juramento
527 2393 817 2434 confirmatam
838 2399 881 2434 et
901 2400 1000 2436 ante
1029 2395 1273 2436 societatem
1300 2395 1447 2436 initam
1475 2395 1653 2436 tradidit
1681 2396 1775 2435 civi-

269 2449 345 2487 bus
376 2449 665 2501 perferendam
692 2450 1022 2490 Anthesterione
1052 2451 1138 2490 fere
1160 2451 1322 2505 Olymp.
1351 2453 1438 2499 108,
1464 2463 1498 2490 2.
1553 2451 1670 2491 Gonf.
1693 2452 1774 2492 De-

270 2504 422 2544 mosth.
444 2519 482 2557 p.
505 2517 601 2557 443.
630 2506 827 2545 Aeschin.
854 2506 880 2545 f.
910 2506 986 2560 leg.
1014 2521 1054 2560 p.
1086 2519 1179 2557 227.
1207 2519 1300 2560 231.
1333 2507 1518 2547 VOEM.
1541 2507 1583 2547 in
1607 2507 1770 2563 Proleg.

267 2560 320 2600 ad
344 2560 523 2614 Philipp.
550 2560 606 2600 II.
628 2575 666 2614 p.
687 2573 751 2612 24.

327 2617 392 2669 85,
417 2617 454 2655 6.
482 2617 506 2656 ἃ
530 2617 698 2668 γράφειν
724 2617 772 2657 ἂν
797 2617 886 2671 ἤδη]
921 2618 1037 2658 Conf.
1061 2618 1111 2657 de
1132 2619 1158 2657 f.
1182 2618 1259 2672 leg.
1281 2634 1321 2672 p.
1343 2631 1441 2672 353.
1469 2621 1489 2658 ὁ
1515 2621 1589 2670 γὰρ
1620 2620 1673 2661 εἰς
1703 2619 1772 2669 τὴν

270 2671 462 2722 προτέραν
482 2672 640 2723 γράψας
661 2674 885 2723 ἐπιστολὴν,
908 2673 955 2723 ἣν
976 2674 1194 2725 ἠνέγκαμεν
1217 2676 1335 2724 ἡμεῖς,
1358 2676 1415 2714 ὅτι
1442 2675 1645 2726 ἔγραφον
1666 2673 1696 2714 δ’
1719 2675 1772 2715 ἂν

269 2728 328 2766 καὶ
355 2728 558 2778 διαρρήδην
583 2729 697 2778 ἡλίκα
727 2731 821 2778 ὑμᾶς
851 2731 892 2769 εὖ
917 2730 1080 2780 ποιήσω,
1104 2732 1137 2769 εἰ
1166 2731 1206 2770 εὖ
1236 2729 1344 2785 ᾔδειν
1369 2731 1429 2770 καὶ
1457 2732 1526 2780 τὴν
1546 2733 1771 2782 συμμαχίαν

266 2800 330 2831 μοι
361 2784 644 2834 γενησομένην,
678 2786 882 2836 γεγονυίας
911 2789 976 2834 τῆς
1006 2787 1226 2838 συμμαχίας
1257 2787 1301 2825 οὕ
1332 2793 1454 2836 φησιν
1481 2787 1623 2827 εἰδέναι
1654 2788 1692 2825 τί
1722 2787 1771 2826 ἂν

268 2843 388 2878 ποιῶν
413 2841 618 2891 χαρίσαιτο
649 2840 726 2880 οὐδ’
750 2841 769 2879 ὃ
797 2842 908 2883 αὐτὸς
936 2842 1143 2894 ὑπέσχετο.
1206 2841 1439 2882 Infinitivus
1471 2847 1534 2882 est
1565 2842 1767 2883 orationis

266 2894 471 2947 obliquae.
519 2894 739 2935 FRANK.
