1935 3205
656 147 688 185 l’
703 147 781 186 ΚΑ
804 146 926 186 EFA
940 146 973 185 Τ
991 147 1062 185 l().
1527 146 1607 184 xliii

101 252 312 300 appendice
337 261 590 300 praepostere,
614 253 735 289 multa
756 254 823 295 bis,
848 254 967 289 multa
996 253 1064 288 snb
1096 253 1242 301 paginis
1269 253 1462 288 ementitis
1490 253 1611 301 posita

103 324 319 352 occurrunt.
368 317 529 353 Videtur
559 317 647 353 mihi
681 319 775 354 haec
806 318 983 354 collectio
1013 330 1035 352 a
1055 316 1260 365 Sylburgio
1290 316 1389 352 facta
1417 330 1510 359 csse,
1534 330 1608 351 non

103 392 146 414 cx
168 392 244 415 uno
265 381 406 422 codice,
428 382 492 417 scd
515 395 533 418 e
555 382 726 426 diversis,
744 382 894 425 Aldino,
917 382 1183 421 Lambiniano,
1201 383 1434 430 Augustano,
1459 381 1607 416 Pithoe-

102 456 174 479 ano
196 452 233 479 et
258 444 384 480 nescio
411 458 457 480 au
485 459 528 481 cx
557 446 648 481 aliis.
707 447 764 482 Ad
793 446 983 482 orationes
1010 446 1048 480 in
1080 445 1220 481 caussis
1250 446 1406 493 privatis
1436 445 1527 480 nihil
1559 445 1607 480 ibi

101 515 157 542 cst
178 516 415 544 annotatum.
479 510 595 546 l‘enes
618 523 675 546 me
697 524 772 546 non
797 511 921 559 magni
944 510 1127 545 momenti
1151 517 1205 545 est
1228 510 1321 545 haec
1343 509 1531 557 appendix
1548 507 1579 543 k·

797 620 826 661 ξ.
857 630 914 651 10.

653 693 709 727 I)e
728 693 879 727 odilione
901 693 1059 740 Taylmv'.

159 765 267 800 Hane
290 764 603 801 Francfurtanam
636 766 834 801 renovavit
854 767 993 814 Taylor
1024 767 1060 801 in
1092 780 1171 806 sua,
1204 766 1248 802 de
1277 779 1351 813 qua
1384 779 1484 801 nunc
1517 765 1606 801 mihi

101 827 303 863 dicendum
334 837 411 870 est;
444 841 541 876 quae
570 830 599 865 si
631 837 752 865 totum
786 829 984 866 exhiberet
1008 831 1323 871 Demosthenem,
1348 830 1426 865 sine
1455 838 1608 865 contro-

100 890 223 927 versia
242 892 498 939 principatum
516 901 664 930 teneret
683 895 854 930 omnium
873 894 1081 930 editionum
1101 902 1138 930 et
1155 895 1370 930 chartarum
1393 894 1607 941 splendore,

100 963 136 989 et
156 954 293 991 criticis
314 956 528 1005 praecipue,
551 958 689 1005 quibus
710 957 894 994 instructa
914 966 983 1000 est,
1006 958 1124 1006 copiis
1146 957 1395 1006 amplissimis.
1437 958 1510 994 Sed
1532 957 1608 993 duo

101 1027 249 1054 tantum
278 1022 357 1068 ejus
387 1021 560 1068 prodiere
586 1021 795 1063 volumina,
817 1023 978 1059 alterum
1009 1035 1111 1058 anno
1139 1023 1248 1069 1748.
1272 1022 1442 1063 ineunte,
1465 1023 1606 1057 Canta-

101 1083 255 1132 brigiae,
277 1084 478 1120 continens
498 1087 690 1122 orationes
711 1098 731 1121 a
752 1086 892 1121 Wolfio
913 1087 950 1121 in
973 1086 1130 1121 classem
1154 1085 1306 1121 tertiam
1328 1085 1479 1121 relatas.
1510 1085 1607 1119 Tum

100 1147 236 1194 prodiit
267 1161 368 1185 anno
396 1161 507 1197 1757.
529 1151 711 1186 volumen
741 1158 876 1186 tenens
907 1149 1138 1186 adversarias
1160 1149 1434 1186 Demosthenis
1464 1157 1502 1185 et
1531 1153 1608 1185 Ae-

100 1212 254 1248 schinis.
305 1213 368 1249 Nil
390 1222 589 1262 praeterea
608 1214 732 1262 operis
754 1215 864 1263 hujus
886 1213 1178 1262 splendidissimi
1201 1213 1246 1249 ad
1268 1214 1339 1250 hoc
1361 1212 1435 1249 diei
1457 1213 1606 1261 prodiit.

100 1276 189 1312 Fert
214 1285 343 1313 tamen
373 1277 484 1318 fama,
507 1278 599 1320 fore,
623 1286 665 1314 ut
694 1277 912 1326 propediem
944 1277 1078 1325 reliqui
1108 1290 1260 1325 quoque
1291 1278 1382 1313 tomi
1409 1289 1429 1313 e
1459 1276 1608 1313 schedis

99 1340 251 1388 Taylori
271 1342 370 1377 haud
391 1342 445 1377 ita
464 1341 608 1390 pridem
631 1342 708 1378 fato
730 1355 797 1377 suo
818 1341 985 1378 defuncti
1008 1340 1227 1389 prodeantl.
1273 1341 1469 1377 Praeclare
1491 1340 1606 1383 enirn,
1622 1355 1696 1378 va

101 1413 138 1439 et
159 1403 278 1454 magis
299 1404 426 1446 etiam,
448 1418 562 1453 quam
584 1414 625 1441 ut
645 1419 665 1441 a
687 1418 747 1441 me
767 1418 834 1453 pro
856 1404 997 1441 meritis
1026 1405 1285 1453 depraedicari
1309 1413 1437 1452 queat,
1459 1404 1506 1440 de
1529 1405 1606 1440 De-

100 1469 299 1504 mosthene
320 1468 479 1505 meritus
499 1477 555 1506 est
574 1470 772 1518 Taylorus.
832 1470 967 1505 Insunt
987 1478 1115 1505 tamen
1145 1469 1232 1505 huic
1254 1482 1406 1517 quoque
1437 1469 1609 1517 pulcher-

99 1532 195 1568 rimo
225 1532 372 1581 corpori
406 1533 462 1569 sui
495 1533 619 1575 naevi,
649 1533 685 1569 in
716 1534 851 1581 quibus
882 1546 1000 1582 penes
1030 1546 1091 1570 me
1123 1533 1275 1581 quidem
1310 1533 1538 1581 praecipuus
1573 1541 1611 1568 et

99 1609 222 1644 paene
245 1609 344 1633 unus
365 1605 434 1638 est,
460 1601 565 1643 (nam
588 1605 826 1634 caeterorum
848 1597 958 1634 facile
978 1599 1128 1634 veniam
1151 1598 1185 1633 ei
1206 1597 1388 1639 dederim,
1412 1598 1520 1646 hujus
1541 1597 1610 1632 dif-

100 1661 278 1706 ficulter‚)
305 1661 404 1709 quod
427 1661 463 1697 in
492 1662 639 1698 edenda
660 1662 809 1698 Graeca
830 1662 945 1698 Dem.
968 1663 1140 1698 oratione
1170 1661 1282 1697 nimis
1313 1674 1352 1697 se
1382 1673 1539 1710 segnem
1571 1669 1610 1697 et

544 1727 710 1762 Textum
740 1726 989 1767 W'olfianum,
1022 1726 1113 1762 lima
1142 1725 1254 1761 nimis
1282 1738 1395 1773 parce
1427 1725 1608 1767 adbibita,

100 1789 254 1825 tradidit
282 1789 406 1838 operis
435 1791 512 1826 suis
540 1790 814 1831 recudendum,
837 1791 938 1838 quod
962 1798 1109 1826 textum
1134 1798 1285 1826 constat
1314 1789 1473 1825 infidum
1496 1797 1534 1825 et
1554 1788 1609 1824 vi-

100 1738 277 1761 seeurum
305 1725 474 1775 gesserit.

100 1854 240 1890 tiosum
262 1866 356 1890 esse.
414 1853 550 1890 Paucis
574 1854 611 1890 in
638 1854 732 1891 loeis
754 1855 790 1891 id
812 1855 1044 1898 emendavit,
1067 1854 1252 1891 lectiones
1280 1855 1495 1894 mendosas,
1518 1866 1611 1901 quas

99 1918 179 1965 ipse
199 1919 237 1954 in
259 1919 359 1954 notis
380 1919 549 1959 damnat,
572 1917 658 1954 sivit
679 1919 787 1960 tales,
810 1918 942 1966 quales
961 1927 1168 1967 repererat,
1192 1918 1287 1954 fovit
1308 1927 1345 1954 et
1365 1918 1607 1967 propagavit}

99 1994 197 2029 quae
217 1982 368 2018 macula
389 1990 446 2018 est
465 1981 620 2018 homine
642 1983 774 2019 critico
798 1982 962 2032 indigna.
1003 1983 1157 2030 Ecquae
1178 1995 1317 2032 magna
1337 1983 1420 2018 laus
1439 1990 1607 2018 veterem

141 2088 156 2110 ¹<
174 2090 279 2120 Codex
295 2090 423 2120 Italicus
438 2090 470 2119 in
486 2091 620 2128 gratiam
632 2090 742 2121 Wolfii
760 2091 820 2121 col-

98 2142 180 2172 latus
196 2149 252 2173 est.
300 2143 419 2182 Taylor
434 2144 473 2172 ad
490 2153 519 2182 p.
538 2152 610 2182 202,
628 2153 677 2183 30.

142 2196 401 2226 Francfurtenses
428 2202 647 2235 praeterquam
672 2199 754 2236 quod
781 2199 819 2228 de

98 2249 191 2279 Dem.
209 2248 253 2278 nil
274 2249 378 2280 meriti
401 2256 515 2288 essent,
531 2250 626 2280 etiam
650 2250 819 2290 aliquando

96 2304 165 2341 ejus
188 2303 391 2342 interpretem
408 2303 496 2342 quasi
511 2304 617 2334 dedita
631 2314 727 2343 opera
747 2315 818 2334 mu-

97 2355 231 2386 tilarunt
247 2356 336 2386 nohis
351 2362 382 2386 et
397 2355 611 2387 conciderunt.
646 2357 765 2397 Taylor
780 2358 819 2387 ad

97 2420 125 2448 p.
146 2419 219 2448 290,
234 2418 281 2449 19.

140 2463 248 2493 Editio
264 2463 497 2494 Francfnrtana
520 2463 698 2502 saepissime
715 2474 754 2494 ex
772 2471 820 2505 ty-

97 2516 244 2556 pothetae
271 2517 404 2553 incuria,
431 2527 495 2546 non
522 2517 709 2548 auctoritate
735 2518 819 2548 codi-

97 2580 180 2607 cum,
196 2580 214 2599 a
230 2580 304 2600 vera
326 2569 458 2600 lectione
482 2570 607 2609 recedit,
623 2576 660 2600 ut
681 2571 711 2600 id
730 2581 821 2610 saepe

98 2629 207 2652 notare
225 2627 256 2651 et
279 2621 425 2652 lectorem
446 2623 615 2654 admonere
638 2634 736 2663 paene
754 2631 819 2655 tae—

97 2677 177 2705 deat.
212 2674 330 2715 Taylor
345 2676 385 2704 ad
402 2686 430 2714 p.
452 2685 522 2714 210,
538 2685 587 2715 3¹·

142 2729 228 2766 Quid
245 2729 302 2758 sibi
319 2729 430 2758 volunt
451 2730 509 2759 ista
524 2730 619 2760 verba
637 2730 764 2770 Taylori
782 2732 822 2760 ad

99 2793 128 2821 p.
148 2790 208 2821 359
225 2784 399 2821 antepe11.?
425 2784 445 2799 ‘⁶
459 2783 562 2813 Sentit
588 2793 711 2813 mecum
731 2785 820 2813 Itali-

99 2847 153 2866 cus
168 2844 199 2866 et
215 2836 268 2875 qui
286 2837 431 2866 Italicum
448 2837 662 2875 p1·ocuravit.”

134 2890 142 2912 1
165 2890 239 2921 Post
255 2891 331 2921 haec
347 2891 461 2929 scripta
478 2890 575 2920 literis
592 2900 630 2921 ex
648 2891 767 2931 Anglia
784 2892 822 2921 ad

99 2953 148 2973 me
171 2945 252 2974 datis
276 2943 602 2983 Schweighaeuserus‚
624 2944 821 2983 Argentora-

888 2091 994 2128 tensis,
1013 2093 1054 2119 A.
1070 2090 1117 2119 M.
1144 2091 1316 2121 multarum
1342 2090 1505 2120 literarum
1530 2090 1610 2128 peri-

888 2152 948 2182 tus,
977 2144 1096 2173 amicus
1124 2143 1156 2172 in
1185 2144 1290 2183 paucis
1319 2154 1419 2180 meus,
1446 2143 1609 2174 certiorem

886 2207 937 2227 me
952 2197 1033 2233 fecit,
1050 2198 1089 2226 ad
1106 2197 1287 2227 Antonium
1304 2197 1502 2233 Askewium,
1516 2197 1556 2226 V.
1573 2197 1608 2226 C.

888 2250 1042 2280 medicum
1082 2251 1166 2288 apud
1202 2250 1420 2280 Londinenses
1458 2250 1611 2280 dexterri-

887 2314 987 2341 mum,
1018 2304 1085 2334 illas
1113 2304 1242 2344 Taylori
1270 2305 1395 2335 chartas
1422 2305 1609 2344 pervenisse,

887 2357 941 2396 qui
957 2368 1029 2388 cum
1053 2365 1148 2388 antea
1169 2369 1255 2397 spem
1274 2358 1396 2388 fecisset
1419 2368 1527 2388 earum
1544 2368 1562 2387 a
1578 2368 1610 2388 se

886 2413 1092 2449 edendarum,
1111 2423 1197 2443 nunc
1220 2414 1340 2452 abjecto
1363 2413 1416 2443 illo
1440 2413 1607 2452 proposito,

887 2467 969 2504 quod
986 2467 1112 2506 exsequi
1130 2466 1302 2496 multitudo
1322 2467 1519 2505 negotiorum
1545 2476 1609 2496 non

887 2519 1038 2558 patiatur,
1065 2520 1215 2558 recepisse
1242 2520 1387 2559 reliquias
1413 2520 1609 2559 Tayloranas

1228 2573 1298 2612 Ipse
1323 2573 1382 2602 Vir
1409 2573 1609 2603 Clarissimus

888 2627 969 2656 datis
992 2627 1030 2655 ad
1054 2637 1104 2656 me
1127 2636 1229 2665 nuper
1252 2626 1350 2656 literis
1373 2626 1610 2656 humanissimis

887 2680 965 2709 rnihi
982 2680 1083 2710 sactus
1097 2687 1143 2710 est
1160 2680 1256 2718 hujus
1272 2680 1314 2709 rei
1332 2686 1460 2715 anctor3
1484 2686 1520 2709 ut
1536 2678 1609 2708 nul—

888 2732 936 2761 lus
952 2733 1104 2770 dubitem,
1122 2733 1187 2762 fore
1211 2732 1307 2767 brevi,
1327 2741 1362 2762 ut
1386 2731 1456 2761 illae¹
1480 2731 1610 2762 schedae

1234 2786 1308 2822 Quo
1338 2786 1431 2822 facto,
1461 2785 1609 2824 quiequid

888 2839 1090 2877 reliquiarum
1111 2838 1239 2878 Taylori
1256 2849 1412 2877 accepero,
1430 2839 1563 2869 fideliter
1579 2840 1610 2868 id

888 2572 966 2601 mihi
996 2573 1178 2603 missurum.

889 2785 966 2814 mihi
996 2787 1180 2815 reddantur.

889 2902 981 2922 mnne
997 2893 1029 2921 in
1046 2892 1104 2922 hac
1125 2893 1261 2923 editione
1282 2899 1389 2923 nostra
1416 2903 1486 2923 sum
1510 2893 1612 2932 puhli-

890 2952 1028 2976 caturus.
