1914 3184
279 149 358 188 134
718 151 1068 191 PHILIPPICA
1105 150 1397 190 SECUNDA.

275 257 358 292 θεῖν
379 254 441 292 οἶα
463 257 538 293 τῶν
559 255 683 293 ὄντων
709 255 922 304 ἀνθρώπων
946 254 1101 295 οὐδένες
1118 255 1271 293 πώποτε
1293 255 1549 293 πεπόνθασιν.
1572 269 1611 308 p.
1634 268 1724 305 104,
1742 265 1781 309 5.

273 324 305 348 S.
329 311 587 358 ἀνοητότατος
619 309 775 349 πάντων
807 310 854 349 ἂν
882 311 937 359 εἴη
969 314 1045 348 τῶι
1071 311 1193 349 ὄντων
1220 311 1445 360 ἀνθρώπων
1508 309 1663 350 Nostro
1693 311 1782 351 loco

273 365 1627 435 818111116111ειναι6χ18ί61601111081111111οὓςάπώλεσεν.1193,688
1646 367 1694 406 ἂν
1709 369 1783 417 μὲν

272 423 404 461 τοίνυν
423 420 448 475 ᾗ
480 421 522 460 τὸ
545 421 782 470 συνεστηκὸς
807 425 918 460 τοῦτο
951 421 1180 472 στράτευμα,
1202 421 1272 460 ubi
1294 421 1532 474 oppositum
1565 427 1629 462 est
1651 424 1782 463 διαλύ-

275 481 399 516 εσθαι.
421 492 460 530 p.
492 488 578 530 125,
608 489 668 516 12.
691 475 744 515 ὅτ’
766 477 814 527 ἠν
834 477 857 526 ἡ
877 478 1001 518 πόλις
1034 477 1241 516 BREMI.
1299 477 1410 517 Vere
1431 482 1573 518 monet
1595 479 1694 518 εἶναι
1715 478 1781 518 1116

272 532 505 586 significare
527 533 687 573 mistero
701 548 712 570 .·
747 533 819 572 sed
853 533 962 585 quod
984 532 1058 580 ait,
1079 533 1343 586 participium
1364 533 1561 586 praeponi
1590 535 1781 574 substan-

272 589 358 628 tivo
385 603 471 628 cum
493 589 546 634 υἱ,
569 603 652 628 11011
680 588 897 628 assentior.
960 589 1100 629 Nihilo
1128 588 1275 628 minori
1297 603 1390 628 cum
1411 589 1449 628 vi
1479 594 1647 642 poterat
1667 596 1780 643 post-

271 644 380 698 poni,
404 644 628 684 dummodo
660 645 885 684 iteraretur
916 645 1137 684 articulus:
1170 659 1266 684 nam
1297 645 1562 698 participium
1597 650 1661 685 est
1690 646 1780 686 loco

270 700 458 754 epitheti.
520 701 661 740 Solum
691 701 955 754 participium
987 705 1063 740 τῶν
1085 703 1221 746 ὄντων,
1245 700 1395 741 omisso
1421 702 1682 741 substantivo
1714 703 1781 742 ἇν-

271 758 445 808 θρώπων,
468 757 581 811 legas
603 772 641 810 p.
670 771 759 807 141,
785 760 849 799 26.
912 757 1188 797 SCHAEFlu
1195 757 1243 797 R.

329 815 394 865 69,
427 826 491 863 24
529 812 870 867 ἀναιρεῖ-σώζει]
908 813 1147 866 Utrumque
1182 813 1232 852 de
1268 819 1421 853 conatu
1454 813 1778 867 intelligendum,

270 869 342 909 sed
374 870 552 909 1116111111
579 869 795 909 6011811111111
817 869 923 909 vires
948 869 1370 910 Lacedaemoniorum
1392 869 1601 923 affligendi
1632 885 1779 925 leapse

265 926 353 978 jain
386 926 638 979 exsequitur
665 926 855 974 alterum,
881 926 991 979 quod
1024 930 1088 966 est
1120 926 1170 965 de
1203 925 1473 965 restituendis
1497 926 1780 966 Phocensibus

273 984 384 1032 (nam
406 983 543 1030 σώζειν
564 982 671 1021 idem
694 983 777 1022 fere
799 997 847 1022 ac
870 983 1117 1033 ἀνασώζειν),
1140 981 1273 1021 moliri
1296 996 1389 1021 611111
1411 982 1579 1036 quidam
1600 982 1778 1037 fingunt.

270 1037 305 1077 F
310 1038 491 1077 RANK.

326 1097 392 1147 69,
424 1095 488 1134 26.
523 1095 590 1134 οὐκ
621 1095 669 1134 ἂν
700 1096 865 1146 ἡγοῦμαι
898 1093 1118 1148 Φίλιππον]
1159 1094 1377 1134 Sententia
1413 1094 1513 1134 haec
1547 1099 1622 1134 est.
1685 1095 1780 1136 Sive

268 1155 458 1190 coactum
491 1155 533 1190 et
565 1151 741 1190 invitum
766 1150 1003 1204 Philippum
1036 1150 1136 1189 illud
1169 1151 1283 1204 prius
1316 1150 1377 1190 ais
1415 1150 1572 1199 fecisse,
1609 1155 1656 1190 ut
1693 1151 1777 1191 scil.

269 1206 480 1247 Thebanis
503 1207 809 1247 Orchomenum
843 1212 884 1246 et
907 1207 1137 1247 Coroneam
1171 1207 1439 1247 condonaret.
1474 1206 1558 1246 sive
1588 1221 1696 1247 nunc
1727 1208 1779 1248 de

267 1263 505 1303 constantia
527 1268 569 1303 et
590 1264 672 1303 fide
695 1263 991 1303 Thebanorum
1022 1263 1267 1316 desperare:
1301 1277 1382 1301 non
1413 1267 1554 1316 potest
1585 1263 1777 1316 exputari

266 1333 412 1359 caussa
434 1319 516 1359 ulla
536 1319 773 1373 probabiliS,
794 1334 868 1359 cur
890 1319 1185 1359 Thebanorum
1205 1318 1407 1367 inimicos,
1428 1319 1778 1360 Lacedaemonios

264 1379 392 1428 atque
415 1376 664 1423 Phocenses,
687 1375 793 1415 odiis
824 1380 913 1415 tam
945 1375 1273 1430 implacabilibus
1306 1375 1559 1421 insectetur,
1594 1375 1635 1414 id
1667 1376 1777 1429 quod

264 1431 379 1471 facit.
442 1432 556 1485 Ergo
577 1446 709 1485 neque
727 1432 822 1471 olim
845 1437 1013 1472 coactus
1034 1431 1206 1471 indulsit
1224 1431 1446 1479 Thebanis,
1466 1446 1571 1485 quae
1592 1431 1775 1481 indulsit,

265 1501 397 1540 neque
432 1502 540 1527 nunc
575 1488 775 1528 malevolo
811 1503 911 1542 erga
951 1502 1020 1527 cos
1055 1493 1119 1527 est
1152 1488 1304 1535 animo,
1340 1493 1604 1541 suspectosve
1636 1488 1776 1529 habet.

266 1543 392 1584 Falsa
424 1558 523 1598 ergo
557 1549 654 1584 sunt
686 1559 745 1591 ea,
770 1559 875 1598 quae
909 1549 1119 1584 nostrates
1153 1544 1204 1583 de
1228 1543 1409 1597 Philippi
1443 1558 1535 1583 cum
1568 1544 1777 1585 Thebanis

263 1599 496 1640 rationibus
518 1600 783 1654 suspicantur
805 1605 848 1640 ct
865 1601 1042 1653 jactant.
1105 1600 1298 1639 REISK.

320 1657 386 1709 69,
412 1669 476 1707 27.
499 1657 680 1707 βιασθεὶς
702 1656 824 1710 ἄκων]
850 1657 1036 1696 Advorte
1058 1656 1362 1696 abundantiam
1390 1656 1617 1696 orationis:
1654 1670 1704 1696 ne
1725 1657 1777 1696 de

260 1712 510 1765 glossemate
531 1712 700 1766 cogites.
764 1713 1094 1752 SOHAEFER.

320 1768 611 1822 ἀπεγίγνωσκε]
647 1769 689 1808 Si
719 1783 789 1809 608
822 1769 1079 1822 improbaret
1111 1773 1153 1808 et
1186 1773 1400 1821 suspectos
1430 1769 1615 1811 haberet.
1647 1769 1679 1807 si
1716 1769 1775 1808 eis

260 1823 478 1864 diffideret.
514 1825 705 1864 WOLF.
769 1825 866 1865 Vid.
895 1826 983 1864 lnd.
1007 1825 1153 1864 Gracc.
1219 1824 1549 1864 SCHAEFER.

318 1891 382 1932 70,
405 1893 439 1919 2.
464 1883 504 1920 ἐκ
531 1881 704 1934 πάντων]
737 1882 803 1920 Ad
828 1883 869 1920 ἐκ
891 1881 1046 1920 πάντων
1067 1886 1209 1934 repete
1232 1882 1348 1930 δῆλός
1375 1882 1470 1925 ἐστι,
1491 1885 1533 1920 et
1555 1884 1669 1920 verte
1689 1897 1697 1920 :
1730 1895 1776 1921 em

257 1936 319 1982 riis„
343 1951 441 1989 quae
463 1951 565 1976 1111116
576 1937 698 1989 jacit,
721 1937 841 1977 elucet
859 1952 941 1977 enm
964 1938 1081 1976 etiam
1106 1937 1176 1976 illa
1203 1936 1331 1990 (prius
1352 1936 1480 1987 tacta)
1502 1936 1635 1976 dmlsim
1658 1951 1775 1990 opera

246 1993 399 2044 frisso,
423 2008 468 2032 ar
489 1992 666 2032 omnihus
689 2000 831 2040 (casem,
853 1995 888 2033 si
909 1994 996 2046 quis
1018 2000 1115 2033 recte.
1138 1998 1300 2046 rejmtet,
1323 1993 1439 2032 elucet
1460 2007 1558 2038 enm,
1582 2006 1774 2046 quaecun-

258 2062 328 2100 (μιν
350 2049 552 2097 moliatur,
570 2056 704 2089 contra
728 2049 857 2088 ‘urbem
884 2050 1074 2089 instruere
1093 2055 1128 2088 et
1148 2063 1382 2102 eompmwre.
1444 2048 1586 2088 Ohers.
1608 2064 1647 2102 p.
1670 2062 1772 2089 100:

257 2106 436 2154 δεύτερον
469 2105 497 2144 δ’
531 2105 675 2144 εἰδέναι
709 2110 846 2156 σαφῶς
873 2107 929 2145 ὅτι
963 2105 1090 2151 πάνθ’,
1115 2107 1191 2144 ὅσα
1222 2106 1533 2156 πραγματεύεται
1568 2107 1629 2144 καὶ
1661 2122 1773 2145 κατα-

258 2161 482 2207 σκευάζεται
505 2164 584 2205 νῦν,
606 2162 667 2200 ἐπὶ
689 2162 758 2210 τὴν
780 2162 970 2212 ἡμετέραν
992 2163 1109 2200 πόλιν
1130 2161 1476 2212 παρασκευάζεται.
1537 2160 1682 2201 Cicero
1701 2161 1771 2200 Or.

257 2229 332 2267 pro
356 2216 506 2255 Roscio
537 2219 676 2256 Amer.
710 2232 798 2270 cap.
822 2232 901 2270 45:
937 2218 1051 2267 Quae
1083 2218 1171 2269 jain
1205 2219 1318 2257 fact-a
1352 2221 1449 2256 sunt
1485 2230 1535 2255 ex
1568 2217 1631 2263 iis,
1667 2231 1772 2269 quae

257 2285 364 2310 1111116
387 2272 564 2311 maxime
586 2273 704 2317 fiunt,
722 2288 857 2312 nonne
875 2273 1004 2325 quivis
1027 2278 1167 2326 potest
1190 2273 1418 2326 intelligere
1440 2277 1517 2312 etc.
1533 2274 1545 2312 ’Ξ
1582 2273 1770 2313 VOEM.

258 2338 323 2376 70,
352 2341 505 2378 4—14.
569 2328 687 2367 Haec
721 2329 917 2381 repetivit
948 2329 1127 2381 scriptor
1156 2329 1337 2383 Philipp.
1364 2329 1440 2368 IV.
1473 2344 1511 2382 p.
1546 2342 1631 2382 134,
1666 2339 1773 2381 17-—

264 2394 327 2433 27.

315 2449 380 2490 70,
411 2441 471 2477 16.
497 2442 557 2479 διὰ
579 2438 681 2478 ταῦτ’
707 2439 920 2490 ἐγρήγορεν
943 2458 973 2479 κ.
999 2457 1032 2479 τ.
1056 2440 1117 2494 λ.]
1148 2440 1263 2480 (litatv
1284 2440 1324 2478 h.
1347 2440 1371 2478 l.
1397 2439 1662 2480 Minucianus
1683 2442 1771 2492 περὶ

254 2495 561 2546 ἐπιχειρημάτων
594 2510 632 2548 p.
664 2497 753 2544 146.
788 2495 839 2534 de
875 2496 1186 2549 enthymemate
1218 2495 1280 2535 ἀπ’
1315 2496 1453 2543 αἰτίας,
1483 2495 1554 2536 ubi
1590 2495 1648 2535 sic
1679 2496 1765 2536 ait:

253 2552 434 2589 σύνοιδεν
466 2553 586 2605 ἑαυτῷ
610 2552 806 2592 Φίλιππος
838 2555 971 2591 πολλὰ
997 2553 1201 2601 ἠδικηκότι,
1229 2553 1288 2591 καὶ
1320 2554 1380 2591 διὰ
1415 2555 1525 2591 τοῦτο
1556 2556 1770 2601 μισοῦντας

252 2607 348 2654 ὑμᾶς
371 2606 521 2651 ἑαυτὸν,
542 2608 615 2651 καὶ,
638 2609 670 2646 εἰ
693 2610 824 2657 καιροῦ
845 2607 1053 2655 λάβοισθε,
1072 2607 1420 2658 τιμωρησομένους.
1454 2610 1515 2647 διὰ
1532 2606 1634 2647 ταῦτ’
1659 2607 1768 2659 ἐγρή-

253 2678 383 2711 γορεν,
409 2662 627 2713 ἐφέστηκεν
661 2663 723 2702 ἐπὶ
756 2664 799 2716 τῇ
832 2665 960 2703 πόλει.
1025 2664 1091 2703 Sic
1126 2664 1202 2711 illc,
1227 2670 1273 2703 ut
1298 2667 1486 2716 apparet,
1509 2663 1548 2702 h.
1572 2663 1598 2702 l.
1624 2663 1768 2703 distin-

251 2718 419 2770 guebat.
483 2718 564 2757 Sed
600 2719 753 2758 rectius
790 2719 830 2757 in
863 2719 979 2759 libris
1010 2720 1165 2760 nostris
1201 2719 1425 2759 distinctus
1460 2719 1655 2759 cernitur.
1717 2719 1768 2758 In

254 2772 472 2822 ἐφέστηκεν
494 2774 742 2814 subauditur
763 2779 840 2816 τοῖς
862 2776 1100 2826 πράγμασιν,
1119 2780 1193 2815 aut.
1214 2780 1291 2816 τοῖς
1315 2777 1408 2814 κατὰ
1429 2778 1495 2824 τῆς
1516 2776 1666 2817 πόλεως
1689 2792 1766 2815 και-

250 2833 344 2877 ροῖς
364 2834 437 2868 aut
461 2835 542 2871 ταῖς
565 2832 660 2869 κατὰ
683 2847 747 2879 της
769 2833 920 2872 πόλεως
942 2833 1147 2882 ἀφορμαῖς
1165 2836 1237 2871 aut
1260 2830 1391 2869 simile
1414 2830 1524 2883 quid.
1550 2831 1611 2870 ἐπὶ
1632 2847 1675 2884 τη
1698 2832 1764 2869 πό-

251 2890 312 2921 λει
335 2886 551 2934 θεραπεύει,
575 2885 677 2924 :ilios
709 2885 1451 2940 60111.1.11111111,1110111616111101116118
1484 2872 1763 2926 81111011811111-

253 2938 324 2982 git.
349 2954 429 2992 quo
453 2940 649 2994 1·(1]1111111(·
653 2956 701 2981 ac
724 2947 841 2982 110811·
845 2958 891 2982 1,(
915 2957 1017 2982 noc(
1021 2948 1105 2982 ant.
1141 2943 1333 2982 REISK.
