1934 3179
300 133 386 171 508
705 133 784 173 DE
818 133 1012 174 FALSA
1045 134 1401 174 LEGATIONE.

298 249 365 287 41.
388 239 431 276 et
453 235 494 275 in
517 235 704 277 Isocrate
726 252 765 290 p.
788 240 873 290 364
894 237 950 277 D.
993 237 1215 277 Anecdota
1236 237 1416 277 Bekkeri
1438 253 1477 291 p.
1496 239 1563 286 68,
1585 251 1648 280 21.
1665 238 1803 291 (Ὑπερ-

300 292 398 343 φυὴς
422 293 592 343 Κρόνος;
627 292 683 332 ἐπ’
702 294 924 345 ἀρχαιότητι
945 294 1008 332 καὶ
1032 294 1197 347 εὐηθείᾳ.
1240 293 1489 333 SCHAEF.

356 348 451 401 363,
470 361 534 389 21.
558 349 836 400 προστάττετε]
872 349 1056 390 Subaud.
1080 353 1159 391 τοῖς
1181 353 1294 392 θεοῖς.
1334 349 1387 388 V.
1403 364 1438 390 v.
1456 361 1521 401 27.
1572 350 1802 404 Aliquanto

299 403 430 443 lenius
453 404 617 453 ἀξιοῦτε,
632 404 858 457 postulatis.
902 404 1150 445 SOHAEF.

357 461 452 512 363,
481 461 546 501 28.
576 460 1195 514 ἥξειν-ὥστε--κατηγορησειν]
1229 460 1474 502 Herodotus
1496 476 1529 509 Ι,
1554 464 1642 516 189.
1675 464 1741 503 καί
1768 464 1804 503 οἱ

301 516 539 565 ἐπηπείλησε
571 516 667 555 οὕτω
699 515 743 564 δη
778 532 844 565 μιν
870 517 1041 556 ἀσθενέα
1076 533 1291 567 ποιησειν
1322 518 1437 558 ὥστε
1468 535 1534 558 του
1571 522 1710 558 λοιποῦ
1743 520 1804 558 καὶ

300 570 483 622 γυναῖκάς
530 587 596 619 μιν
637 571 825 613 εὐπετέως
874 572 917 611 τὸ
967 573 1062 624 γόνυ
1108 573 1152 612 οὐ
1199 574 1423 625 βρεχούσας
1473 574 1800 624 ὃιαβησεσθαι.

302 626 551 666 SCHAEF.
613 626 728 666 Cous.
753 627 807 666 ad
828 642 868 680 p.
891 629 984 678 846,
1006 640 1067 667 12.

357 684 452 735 364,
480 684 674 736 1.-365,
710 695 774 723 20.
812 683 916 723 Cum
956 683 1018 723 his
1055 684 1338 737 comparanda
1368 699 1473 737 quae
1509 686 1562 725 ab
1598 685 1804 726 Aeschine

300 738 495 777 dicuntur
515 753 553 791 p.
578 751 645 791 45,
666 741 855 792 15.—46,
878 753 946 789 42.
969 745 1016 780 ut
1038 739 1198 780 monuit
1221 739 1453 780 Dobraeus.

355 795 452 846 364,
477 806 512 835 2.
534 793 806 848 “Ηγησι’ππου]
846 795 1043 835 Aeschin.
1070 811 1111 849 p.
1136 808 1200 848 70,
1224 810 1285 848 15.
1317 799 1381 846 τῆς
1411 800 1486 836 τῶν
1513 796 1682 837 Φωκέων
1711 814 1804 847 συμ-

299 850 455 901 μαχίας,
480 850 528 899 ἣν
549 852 569 889 ὁ
598 852 813 902 Κρώβυλος
842 851 919 904 (sic
952 852 1216 906 Hegesippus
1247 851 1415 892 ludibrii
1447 866 1594 893 caussa
1624 853 1805 906 appella—

300 906 390 957 tur)
416 907 561 948 ἐκεῖιος
584 907 750 958 εγραψε.
792 907 966 948 DOBR.

355 963 496 1013 364⁰
474 991 515 1033 5.
546 963 631 1002 ἔστι
664 964 705 1002 δὲ
743 967 862 1003 ταῦτα
893 963 1035 1017 γέλως]
1078 963 1299 1017 Euripides
1322 964 1462 1004 Orest.
1485 966 1605 1018 1560.
1639 965 1806 1018 τεχνάσ-

299 1016 385 1067 ματ’
402 1018 486 1057 ε’στὶ
507 1035 626 1057 ταυτα
649 1035 709 1058 και
729 1019 850 1060 πολὺς
871 1019 1009 1070 γέλως.
1060 1019 1114 1058 V.
1128 1025 1215 1060 not.
1229 1020 1338 1073 adp.
1357 1021 1442 1073 185,
1458 1021 1518 1060 18.
1554 1020 1804 1061 SOHAEF.

356 1075 456 1126 364,
476 1083 515 1126 5.
543 1075 744 1125 Πρόξενον
765 1075 837 1127 οὐχ
866 1075 1120 1129 ὑπεδέξαντο]
1156 1075 1434 1115 Phocensium
1464 1075 1591 1130 legati
1614 1077 1806 1117 Athenas

300 1134 500 1170 venerant
539 1130 738 1169 auxilium
773 1135 964 1183 petentes
1007 1136 1049 1171 et
1088 1132 1264 1185 populus
1302 1132 1585 1185 psephismate
1619 1133 1691 1184 (ab
1725 1133 1808 1173 Ae-

301 1185 442 1225 schine
463 1200 620 1225 111011101
621 1190 693 1226 ato
714 1201 754 1240 p.
772 1199 840 1239 45
856 1188 943 1241 33)
968 1202 1088 1240 opem
1111 1188 1323 1228 ferendam
1344 1188 1443 1228 decr
1446 1202 1539 1228 ever
1541 1192 1599 1228 at.
1648 1189 1808 1229 Verum

301 1255 428 1294 quum
464 1242 693 1291 Proxenus,
730 1247 900 1306 praetor
936 1243 1225 1292 Atheniensis,
1259 1244 1314 1284 ad
1355 1258 1424 1283 eos
1460 1244 1723 1285 Callicratem
1766 1249 1808 1285 et

304 1297 571 1351 Metagenem
602 1299 763 1352 legatos
794 1299 986 1348 misisset
1009 1304 1176 1340 tantum
1200 1300 1335 1340 abfuit
1360 1305 1407 1339 ut
1432 1300 1598 1353 tylanni
1622 1300 1807 1341 Phocen-

302 1352 407 1392 sium
425 1330 812 1417 ὃΤ1101··11101)“11111111111
847 1332 1105 1396 munimenta
1136 1356 1464 1396 Atheniensibus
1498 1356 1728 1405 trader,ent
1760 1363 1807 1397 ut

301 1409 462 1463 legatos
479 1410 548 1463 qui
571 1410 639 1450 illa
661 1411 724 1450 his
746 1411 1036 1464 promiserant
1056 1411 1097 1450 in
1119 1411 1281 1452 vincula
1297 1412 1563 1464 0011110010111
1606 1413 1663 1452 Et
1681 1427 1808 1466 (11111111

304 1465 626 1506 Atheniensium
647 1467 806 1507 fetiales
828 1467 889 1506 (rr
890 1468 999 1507 aecis
1020 1468 1217 1521 mysteria
1242 1468 1425 1507 Eleusini
1430 1483 1455 1508 a
1475 1468 1716 1517 indicerent
1734 1469 1809 1508 soli

304 1521 541 1561 Phocenses
581 1522 767 1562 indutias
808 1537 938 1563 recus
931 1529 1068 1563 11·.11111
1131 1523 1198 1563 Sic
1236 1524 1261 1563 h
1265 1539 1336 1564 aec
1377 1529 1602 1564 nalrantur
1637 1526 1692 1565 ab
1727 1525 1809 1565 Ae-

304 1577 445 1617 schine
465 1593 505 1631 p.
529 1589 597 1630 45.
644 1579 697 1618 V.
721 1578 957 1619 Boehneck.
983 1579 1154 1629 Quaest.
1179 1580 1256 1619 vol.
1282 1594 1313 1619 1.
1336 1595 1374 1633 p.
1397 1581 1495 1632 380.

359 1634 456 1685 364,
491 1647 550 1673 10.
582 1634 625 1673 οὐ
656 1637 730 1685 γὰρ
758 1636 808 1676 ὡς
839 1652 872 1674 κ.
893 1652 926 1674 τ.
950 1635 1009 1688 λ.]
1054 1635 1281 1675 Construes
1317 1635 1548 1675 orationem
1588 1637 1695 1676 hanc
1730 1637 1807 1677 hoc

304 1689 427 1728 modo
458 1694 584 1742 atque
615 1690 852 1731 deficientia
882 1690 1036 1730 tacitus
1067 1691 1218 1730 addes:
1257 1692 1301 1730 οὐ
1334 1694 1408 1743 γὰρ
1440 1692 1680 1743 ἀπήγγειλεν
1711 1695 1807 1732 οὕτω

302 1745 390 1784 τότε
414 1745 557 1795 (scilic.
580 1745 841 1794 Aeschines).
864 1748 913 1788 ὡς
935 1748 1141 1796 ἐσώθησαν
1163 1747 1210 1786 ἂν
1231 1749 1268 1786 οἱ
1289 1751 1452 1794 Φωκεῖς,
1474 1749 1506 1787 εἰ
1526 1749 1576 1796 μὴ
1598 1750 1659 1787 διὰ
1680 1752 1806 1788 Λακε-

301 1802 520 1851 δαιμονίους
550 1805 661 1841 τοῦτο
690 1804 881 1842 ἀδύνατον
902 1803 964 1851 ἣν,
990 1807 1065 1842 aut
1097 1804 1350 1851 ἐκωλύθησαν
1373 1804 1575 1851 σώζεσθαι,
1598 1809 1672 1844 aut
1694 1807 1807 1845 ταῦτο

302 1857 369 1896 οὐκ
392 1856 561 1908 ἐγένετο.
624 1857 717 1897 Non
739 1858 847 1897 enim
869 1863 958 1898 tum
990 1858 1249 1898 renunciavit
1278 1858 1464 1898 futurum
1485 1858 1610 1899 fuisse
1630 1864 1678 1900 ut
1701 1860 1809 1899 Pho-

302 1926 443 1952 censes
485 1919 761 1961 servarentur,
794 1914 872 1953 nisi
909 1914 961 1953 ob
995 1914 1342 1954 Lacedaemonios
1383 1915 1460 1955 hoc
1501 1920 1699 1968 negatum
1734 1920 1809 1956 aut

302 1969 479 2008 arduum
500 1969 613 2009 factu
636 1970 794 2019 fuisset,
817 1975 891 2010 aut
913 1970 989 2009 nisi
1015 1970 1331 2010 Lacedaemonii
1363 1985 1449 2010 rem
1480 1971 1631 2011 morati
1656 1977 1809 2012 essent.

305 2024 364 2064 Et
399 2024 455 2064 sic
497 2025 538 2064 in
580 2026 748 2079 reliquis
779 2040 955 2080 quoque.
1001 2026 1193 2066 REISK.
1271 2027 1325 2066 V.
1358 2032 1444 2067 not.
1481 2027 1534 2067 ad
1569 2042 1607 2080 p.
1639 2040 1734 2081 370,
1766 2040 1806 2081 3.

359 2138 455 2189 364,
477 2138 538 2176 16.
561 2140 608 2177 τὰ
629 2138 853 2191 πράγματα]
885 2138 934 2177 Id
951 2143 1026 2187 est,
1043 2141 1090 2178 τὰ
1108 2141 1189 2178 ἐκεῖ
1202 2138 1420 2190 πράγματα.
1463 2139 1630 2179 Statum
1647 2153 1810 2179 omnem

305 2192 504 2232 Boeotiae
525 2198 637 2232 vestr
640 2208 707 2233 am
738 2194 792 2234 ad
824 2193 1051 2234 amicitiam
1082 2195 1300 2234 adducere.
1364 2196 1454 2235 Aut
1482 2195 1669 2235 universe
1699 2196 1809 2249 prin-

305 2247 491 2300 cipatum
514 2248 711 2289 Glaeciae
734 2250 938 2303 designat.
972 2250 1167 2290 REISK.
1229 2253 1276 2290 τὰ
1300 2250 1508 2302 πράγματα
1538 2253 1659 2291 οἰκεῖα
1684 2255 1809 2292 ποιεῖν

304 2303 330 2342 i.
364 2318 402 2356 q.
441 2306 489 2343 τὰ
534 2305 741 2356 πράγματα
785 2306 968 2356 πράττειν
1008 2321 1047 2358 p.
1088 2309 1184 2359 365,
1223 2320 1284 2355 10,
1328 2307 1421 2358 (ubi
1457 2322 1492 2347 v
1536 2307 1676 2347 Reisk.
1685 2309 1702 2360 )
1746 2319 1807 2361 15.

307 2359 559 2400 SOHAEF.

361 2417 911 2486 364,17.ταῦτα-ἡμερῶν]
951 2417 1094 2457 Verba
1115 2418 1216 2458 haec
1239 2417 1343 2458 citat
1364 2418 1604 2458 Priscianus
1626 2434 1666 2472 p.
1691 2420 1808 2471 1185.

305 2471 450 2511 01dine
482 2472 666 2512 inverzso
701 2476 842 2513 δυοῖν
832 2474 853 2523 ὴ
882 2477 995 2524 τριῶν
1021 2474 1171 2525 ἡμερῶν
1202 2478 1322 2514 ταῦτα
1352 2473 1631 2525 πεπράξεσθαι.
1666 2474 1809 2514 TAY-

309 2527 437 2568 LOR.

361 2585 458 2636 364,
477 2597 541 2626 21.
574 2585 784 2638 ἀνέχεσθε]
825 2585 874 2625 Id
896 2590 959 2625 est
981 2584 1174 2638 ἀνέχεσθε
1194 2586 1395 2637 λέγοντος.
1457 2585 1525 2625 Sic
1547 2601 1586 2639 p.
1608 2586 1704 2638 398.
1725 2586 1808 2637 μηδ’

306 2640 535 2692 ἀνάσχησθε
559 2648 582 2660 “
601 2642 650 2682 ὡς
670 2641 713 2680 οὐ
735 2645 795 2681 δεῖ
813 2642 919 2692 δίκην
940 2643 993 2681 ὧν
1016 2642 1123 2681 εἶπεν
1142 2642 1371 2694 ὑποσχεῖν.”
1402 2656 1524 2694 quem
1548 2642 1682 2681 locum
1703 2656 1810 2682 com-

306 2695 470 2747 paravit
492 2696 679 2736 Shilleto.

362 2753 458 2805 364,
483 2763 546 2792 22.
579 2753 623 2791 οὐ
645 2754 719 2803 γὰρ
739 2753 1229 2806 Λακεδαιμονίους-νυνί]
1266 2753 1603 2793 Lacedaemoniis
1625 2754 1810 2808 quamvis

307 2821 468 2860 semper
497 2808 582 2848 fere
610 2808 929 2848 Atheniensium
958 2808 1114 2862 gloriae
1148 2808 1427 2850 invidentibus
1460 2810 1624 2862 saepius
1656 2809 1810 2849 auxilia

307 2862 504 2911 tulerunt,
538 2878 663 2916 quum
698 2879 850 2918 magna
882 2869 1170 2918 premerentur
1201 2865 1451 2912 calamitate,
1476 2880 1510 2904 v.
1532 2880 1574 2919 g.
1608 2865 1711 2904 duce
1745 2864 1809 2904 Ci-

307 2931 439 2965 mone,
466 2932 558 2958 cum
588 2919 725 2973 gravis
756 2924 865 2960 esset
897 2920 1145 2961 Helotarum
1178 2921 1351 2961 seditio:
1386 2936 1420 2960 v.
1445 2920 1629 2973 Thucyd.
1656 2933 1689 2969 Ι,
1717 2932 1806 2959 102.
