1914 3184
284 128 340 172 96
744 129 1096 169 PHILIPPICA
1132 128 1342 168 PRIMA.

283 233 453 273 marcho
482 232 523 271 in
547 232 764 273 Thessalia
793 248 984 287 pugnans
1016 233 1108 286 plus
1130 246 1254 285 quam
1276 232 1422 286 viginti
1447 231 1574 272 millia
1600 231 1800 285 peditum,

283 294 327 329 et
358 288 443 329 tria
475 288 603 329 millia
631 289 927 329 Thessalorum
958 288 1146 341 equitum
1179 288 1405 328 contra-xit.
1455 288 1625 327 Diodor.
1649 290 1710 335 16,
1734 300 1756 340 3
1761 298 1800 340 5.

286 344 516 384 Praeterzei
538 345 712 385 classem
734 350 851 384 exsti
855 359 957 384 111161
959 349 1019 384 at.
1051 344 1090 382 V
1096 343 1240 383 OEM.

340 414 485 449 41,12.
506 399 941 454 Πύδναν-Μεθώνην]
968 401 1141 445 Πύδναν,
1161 401 1389 445 Ποτίδαιαν,
1410 400 1604 448 Μεθώνην
1622 399 1803 452 Sopater

282 457 338 496 ad
361 456 671 510 Hennogenem
693 471 733 509 p.
757 469 852 523 313.
876 455 934 495 sic
957 455 1177 496 ἀσυνδέτως
1199 455 1329 495 istaec
1352 454 1743 495 1eeitat.REISK.

341 525 407 562 41,
436 526 493 566 13.
531 514 637 551 Πυοι
632 529 688 551 αν
711 513 772 552 καὶ
801 512 1032 565 Ποτίδαιαν]
1069 511 1252 564 Ereptas
1282 510 1612 550 Atheniensibus
1636 510 1799 564 Oljmp.

292 581 338 606 10
340 581 379 621 5,
402 583 440 618 4.

342 623 552 676 Μεθώνην]
589 623 892 677 Expugnatam
913 637 939 663 a
963 622 1158 676 Philippo
1181 622 1343 676 Olymp.
1367 624 1453 670 106,
1477 638 1515 673 4.

339 693 407 729 41,
433 693 491 729 14,
516 679 678 733 οἰκεῖον]
714 679 859 719 Omnis
880 679 996 733 regio
1019 679 1287 732 circumjecta
1308 678 1490 718 obnoxia
1512 678 1801 718 fuerat'Athe-

284 735 497 775 niensibus
521 735 581 774 vel
604 735 807 775 societate
824 736 973 789 juncta
994 735 1056 775 vel
1079 735 1229 774 timore
1250 734 1417 774 adacta.
1451 734 1663 774 SAUPP.

339 805 406 840 41,
438 805 498 842 15·
532 793 664 830 πολλὰ
695 791 982 844 τῶν-ἐθνῶν]
1035 791 1236 837 Thessali,
1276 790 1478 837 Paeones,
1516 790 1658 844 Illyrii,
1695 789 1800 829 aliae

286 846 564 886 lN'laecdoniae
586 851 629 886 et
652 847 856 887 Thraciae
877 853 1036 901 gentes.
1099 846 1300 887 Similiter
1321 861 1360 899 p.
1385 860 1443 899 ¹5.
1460 846 1671 886 Thessalis
1693 860 1800 886 com-

283 902 525 943 memoratis
557 903 718 957 pergit:
752 905 857 942 ἀλλὰ
887 904 962 953 μὴν
984 905 1052 943 τόν
1079 920 1124 955 γε
1152 904 1307 942 Παίονα
1338 904 1400 942 καὶ
1431 903 1500 942 τὸν
1520 902 1717 953 Ἰλλυριὸν
1739 903 1800 941 καὶ

283 962 417 1000 ἁπλῶς
449 960 603 1000 τούτους
634 960 806 1000 ἅπαντας
838 960 1073 1008 αὐτονόμους
1102 960 1211 1008 ἥδιον
1238 959 1286 998 ἂν
1315 960 1377 998 καὶ
1409 959 1638 1009 ἐλευθέρους
1665 957 1687 1008 ἦ
1717 960 1801 998 δού-

283 1020 378 1056 λους
400 1015 512 1054 εἶναι

340 1085 407 1120 41,
429 1084 489 1109 20.
510 1072 805 1123 ἐπιτειχίσματα
826 1088 890 1121 της
911 1073 1027 1110 αὑτοῦ
1049 1070 1196 1123 χώρας]
1232 1070 1536 1110 Demosthenes
1552 1085 1590 1123 p.
1611 1068 1702 1119 248,
1730 1082 1799 1122 131

284 1125 372 1166 ἀλλ’
398 1129 417 1165 ὁ
450 1127 520 1176 τὴν
553 1127 1091 1176 Εὔβοιαν-κατασκευάζων
1128 1128 1374 1178 ἐπιτείχισμα
1410 1128 1473 1166 ἐπὶ
1508 1143 1578 1175 την
1606 1125 1799 1175 Ἀττικην,

283 1183 336 1222 ad
359 1183 527 1235 queml
552 1183 765 1235 pertinent
788 1197 895 1236 quae
927 1183 984 1222 Η
987 1183 1242 1236 11pocration
1275 1183 1312 1221 h·
1304 1183 1427 1222 abet:
1464 1183 1723 1234 ἐπιτείχισμα
1756 1181 1799 1221 τὸ

283 1241 546 1291 τειχιζόμενον
569 1240 664 1278 κατά
685 1256 800 1278 τινων
821 1241 977 1292 χωρίον,
999 1240 1090 1278 ὅθεν
1112 1240 1327 1290 ὁρμώμενοι
1352 1240 1389 1278 οἳ
1409 1239 1652 1290 τειχίσαντες
1680 1241 1801 1278 κακῶς

283 1295 516 1344 δυνήσονται
552 1300 678 1334 ποιεῖν
711 1296 798 1337 τοὺς
835 1295 1180 1347 ἐπιτειχισθέντας.
1253 1296 1508 1345 Δημοσθένης
1543 1295 1585 1333 ἐν
1618 1296 1668 1347 τῷ
1704 1295 1799 1344 ὑπὲρ

286 1355 576 1401 Κτησιφῶντος.
643 1351 844 1391 Similiter
879 1356 1007 1404 atque
1044 1351 1122 1390 hoc
1158 1351 1247 1390 loeo
1282 1350 1511 1404 genitivum
1547 1349 1799 1402 objectivum

284 1411 430 1446 orator
450 1407 668 1459 subjunxit
690 1422 729 1461 p.
754 1421 843 1461 193.
866 1410 930 1456 τῆς
952 1407 981 1446 δ’
1000 1409 1114 1456 αὑτῆς
1131 1409 1252 1459 ἀρχῆς
1270 1409 1518 1458 ἐπιτείχισμα
1538 1407 1632 1457 πρὸς
1652 1406 1694 1445 τὸ
1714 1405 1797 1455 μηδ’

284 1465 412 1502 ὁτιοῦν
443 1468 683 1514 παρακινεῖν.
741 1464 801 1503 Of.
826 1463 1079 1503 Aristoteles
1103 1463 1278 1502 Rhetor.
1301 1476 1340 1515 3.
1366 1477 1401 1502 c.
1430 1476 1469 1515 3.
1493 1467 1619 1502 extr.:
1656 1463 1717 1501 καὶ
1749 1462 1800 1502 ὡς

282 1518 521 1568 Ἀλκιδάμας
548 1519 617 1568 τὴν
639 1521 887 1571 φιλοσοφίαν
915 1520 1163 1571 ἐπιτείχισμα
1190 1524 1265 1558 τῶν
1294 1520 1434 1569 νόμων.
1469 1518 1680 1558 SAUPP.
1743 1517 1796 1557 V.

283 1574 337 1613 ad
360 1589 396 1628 p.
423 1590 487 1626 99,
514 1587 549 1614 2.

342 1630 478 1684 αὑτοῦ]
514 1633 659 1670 ἑαυτῶν
682 1632 873 1684 Sopater.
909 1631 1103 1671 REISK.

341 1701 407 1737 41,
435 1699 496 1726 21.
530 1689 740 1735 πεποίηκεν
768 1687 948 1740 ἔπραξεν]
984 1687 1194 1727 Notabilis
1225 1687 1435 1740 copulatio
1462 1687 1684 1726 verborum
1716 1700 1798 1724 non

284 1757 378 1782 vere
401 1757 734 1796 synonymorum,
758 1744 829 1783 sesl
852 1743 918 1782 hic
940 1758 1016 1796 pro
1038 1743 1275 1797 synonymis
1298 1743 1543 1796 positorum.
1591 1757 1630 1795 p.
1654 1755 1719 1792 90,
1739 1755 1796 1791 ¹4·

284 1798 442 1849 πράττει
474 1801 534 1838 καὶ
564 1799 704 1848 μέλλει
732 1803 871 1838 ποιεῖν.
917 1814 955 1852 p.
979 1811 1045 1852 32,
1074 1812 1135 1852 23.
1162 1801 1222 1838 καὶ
1243 1803 1383 1850 πρᾶξαι
1404 1801 1443 1838 δὲ
1468 1798 1685 1848 δυνήσεσθε
1716 1801 1796 1846 νῦν,

285 1856 354 1893 ἐὰν
376 1856 496 1905 ὀρθῶς
518 1858 662 1904 ποιῆτε.
697 1855 1028 1895 SCHAEFER.

341 1924 409 1959 41,
436 1924 500 1962 23}-
524 1912 643 1961 φύσει
670 1911 699 1950 δ’
723 1911 889 1963 ὑπάρχει
912 1929 943 1951 κ.
959 1928 989 1950 τ.
1005 1911 1062 1964 λ.]
1097 1911 1212 1951 Oitat
1234 1911 1272 1950 h.
1295 1911 1319 1950 l.
1345 1911 1553 1950 Stobaeus
1574 1925 1613 1964 p.
1640 1921 1731 1958 201,
1760 1910 1796 1949 8.

286 1965 477 2005 RAEISK.

341 2035 407 2071 42,
438 2036 469 2061 1.
504 2023 564 2062 καὶ
594 2022 808 2074 προσέχειν
839 2023 907 2061 τὸν
939 2026 1031 2062 νοῦν
1061 2025 1208 2064 τούτοις
1243 2023 1452 2062 ἐθέλουσιν
1483 2021 1668 2076 ἅπαντες]
1718 2021 1797 2061 Est

284 2078 457 2118 11εΧ111ι16
462 2085 538 2117 teni
601 2079 653 2117 V.
678 2078 732 2117 1111
754 2094 792 2131 p.
821 2092 967 2132 1345,.

343 2146 406 2182 42,
431 2147 465 2183 7.
492 2133 711 2187 εἰρωιείαν]
752 2135 925 2185 Tel-stiam
930 2135 1125 2174 sationem
1155 2135 1347 2189 exagitat
1378 2149 1533 2181 601·,11111
1558 2134 1626 2187 qui
1660 2134 1795 2185 linqua

271 2190 452 2242 fizcttose',
486 2190 629 2229 inm-us
659 2204 775 2242 olm-a
800 2179 855 2241 (Ι
860 2191 962 2230 laut.
987 2191 1135 2230 Bacch.
1159 2205 1197 2244 3,
1222 2194 1259 2240 6,
1287 2205 1344 2244 13.
1350 2192 1366 2241 )
1390 2204 1559 2229 caussas
1596 2190 1795 2230 honestas

283 2250 576 2298 plactexentes
609 2260 818 2295 11111111111
840 2252 882 2286 ct
909 2246 1104 2286 inertiam
1126 2246 1269 2286 callide
1290 2252 1450 2300 tegant.
1496 2246 1558 2285 Of.
1577 2261 1617 2299 p.
1635 2259 1702 2297 50,
1723 2259 1767 2295 27

282 2303 318 2340 οἱ
344 2303 385 2339 δὲ
407 2303 482 2339 τῶν
504 2302 740 2351 πραγμάτων
762 2302 806 2340 οὐ
835 2319 999 2351 μενουσι
1030 2319 1153 2352 καιροι
1180 2319 1250 2351 την
1270 2303 1461 2353 ἡμετέραν
1481 2304 1702 2351 βραδυτητα
1734 2313 1795 2341 και

283 2357 494 2406 εἰρωνείαν
530 2356 1098 2409 Τ11001)111·.011111·.1,3;(ὁ
1132 2359 1243 2407 εἴρων
1274 2358 1445 2398 τοιοῦτός
1476 2374 1543 2403 τις,
1576 2358 1795 2408 οἶος)-τᾶ

281 2413 354 2460 μὲν
376 2411 647 2462 σκέψεσθαι
674 2411 856 2462 φάσκειν.
897 2389 1108 2452 ΞᾸΠΡΡ.

338 2479 406 2517 42,
424 2480 484 2507 10.
498 2468 604 2516 ὑμῶν
619 2468 873 2518 αὐτῶν-γει
878 2467 1009 2520 εσθαι]
1033 2469 1077 2507 Ε
1093 2467 1271 2507 vobismet
1292 2468 1400 2521 ipsis,
1416 2482 1491 2507 non
1512 2482 1556 2507 em
1576 2468 1682 2515 aliis,
1697 2482 1796 2521 pen-

281 2523 380 2562 dere.
414 2522 746 2562 SCHAEFER.
808 2523 902 2562 Non
928 2523 1167 2563 referuntur
1191 2524 1292 2563 haec
1314 2524 1369 2563 ad
1390 2538 1541 2563 vanam
1564 2524 1794 2563 Athenien—

281 2579 387 2617 sium
415 2593 543 2631 spem,
567 2593 649 2631 qua
675 2578 777 2618 alios
808 2579 981 2632 populos
1012 2593 1088 2632 pro
1117 2579 1217 2632 ipsis
1245 2585 1586 2633 propugnaturos
1613 2594 1701 2619 esse
1726 2594 1794 2619 ex-

281 2635 545 2687 spectabant,
569 2648 674 2687 quae
701 2649 795 2687 spes
823 2635 1063 2687 ignoramus
1084 2650 1137 2674 an
1160 2641 1249 2675 tum
1278 2635 1389 2675 nulla
1411 2635 1549 2683 fuerit,
1573 2635 1646 2675 sed
1666 2635 1794 2689 expli-

282 2695 433 2730 cantur
464 2690 513 2728 iis
544 2690 680 2729 verbis
712 2704 819 2743 quae
851 2691 1172 2743 subsequuntur.
1243 2692 1392 2730 Monet
1427 2691 1537 2730 enim
1569 2696 1713 2730 orator
1746 2696 1794 2732 ut

281 2745 489 2790 desinant,
528 2745 625 2783 dum
664 2745 772 2785 alter
811 2745 989 2785 alterum
1027 2760 1104 2798 pro
1145 2761 1187 2786 se
1227 2747 1437 2786 facturum
1479 2761 1584 2799 quae
1624 2750 1793 2799 oportet

281 2805 512 2852 exspectat,
535 2800 637 2839 nihil
667 2815 806 2854 agere,
823 2801 1026 2853 jubetque
1055 2801 1133 2841 sibi
1156 2816 1359 2855 quemque
1388 2802 1593 2842 confidere
1625 2802 1791 2855 suisque

283 2854 438 2894 111111115
459 2855 513 2894 ad
536 2855 825 2895 debellandum
848 2870 987 2908 regem
1008 2857 1085 2896 uti.
1120 2857 1343 2896 FRANK.
