1934 3179
326 139 409 178 418
878 135 993 175 PRO
1026 133 1276 175 CORONA.

382 241 475 289 286,
509 241 545 279 8.
583 241 713 292 φίλων
742 243 841 280 ante
874 239 1055 291 Φιλίππῳ
1088 238 1208 291 vulgo
1244 237 1397 276 lectum
1434 236 1584 276 delevit
1618 236 1831 276 Bekkerus

321 300 494 336 auctore
517 295 559 336 S.
620 296 649 335 J
654 310 726 335 ure
757 309 850 335 eum
878 294 1076 334 delevisse
1108 294 1229 333 docet
1258 292 1385 332 etiam
1415 292 1605 332 Tiberius
1635 292 1744 332 hunc
1775 293 1830 331 lo-

321 366 426 400 cum,
460 352 538 392 etsi
568 350 715 391 vitiose
751 351 964 404 scriptum,
997 349 1131 388 citans
1167 353 1214 388 ut
1249 347 1481 401 exemplum
1514 351 1578 397 τῆς
1614 349 1832 400 ἐλλείψεως

322 423 362 461 p.
388 410 455 447 62.
477 422 527 447 s.:
564 408 638 446 Καὶ
664 407 794 446 πάλιν·
831 406 941 445 εἶπον
962 406 1092 444 τοίνυν
1114 406 1162 446 ὡς
1186 406 1258 454 μὲν
1277 405 1532 455 ὑπαρχόντων
1550 405 1742 452 Θηβαίων
1763 408 1831 443 Φι-

321 464 451 516 λίππῳ
482 464 575 502 λίαν
606 461 917 512 θορυβουμένων·
957 462 1133 500 ἐλλείπει
1164 462 1238 511 γὰρ
1270 460 1314 498 τὸ
1351 462 1480 510 φίλων
1512 460 1572 499 καὶ
1605 459 1831 511 συμμάχων.

321 518 391 558 ubi
415 518 572 558 editor:
608 524 631 539 “
651 518 753 557 Inde
774 520 893 570 patet
915 518 1055 567 φίλων,
1079 516 1189 569 quod
1211 530 1318 554 nunc
1349 515 1502 569 legitur
1532 515 1573 554 in
1600 514 1714 554 edito
1742 529 1832 555 ora-

325 574 427 614 toris
452 578 585 621 texui,
608 587 698 613 esse
724 573 943 626 glossema.
1005 571 1098 611 Non
1125 571 1249 611 semel
1273 572 1324 625 τῷ
1346 571 1536 622 ὑπάρχειν
1557 570 1614 610 sic
1644 570 1831 611 absolute

322 629 460 682 posito
481 629 615 669 utitur
632 629 947 668 Demosthenes.
1000 628 1204 681 Taylorus
1225 627 1407 674 errabat,
1426 641 1518 666 cum
1540 627 1581 665 in
1603 626 1665 665 his
1686 643 1725 666 π.
1741 643 1830 677 παρ.

321 685 459 724 verbis
480 699 519 737 p.
536 686 632 737 358,
651 696 687 737 7.
712 685 780 724 τὸν
796 686 996 723 Φίλιππον
1011 683 1200 735 ὑπάρχειν
1217 683 1357 727 αὐτοῖς,
1377 682 1557 721 inserere
1574 682 1695 721 vellet
1712 683 1834 732 φίλον

321 746 418 793 post
439 742 651 780 Φίλιππον.
703 740 818 780 Conf.
838 739 1060 793 NVyttenb.
1082 739 1136 778 ad
1159 739 1237 778 Sel.
1262 738 1375 778 Hist.
1398 753 1437 791 p.
1460 738 1580 790 381.”
1629 737 1681 775 V.
1706 737 1833 777 etiam

324 796 598 836 Schneiderus
620 797 674 836 ad
697 795 970 849 Xenophont.
994 795 1182 834 Anabas.
1213 808 1242 842 ι,
1268 808 1300 840 Ι,
1319 808 1358 841 4.
1403 793 1653 833 SOHAEF.

388 854 481 900 286,
511 865 575 892 21.
609 849 1282 903 ἐπᾶραι-ποιῆσαι-καταπλῆξαι]
1332 850 1524 889 Pendent
1559 864 1584 889 a
1619 848 1832 889 remotiori

321 909 523 959 βούλεται.
566 907 815 948 SCHAEF.

382 964 475 1011 286,
501 974 566 1016 25.
600 965 691 1003 εἴτι
717 965 909 1003 δύσκολον
930 962 1144 1012 πέπρακται
1167 963 1362 1012 Θηβαίοις
1389 961 1485 1012 πρὸς
1512 959 1627 1014 ἡμᾶς]
1664 961 1713 999 In
1744 964 1833 1000 tam

323 1019 523 1059 diuturna
546 1019 762 1059 inimicitia
783 1019 930 1058 horum
956 1018 1214 1071 populorum.
1277 1017 1373 1056 Huc
1395 1017 1578 1070 pertinet
1598 1017 1751 1056 bellum
1769 1016 1833 1056 Ol.

325 1077 390 1124 80,
414 1093 451 1124 4.
480 1080 631 1121 ortum.
662 1089 788 1129 porro
818 1074 971 1114 bellum
1002 1073 1275 1119 Deceleicum.
1309 1073 1360 1112 de
1392 1087 1473 1125 quo
1498 1088 1538 1125 p.
1570 1085 1591 1111 2
1596 1073 1676 1126 58.,
1709 1076 1753 1112 et
1782 1072 1832 1111 lis

324 1132 375 1171 de
398 1132 550 1185 OropQ
574 1132 624 1171 cf.
642 1132 695 1171 ad
718 1146 757 1185 p.
782 1142 876 1183 252.
928 1129 1152 1169 DISSEN.

382 1190 475 1235 286,
506 1189 571 1229 26.
605 1185 959 1240 τούτου-αὐτοῖς]
998 1185 1143 1226 Citant
1170 1184 1332 1224 Anecd.
1363 1183 1494 1223 Bekk.
1520 1198 1617 1237 pag.
1646 1197 1736 1233 121,
1767 1196 1832 1234 24.

324 1242 576 1283 SCHAEF.

381 1300 474 1351 287,
492 1313 531 1352 3.
554 1300 731 1352 σκοπεῖν]
764 1299 887 1338 Adde
908 1298 1036 1338 tacite
1056 1312 1107 1337 ex
1130 1296 1442 1350 insequentibus
1462 1296 1549 1346 περὶ
1570 1297 1623 1335 ὧν
1644 1295 1692 1335 ἂν
1712 1295 1831 1348 λέγω,

320 1370 347 1395 α
367 1369 427 1394 me
447 1355 653 1409 disputata
673 1355 932 1394 consideretis.
974 1353 1168 1393 REISK.

382 1412 474 1462 287,
491 1414 528 1450 6.
552 1413 728 1451 κίνδυνον
745 1414 788 1461 τῇ
810 1411 942 1462 πόλει]
971 1413 1016 1464 τῇ
1037 1411 1152 1449 πόλει
1174 1411 1350 1448 κίνδυνον
1368 1407 1605 1447 Bavaricus.
1639 1406 1831 1446 REISK.

324 1467 445 1517 Quod
467 1482 548 1506 non
575 1467 906 1520 praeferendum.
970 1466 1084 1505 Infra
1104 1480 1143 1518 p.
1168 1478 1266 1517 301,
1291 1476 1353 1514 27.
1377 1464 1444 1503 τὸν
1467 1465 1730 1514 κατειληφότα
1758 1464 1836 1502 κίν-

324 1526 438 1562 δυνον
464 1523 533 1572 τὴν
560 1524 692 1562 πόλιν.
756 1522 898 1561 Etiam
929 1535 1054 1574 supra
1082 1536 1120 1574 p.
1150 1523 1243 1568 284,
1273 1522 1333 1559 18.
1360 1520 1540 1559 fortasse
1570 1518 1834 1558 scribendum

322 1593 415 1617 culn
436 1578 551 1617 libris
565 1578 838 1631 quibusfflun:
870 1579 940 1617 τὸν
955 1579 1041 1616 τότε
1059 1575 1266 1626 συμβάντα
1288 1578 1457 1626 θόρυβον
1473 1578 1517 1625 τῇ
1540 1576 1666 1614 πόλει.
1717 1574 1832 1613 Idem

322 1635 541 1674 verborum
564 1634 666 1673 ordo
689 1633 851 1673 videtur
871 1633 1126 1672 revocandus
1147 1647 1186 1685 p.
1207 1644 1300 1684 329,
1324 1644 1382 1671 [2.
1441 1630 1685 1670 Herodotus
1712 1644 1746 1677 1,
1766 1632 1832 1683 65.

323 1690 390 1729 τὸν
414 1693 481 1729 νῦν
503 1693 745 1729 κατεστεῶτα
771 1691 917 1738 κόσμον
939 1688 1211 1738 Σπαρτιήτῃσι.
1248 1686 1579 1727 SCHAEFER.
1641 1686 1756 1726 Conf.
1779 1687 1834 1726 ad

324 1760 364 1799 p.
398 1747 491 1798 782,
520 1747 580 1784 16.
655 1744 916 1798 Explicatius
957 1745 1008 1783 de
1047 1744 1125 1783 hac
1167 1742 1435 1782 collocatione
1472 1742 1691 1781 verborum
1727 1742 1834 1782 dixit

327 1801 535 1841 Frankius
558 1800 598 1839 in
620 1801 765 1840 Jahnii
789 1800 823 1840 A
834 1800 942 1839 nnal.
967 1800 1107 1852 philol.
1129 1814 1165 1839 a.
1193 1800 1307 1851 1835.
1330 1799 1406 1838 vol.
1428 1811 1490 1847 14.
1513 1812 1552 1850 p.
1578 1809 1672 1850 213.

383 1858 474 1907 287,
500 1869 536 1907 7.
557 1857 813 1908 μεταθέσθαι]
849 1862 871 1878 “
888 1856 1125 1905 μεταθέσθαι
1146 1855 1215 1894 τὸν
1237 1857 1381 1906 φόβον,
1405 1858 1562 1893 metum
1591 1854 1645 1893 ab
1666 1853 1757 1893 aliis
1778 1854 1833 1893 ad

323 1912 405 1952 alia
435 1912 686 1952 transferre⁵³
709 1912 902 1951 Reiskius
931 1911 1021 1950 Ind.
1045 1911 1230 1951 Graecit.
1294 1909 1487 1963 Elliptice
1518 1909 1646 1962 igitur
1676 1909 1833 1949 dictum

324 1968 500 2021 putavit.
563 1968 669 2007 Mihi
704 1968 862 2007 dictum
887 1968 1052 2006 videtur
1083 1967 1285 2007 absolute.
1341 1965 1496 2006 Deimle
1526 1964 1608 2004 alio
1640 1979 1835 2005 conversos

324 2030 487 2064 metuere
507 2038 633 2063 onmes
654 2023 857 2063 Thebanis.
901 2023 1150 2063 SCHAEF.

383 2080 474 2130 287,
489 2093 498 2117 ι
508 2093 546 2133 3.
557 2082 597 2129 ἐξ
611 2080 712 2133 ἴσου]
724 2080 890 2119 Pariter
899 2084 945 2118 ut
958 2078 1128 2119 factioni
1138 2093 1242 2132 quae
1251 2077 1573 2131 Philippofavet.
1586 2077 1832 2117 SCHAEF.

384 2137 476 2187 287,
502 2148 565 2175 21.
592 2135 686 2174 πότε
707 2139 768 2174 δεῖ
787 2137 915 2175 ἐκεῖσε
937 2134 1130 2188 βαδίζειν]
1170 2134 1338 2177 Quando
1369 2135 1509 2187 Zefyatos
1537 2133 1634 2173 illuc
1662 2138 1836 2187 oporteat

317 2191 533 2244 proficisci.
578 2191 769 2230 REISK.

385 2247 477 2297 287,
508 2259 573 2298 23.
607 2246 854 2299 τούτῳ--τὸν
883 2246 993 2298 νοῦν]
1035 2245 1128 2284 Non
1165 2245 1373 2284 redundat
1404 2262 1482 2294 μοι,
1517 2259 1651 2298 neque
1685 2244 1833 2283 solum-

326 2302 464 2348 modo,
486 2307 532 2341 ut
553 2301 655 2340 alias
687 2316 822 2354 saepe,
845 2301 971 2347 velim.
995 2315 1144 2354 quaeso,
1168 2300 1386 2354 significat,
1411 2301 1483 2339 sed
1504 2301 1607 2340 hoc:
1641 2301 1760 2353 τούτῳ
1781 2301 1832 2354 τῷ

324 2357 432 2407 μέρει
458 2360 525 2396 τοῦ
553 2359 644 2406 ἐμοῦ
670 2358 861 2407 λόγου-τ
911 2357 1002 2395 Ιιίιιό
1028 2357 1146 2409 parti
1181 2370 1287 2395 meae
1316 2356 1596 2409 disputationis
1630 2356 1832 2395 attendite.

327 2412 520 2452 REISK.
585 2412 726 2451 Minus
762 2417 875 2451 recte
910 2412 1225 2464 interpretatur.
1287 2411 1365 2450 Est
1397 2411 1462 2450 hic
1496 2411 1623 2451 etiam
1653 2411 1832 2464 vulgaris

327 2483 424 2507 usus
466 2467 594 2507 dativi
635 2482 725 2517 μοις
774 2482 856 2520 qua
895 2467 1057 2507 ratione
1095 2467 1234 2506 Latini
1271 2481 1433 2520 quoque
1472 2471 1679 2520 usurpant
1718 2467 1831 2515 mihi,

326 2524 647 2577 haudquaquam
670 2527 972 2567 πλεοναστικῶς,
1000 2523 1072 2562 sed
1096 2522 1284 2576 inprimis
1314 2523 1462 2571 ἠθικῶς.
1522 2524 1610 2562 Hoc
1635 2523 1748 2562 milii
1774 2523 1838 2562 vel

325 2581 498 2619 marim&
518 2579 716 2618 attendite.
770 2578 997 2618 Aeschines
1018 2593 1058 2632 p.
1081 2580 1147 2625 62,
1170 2592 1236 2629 40.
1259 2578 1327 2628 ἤδη
1355 2595 1419 2628 μοι
1444 2577 1598 2630 σφόδρα
1618 2578 1832 2631 προσέχετε

326 2635 394 2674 τὸν
416 2639 519 2675 νοῦν.
567 2633 816 2675 SCHAEF.

385 2692 476 2743 287,
503 2703 567 2743 29.
590 2691 613 2730 ἃ
632 2690 877 2742 βουλόμεθα]
917 2690 1098 2729 Nostrae
1119 2689 1277 2729 civitati
1300 2689 1512 2729 salutaria.
1553 2689 1803 2730 SGHAEF.

386 2747 479 2795 288,
512 2760 544 2784 1.
577 2747 673 2795 μετὰ
705 2745 979 2797 προσχήματος
1012 2747 1117 2794 ἀξίου
1151 2748 1216 2794 τῆς
1251 2745 1420 2797 πόλεως]
1459 2745 1701 2785 Praetexta:
1739 2759 1833 2784 cum

328 2801 541 2841 videamur
572 2801 704 2854 magis
735 2801 1029 2840 Thebanorum
1060 2815 1184 2853 quam
1217 2804 1362 2840 nostra
1393 2814 1539 2840 caussa
1570 2801 1647 2841 hoc
1678 2801 1828 2841 facere.

328 2856 442 2896 Male
463 2856 557 2897 libri
579 2856 739 2909 aliquot
760 2860 803 2896 et
826 2856 1049 2910 Dionysius
1071 2856 1280 2908 σχήματος.
1324 2855 1570 2896 SOHAEF.
