1950 3210
664 127 777 167 PRO
810 126 1060 167 CORONA.
1536 127 1618 169 439

161 249 257 289 304,
278 239 340 276 16.
363 236 572 289 θαλάττης]
606 239 670 285 τῆς
693 235 884 285 θαλάττης
901 235 1105 274 Tiberius.
1149 234 1401 275 SCHAEF.

162 304 257 343 304,
284 305 342 344 17.
368 294 474 344 ἔχειν
495 291 714 345 Φίλιππον]
742 293 863 341 φίλον
886 291 992 343 ἔχειν
1011 291 1214 329 Tiberius,
1259 290 1508 330 SCHAEF.

164 348 392 400 Βυζάντιον]
426 348 467 386 τὸ
492 348 700 395 Βυζάντιον
718 346 924 385 Tiberius,
970 346 1218 386 SCHAEF.

162 400 429 452 συμπολεμεῖν
451 404 535 444 τοὺς
559 402 801 454 Βυζαντίους]
833 402 919 442 τοὺς
941 403 1171 450 Βυζαντίους
1199 405 1388 451 πολεμεῖν
1411 401 1617 442 Tiberius.

108 457 258 497 SCHA
270 458 357 497 EF.

162 527 257 567 304,
283 516 343 552 18.
367 513 531 566 ἐκεῖνον]
565 514 733 554 ἐκείνους
756 513 960 551 Tiberius.
1006 513 1254 553 SCIIAEF.

161 582 343 622 304,19.
377 569 623 621 ἀντανελεῖν]
659 569 815 607 Eamus
850 583 922 621 per
958 575 1111 621 partes.
1166 569 1312 607 τιθέναι
1343 568 1513 618 ψήφους,
1548 583 1617 620 po-

106 638 204 663 nere
226 625 415 669 eale-ulos,
440 630 486 662 ut
510 623 864 676 computationem
888 625 1030 663 facias.
1083 626 1256 674 ἀναιρεῖν
1279 624 1449 674 ψήφους,
1474 623 1616 662 tollere

107 680 298 723 calculos,
316 694 419 732 quos
436 679 523 718 tolli
542 680 687 731 jubeat
706 679 978 731 computatio.
1022 681 1270 728 ἀνταναιρεῖν
1284 679 1454 730 ψήφους,
1475 685 1618 718 mutuo

106 735 250 775 tollere
280 735 470 777 calculos,
495 741 539 774 ut
563 735 631 787 qui
664 734 845 774 invident
879 749 1072 774 numeros
1105 749 1226 787 pares
1256 748 1408 786 eosque
1441 734 1550 773 iuter
1576 749 1619 773 se

106 790 321 843 oppositos
346 790 564 843 (positivos
595 795 637 829 et
670 790 898 843 negativos,
928 797 971 829 ut
1005 790 1325 829 ratiocinatores
1358 790 1616 842 loquuntur).

106 847 206 886 Jam
238 846 336 899 quid
369 851 429 885 est
463 848 607 884 ταῦταέ
660 845 715 884 Et
748 860 808 891 ea,
837 860 943 897 quae
977 845 1271 884 Demosthenis
1307 844 1619 884 administratio

106 902 354 955 reipublicae
384 901 586 940 salutaria
608 900 764 939 civitati
795 900 1058 954 gloriosaque
1079 900 1225 947 effecit,
1257 906 1298 940 et
1324 915 1383 939 ea.
1408 914 1513 952 quae
1539 903 1619 939 Ae-

107 957 262 997 schinis
289 956 601 997 administratio
630 956 830 995 damnosa
862 956 1085 1009 turpiaque
1107 957 1305 995 effeetura
1329 962 1431 1001 erat,
1456 955 1488 993 si
1512 955 1620 995 cives

108 1013 197 1066 ejlls
228 1012 399 1052 consilia
436 1013 697 1065 probassent.
764 1012 959 1064 Utraque
993 1012 1031 1050 in
1062 1011 1315 1065 antegressis
1347 1011 1440 1050 inde
1469 1026 1493 1050 a
1518 1026 1552 1050 v,
1579 1012 1618 1049 8.

108 1073 498 1109 commemorantur.
564 1068 673 1118 Quid
703 1074 765 1107 est
800 1069 1031 1107 ἀντανελεῖν
1058 1070 1202 1106 ταῦταέ
1250 1067 1443 1119 Utraque
1476 1066 1530 1105 ad
1562 1066 1619 1105 in-

108 1129 198 1164 star
225 1138 491 1164 numeroriun
516 1123 693 1176 parium,
717 1124 786 1162 sed
820 1123 929 1162 inter
960 1138 1003 1162 se
1034 1122 1319 1176 oppositorum
1343 1122 1498 1165 tollere,
1522 1121 1561 1161 h.
1584 1137 1618 1161 e.

108 1180 314 1219 oblivione
354 1179 568 1232 perimere,
606 1184 653 1218 ut
695 1179 852 1218 numeri
895 1179 948 1217 illi
993 1179 1304 1231 (annputatione
1345 1177 1621 1230 perimuntur.

110 1236 205 1275 Hoc
226 1250 322 1275 vero
344 1235 649 1274 Demosthenes
675 1240 789 1274 vetat
810 1251 817 1273 :
856 1249 951 1274 nam
969 1235 1087 1287 jubet
1111 1234 1248 1273 eurari
1274 1239 1317 1272 ut
1344 1240 1385 1272 et
1408 1247 1481 1272 sua
1504 1247 1622 1285 prae·

109 1292 221 1331 clara
257 1291 441 1331 facinora
475 1296 517 1330 et
547 1290 768 1329 Aeschinis
798 1290 919 1330 foeda
954 1304 1057 1329 ausa
1089 1289 1365 1343 sempiternae
1400 1288 1623 1328 memoriae

109 1347 347 1387 tradantur.
391 1346 637 1386 SCHAEF.

167 1416 262 1455 304,
281 1414 342 1442 22.
369 1403 429 1442 καὶ
450 1400 862 1453 οὐκέτι-κεκόμισθε]
889 1401 998 1440 Vide
1022 1401 1193 1454 Dionys.
1214 1400 1349 1440 Halic.
1369 1400 1419 1439 de
1437 1399 1623 1452 Thueyd.

107 1458 237 1512 judie.
263 1459 299 1510 ξ.
321 1471 389 1511 54.
413 1457 489 1497 vol.
513 1459 552 1496 6.
576 1472 615 1510 p.
641 1471 736 1509 949.
781 1457 1030 1496 SCHAEF.

168 1514 313 1566 οὐκέτι]
344 1513 552 1565 ZVonjam.
596 1512 847 1553 SCHAEF.

169 1571 212 1609 ἐν
238 1570 310 1621 οῖς]
351 1569 466 1608 Idem
495 1573 557 1608 est
591 1574 718 1621 atque
750 1568 845 1607 ἔνθα
871 1567 932 1607 vel
964 1569 1074 1613 ὅπου,
1108 1566 1189 1606 ubi.
1231 1580 1350 1620 quam
1381 1565 1437 1605 ibi
1471 1579 1626 1605 cernere

111 1631 175 1673 est,
209 1623 276 1664 ubi
310 1624 559 1678 quorundam
582 1624 735 1677 potitus
770 1630 821 1662 est
853 1623 1084 1676 Philippus,
1117 1622 1156 1661 h.
1184 1636 1218 1661 e.
1251 1636 1374 1674 quam
1408 1621 1625 1674 Philippus

111 1679 300 1720 exercuit
329 1684 431 1725 tum,
463 1694 589 1732 quum
621 1679 781 1732 potitus
812 1683 876 1718 est
901 1678 1173 1731 quorundam,
1204 1677 1266 1716 vel
1292 1691 1428 1730 quam,
1462 1682 1509 1716 ut
1541 1691 1625 1715 cer-

112 1750 211 1775 nere
232 1740 308 1783 est,
332 1735 373 1773 in
395 1749 537 1774 eorum
559 1734 809 1788 quibusdam
830 1734 1027 1781 exereuit,
1044 1748 1147 1786 quos
1168 1733 1209 1771 in
1231 1737 1487 1785 potestatem
1509 1746 1626 1771 suam

112 1790 289 1845 redegit.
320 1790 512 1829 REISK.
576 1790 670 1829 Non
697 1790 803 1829 male
826 1789 1032 1829 Reiskius.
1095 1788 1176 1827 Sed
1207 1788 1304 1827 lieet
1326 1787 1432 1827 verti
1460 1801 1626 1826 aeeurafl

113 1846 221 1886 tius:
254 1845 392 1899 quibus
419 1846 463 1885 *in
491 1845 613 1886 rebus.
656 1847 699 1884 ἐν
721 1847 776 1887 οἷς
801 1849 844 1884 et
872 1847 919 1884 τὰ
944 1846 1065 1883 λοιπὰ
1092 1848 1168 1883 τῶν
1187 1843 1424 1894 πραγμάτων
1445 1843 1555 1882 inter
1583 1856 1629 1881 se-

112 1906 395 1955 opponuntur.
440 1900 692 1941 SCHAEF.

173 1955 369 2008 καθάπαξ]
399 1956 578 1996 Omnino
632 1955 768 2009 Supra
793 1972 830 2010 p.
859 1969 950 2008 294,
976 1970 1038 1996 11.
1061 1958 1097 1995 οἰ
1119 1956 1295 2005 καθάπαξ
1322 1956 1455 2006 ἐχθροὶ
1475 1957 1541 2004 τῆς
1562 1953 1628 1994 πό-

116 2018 228 2053 λεως.
287 2011 496 2050 Videatur
522 2012 703 2051 Thomas
735 2012 954 2066 Magister.
992 2011 1252 2050 TAYLOR.
1316 2010 1493 2049 vertam
1523 2010 1629 2049 clere-

105 2074 235 2121 pente,
260 2067 425 2106 incursa
447 2067 657 2120 repentino,
677 2066 722 2115 ἐξ
741 2069 894 2118 ἐφόδου.
953 2067 1235 2120 Oppouuntur
1257 2066 1367 2105 inter
1388 2079 1431 2104 se
1455 2065 1630 2114 καθάπαξ

117 2124 245 2173 κύριον
274 2123 532 2162 καθίστασθαι
568 2127 609 2162 et
643 2123 970 2172 περιβάλλεσθαι.
1036 2122 1142 2161 Illud
1172 2122 1254 2161 vim
1289 2134 1513 2167 armorum,
1551 2120 1629 2159 hoc

117 2177 256 2217 dolum
278 2177 542 2216 consiliorum
563 2177 786 2229 signifieat.
829 2177 1079 2218 SCHAEF.

173 2246 268 2285 304,
295 2244 359 2283 27.
391 2232 616 2285 κεκόμισθε]
651 2235 886 2281 ἐκομίσασθε
918 2232 1157 2285 Dionysius.
1219 2232 1292 2270 Ad
1323 2232 1529 2280 κεκόμισθε
1559 2231 1632 2270 ad-

117 2288 298 2326 dendum
320 2287 483 2326 videtur
504 2289 549 2326 68
568 2289 648 2337 ἐμέ.
695 2287 794 2326 mihi
826 2287 998 2334 debetis,
1023 2287 1133 2339 quod
1163 2287 1325 2326 fruetus
1356 2286 1631 2326 humanitatis

119 2342 300 2395 Philippi
331 2342 587 2395 percepistis,
611 2342 651 2381 in
675 2357 756 2395 quo
786 2342 983 2382 laudandi
1014 2343 1127 2387 estis,
1152 2356 1311 2395 egoque
1332 2341 1447 2380 vobis
1475 2341 1515 2380 id
1537 2355 1631 2380 eon-

80 2414 82 2416 ·
117 2398 319 2450 gratulor.
353 2397 546 2437 REISK.
608 2398 702 2436 Non
730 2398 968 2437 addendum
990 2402 1078 2437 est:
1110 2412 1207 2436 nam
1234 2397 1312 2435 hoc
1343 2396 1469 2435 etiam
1491 2396 1632 2435 deberi

119 2452 415 2492 Demosthenis
441 2452 620 2493 consiliis
643 2453 764 2492 docet
796 2468 925 2492 nexus
956 2453 1080 2505 hujus
1108 2452 1268 2505 periodi
1291 2465 1385 2490 eum
1410 2451 1632 2503 superiori-

118 2508 197 2547 bus
224 2521 298 2560 per
326 2507 406 2550 illa,
429 2509 490 2546 καὶ
512 2507 638 2546 οὐκέτι
658 2509 902 2558 προστίθημι.
963 2508 1093 2546 Recte
1120 2512 1261 2546 autem
1284 2504 1479 2544 Reiskius
1507 2510 1633 2547 καλῶς

119 2565 320 2602 ποιοῦντες
351 2561 667 2614 interpretatur.
702 2561 958 2600 SCHAEF.
1022 2562 1199 2601 Constat
1232 2560 1472 2612 Philippum
1500 2561 1633 2599 Athe-

121 2617 284 2656 nienses
315 2630 416 2668 prae
443 2616 534 2655 aliis
557 2616 748 2655 omnibus
768 2616 927 2663 leniter,
950 2617 1142 2661 humane,
1164 2614 1390 2654 honorifice
1410 2620 1632 2654 tractasse.

123 2672 189 2712 Sic
222 2671 347 2711 etiam
378 2676 473 2723 post
505 2685 688 2724 pugnam
720 2671 781 2717 iis,
807 2676 855 2710 ut
883 2676 945 2710 est
975 2685 1040 2723 ap.
1063 2670 1220 2709 Justin.
1252 2683 1289 2721 9,
1312 2683 1351 2718 4.
1376 2673 1417 2708 et
1447 2669 1633 2722 captivos

121 2727 255 2780 gratis
285 2726 444 2765 remisit
473 2726 542 2776 (ef.
574 2726 700 2765 etiam
731 2726 942 2765 Plutarch.
971 2725 1283 2777 Apophthegm.
1308 2724 1409 2777 Reg.
1439 2738 1473 2762 e.
1498 2726 1556 2776 9.)
1590 2731 1631 2764 et

121 2781 228 2821 bello
270 2786 581 2820 eonsumtorum
622 2795 798 2833 corpora
840 2780 1078 2833 sepulturae
1122 2779 1315 2825 reddidit,
1357 2779 1635 2832 reliquiasque

122 2837 314 2875 funerum
342 2841 389 2875 ut
417 2837 470 2874 ad
496 2835 711 2888 sepulchra
744 2836 948 2888 majorum
971 2835 1179 2874 deferrent
1199 2834 1309 2873 ultro
1337 2834 1533 2873 hortatus
1555 2840 1637 2874 este

125 2891 353 2931 Praeterea
381 2890 555 2944 legatos,
581 2891 649 2942 qui
683 2905 826 2943 pac-em
859 2904 950 2929 eum
983 2889 1032 2928 iis
1063 2888 1370 2942 amicitiamque
1397 2889 1633 2942 jungerent,
