<?xml version="1.0" encoding="UTF-8"?>
<!DOCTYPE html PUBLIC "-//W3C//DTD XHTML 1.0 Transitional//EN"
    "http://www.w3.org/TR/xhtml1/DTD/xhtml1-transitional.dtd">
<html xmlns="http://www.w3.org/1999/xhtml" xml:lang="en" lang="en">
 <head>
  <title>
</title>
<meta http-equiv="Content-Type" content="text/html;charset=utf-8" />
  <meta name='ocr-system' content='tesseract 3.04.00' />
  <meta name='ocr-capabilities' content='ocr_page ocr_carea ocr_par ocr_line ocrx_word'/>
</head>
<body>
  <div class='ocr_page' id='page_1' title='image "./operaexrecension05demouoft_0027.png"; bbox 0 0 1935 3205; ppageno 0'>
   <div class='ocr_carea' id='block_1_1' title="bbox 640 122 1600 165">
    <p class='ocr_par' dir='ltr' id='par_1_1' title="bbox 640 122 1600 165">
     <span class='ocr_line' id='line_1_1' title="bbox 640 122 1600 165; baseline 0.003 -3"><span class='ocrx_word' id='word_1_1' title='bbox 640 123 673 161; x_wconf 80' lang='lat' dir='ltr'>P</span> <span class='ocrx_word' id='word_1_2' title='bbox 689 123 766 162; x_wconf 72' lang='lat' dir='ltr'>ltA</span> <span class='ocrx_word' id='word_1_3' title='bbox 782 122 815 162; x_wconf 74' lang='grc' dir='ltr'>κ)</span> <span class='ocrx_word' id='word_1_4' title='bbox 833 123 908 162; x_wconf 71' lang='lat' dir='ltr'>FA</span> <span class='ocrx_word' id='word_1_5' title='bbox 923 123 956 162; x_wconf 84' lang='lat' dir='ltr'>T</span> <span class='ocrx_word' id='word_1_6' title='bbox 972 123 1048 162; x_wconf 88' lang='grc' dir='ltr'><strong>Ι().</strong></span> <span class='ocrx_word' id='word_1_7' title='bbox 1502 126 1600 165; x_wconf 80' lang='lat' dir='ltr'>xxiii</span> 
     </span>
    </p>
   </div>
   <div class='ocr_carea' id='block_1_2' title="bbox 77 229 1678 2963">
    <p class='ocr_par' dir='ltr' id='par_1_2' title="bbox 77 229 1678 2963">
     <span class='ocr_line' id='line_1_2' title="bbox 89 229 1599 278; baseline 0.003 -14"><span class='ocrx_word' id='word_1_8' title='bbox 89 240 239 264; x_wconf 83' lang='lat' dir='ltr'>excusa.</span> <span class='ocrx_word' id='word_1_9' title='bbox 297 229 591 265; x_wconf 74' lang='lat' dir='ltr'>(Iommoditatis</span> <span class='ocrx_word' id='word_1_10' title='bbox 612 230 702 265; x_wconf 90' lang='lat' dir='ltr'>item</span> <span class='ocrx_word' id='word_1_11' title='bbox 724 230 796 265; x_wconf 88' lang='lat' dir='ltr'>hoc</span> <span class='ocrx_word' id='word_1_12' title='bbox 818 230 927 266; x_wconf 75' lang='lat' dir='ltr'>affert</span> <span class='ocrx_word' id='word_1_13' title='bbox 949 230 1048 266; x_wconf 83' lang='lat' dir='ltr'>baud</span> <span class='ocrx_word' id='word_1_14' title='bbox 1081 243 1226 278; x_wconf 86' lang='lat' dir='ltr'>parum,</span> <span class='ocrx_word' id='word_1_15' title='bbox 1249 231 1350 278; x_wconf 88' lang='lat' dir='ltr'>quod</span> <span class='ocrx_word' id='word_1_16' title='bbox 1374 244 1416 267; x_wconf 77' lang='lat' dir='ltr'>ex</span> <span class='ocrx_word' id='word_1_17' title='bbox 1439 231 1599 268; x_wconf 79' lang='lat' dir='ltr'>adverso</span> 
     </span>
     <span class='ocr_line' id='line_1_3' title="bbox 89 291 1601 341; baseline 0.004 -16"><span class='ocrx_word' id='word_1_18' title='bbox 89 291 154 326; x_wconf 88' lang='lat' dir='ltr'>dat</span> <span class='ocrx_word' id='word_1_19' title='bbox 187 292 327 327; x_wconf 88' lang='lat' dir='ltr'>oratori</span> <span class='ocrx_word' id='word_1_20' title='bbox 362 301 720 329; x_wconf 81' lang='lat' dir='ltr'>commentatorem.</span> <span class='ocrx_word' id='word_1_21' title='bbox 790 294 858 329; x_wconf 73' lang='lat' dir='ltr'>Est</span> <span class='ocrx_word' id='word_1_22' title='bbox 892 294 1059 341; x_wconf 88' lang='lat' dir='ltr'>denique</span> <span class='ocrx_word' id='word_1_23' title='bbox 1094 294 1314 341; x_wconf 77' lang='lat' dir='ltr'>saepissime</span> <span class='ocrx_word' id='word_1_24' title='bbox 1347 295 1601 341; x_wconf 65' lang='lat' dir='ltr'>llerwagiana</span> 
     </span>
     <span class='ocr_line' id='line_1_4' title="bbox 89 355 1600 406; baseline 0.003 -16"><span class='ocrx_word' id='word_1_25' title='bbox 89 355 337 397; x_wconf 79' lang='lat' dir='ltr'>emendatior,</span> <span class='ocrx_word' id='word_1_26' title='bbox 373 370 487 403; x_wconf 86' lang='lat' dir='ltr'>quam</span> <span class='ocrx_word' id='word_1_27' title='bbox 523 357 637 393; x_wconf 88' lang='lat' dir='ltr'>editio</span> <span class='ocrx_word' id='word_1_28' title='bbox 674 357 910 406; x_wconf 84' lang='lat' dir='ltr'>primigenia.</span> <span class='ocrx_word' id='word_1_29' title='bbox 980 357 1157 393; x_wconf 74' lang='lat' dir='ltr'>Arbitrer</span> <span class='ocrx_word' id='word_1_30' title='bbox 1188 365 1313 392; x_wconf 87' lang='lat' dir='ltr'>tamen</span> <span class='ocrx_word' id='word_1_31' title='bbox 1352 358 1600 394; x_wconf 82' lang='lat' dir='ltr'>nihilominus</span> 
     </span>
     <span class='ocr_line' id='line_1_5' title="bbox 87 418 1599 471; baseline 0.003 -17"><span class='ocrx_word' id='word_1_32' title='bbox 87 418 186 454; x_wconf 89' lang='lat' dir='ltr'>Aldo</span> <span class='ocrx_word' id='word_1_33' title='bbox 216 419 345 456; x_wconf 89' lang='lat' dir='ltr'>deberi</span> <span class='ocrx_word' id='word_1_34' title='bbox 376 420 474 468; x_wconf 79' lang='lat' dir='ltr'>pluS,</span> <span class='ocrx_word' id='word_1_35' title='bbox 504 435 619 469; x_wconf 89' lang='lat' dir='ltr'>quam</span> <span class='ocrx_word' id='word_1_36' title='bbox 648 422 865 471; x_wconf 83' lang='lat' dir='ltr'>llerwagio,</span> <span class='ocrx_word' id='word_1_37' title='bbox 888 424 995 470; x_wconf 87' lang='lat' dir='ltr'>cujus</span> <span class='ocrx_word' id='word_1_38' title='bbox 1025 434 1140 469; x_wconf 88' lang='lat' dir='ltr'>opera</span> <span class='ocrx_word' id='word_1_39' title='bbox 1170 421 1301 457; x_wconf 85' lang='lat' dir='ltr'>fuisset</span> <span class='ocrx_word' id='word_1_40' title='bbox 1331 430 1537 463; x_wconf 76' lang='lat' dir='ltr'>cessatura,</span> <span class='ocrx_word' id='word_1_41' title='bbox 1570 425 1599 458; x_wconf 84' lang='lat' dir='ltr'>si</span> 
     </span>
     <span class='ocr_line' id='line_1_6' title="bbox 87 483 1600 532; baseline 0.004 -16"><span class='ocrx_word' id='word_1_42' title='bbox 87 483 287 518; x_wconf 76' lang='lat' dir='ltr'>materiam</span> <span class='ocrx_word' id='word_1_43' title='bbox 310 484 372 520; x_wconf 90' lang='lat' dir='ltr'>ille</span> <span class='ocrx_word' id='word_1_44' title='bbox 396 485 537 520; x_wconf 88' lang='lat' dir='ltr'>nullam</span> <span class='ocrx_word' id='word_1_45' title='bbox 561 485 783 521; x_wconf 78' lang='lat' dir='ltr'>suffecisset.</span> <span class='ocrx_word' id='word_1_46' title='bbox 843 485 1045 532; x_wconf 82' lang='lat' dir='ltr'>I&#39;lerasque</span> <span class='ocrx_word' id='word_1_47' title='bbox 1068 485 1224 520; x_wconf 75' lang='lat' dir='ltr'>mendas</span> <span class='ocrx_word' id='word_1_48' title='bbox 1245 485 1406 521; x_wconf 77' lang='lat' dir='ltr'>Aldinae</span> <span class='ocrx_word' id='word_1_49' title='bbox 1434 488 1600 522; x_wconf 81' lang='lat' dir='ltr'>servavit</span> 
     </span>
     <span class='ocr_line' id='line_1_7' title="bbox 88 546 1598 597; baseline 0.003 -17"><span class='ocrx_word' id='word_1_50' title='bbox 88 546 355 595; x_wconf 78' lang='lat' dir='ltr'>Ilerwagiana,</span> <span class='ocrx_word' id='word_1_51' title='bbox 376 548 485 583; x_wconf 78' lang='lat' dir='ltr'>novis</span> <span class='ocrx_word' id='word_1_52' title='bbox 515 548 610 584; x_wconf 88' lang='lat' dir='ltr'>adeo</span> <span class='ocrx_word' id='word_1_53' title='bbox 632 548 859 596; x_wconf 85' lang='lat' dir='ltr'>quibusdam</span> <span class='ocrx_word' id='word_1_54' title='bbox 892 549 1007 591; x_wconf 83' lang='lat' dir='ltr'>auxit,</span> <span class='ocrx_word' id='word_1_55' title='bbox 1031 562 1073 585; x_wconf 84' lang='lat' dir='ltr'>ex</span> <span class='ocrx_word' id='word_1_56' title='bbox 1097 562 1142 585; x_wconf 91' lang='lat' dir='ltr'>ea</span> <span class='ocrx_word' id='word_1_57' title='bbox 1172 550 1208 584; x_wconf 90' lang='lat' dir='ltr'>in</span> <span class='ocrx_word' id='word_1_58' title='bbox 1240 550 1470 597; x_wconf 81' lang='lat' dir='ltr'>posteriores</span> <span class='ocrx_word' id='word_1_59' title='bbox 1501 550 1598 585; x_wconf 90' lang='lat' dir='ltr'>deri-</span> 
     </span>
     <span class='ocr_line' id='line_1_8' title="bbox 86 610 1597 661; baseline 0.003 -17"><span class='ocrx_word' id='word_1_60' title='bbox 86 610 202 651; x_wconf 86' lang='lat' dir='ltr'>vatis;</span> <span class='ocrx_word' id='word_1_61' title='bbox 225 612 430 647; x_wconf 87' lang='lat' dir='ltr'>nonnullas</span> <span class='ocrx_word' id='word_1_62' title='bbox 451 619 580 647; x_wconf 88' lang='lat' dir='ltr'>tamen</span> <span class='ocrx_word' id='word_1_63' title='bbox 602 612 766 652; x_wconf 83' lang='lat' dir='ltr'>sustulit,</span> <span class='ocrx_word' id='word_1_64' title='bbox 785 625 860 647; x_wconf 88' lang='lat' dir='ltr'>non</span> <span class='ocrx_word' id='word_1_65' title='bbox 884 626 955 660; x_wconf 87' lang='lat' dir='ltr'>ope</span> <span class='ocrx_word' id='word_1_66' title='bbox 970 614 1076 648; x_wconf 62' lang='lat' dir='ltr'>Msti</span> <span class='ocrx_word' id='word_1_67' title='bbox 1099 613 1253 656; x_wconf 84' lang='lat' dir='ltr'>codicis,</span> <span class='ocrx_word' id='word_1_68' title='bbox 1271 613 1334 661; x_wconf 90' lang='lat' dir='ltr'>qui</span> <span class='ocrx_word' id='word_1_69' title='bbox 1350 614 1476 649; x_wconf 89' lang='lat' dir='ltr'>nullus</span> <span class='ocrx_word' id='word_1_70' title='bbox 1497 614 1597 661; x_wconf 86' lang='lat' dir='ltr'>apud</span> 
     </span>
     <span class='ocr_line' id='line_1_9' title="bbox 88 675 1598 724; baseline 0.002 -14"><span class='ocrx_word' id='word_1_71' title='bbox 88 675 330 724; x_wconf 83' lang='lat' dir='ltr'>Herwagium</span> <span class='ocrx_word' id='word_1_72' title='bbox 362 676 477 712; x_wconf 88' lang='lat' dir='ltr'>fuisse</span> <span class='ocrx_word' id='word_1_73' title='bbox 505 676 668 717; x_wconf 88' lang='lat' dir='ltr'>videtur,</span> <span class='ocrx_word' id='word_1_74' title='bbox 692 676 819 711; x_wconf 88' lang='lat' dir='ltr'>nullus</span> <span class='ocrx_word' id='word_1_75' title='bbox 850 685 953 712; x_wconf 85' lang='lat' dir='ltr'>certe</span> <span class='ocrx_word' id='word_1_76' title='bbox 984 690 1143 724; x_wconf 86' lang='lat' dir='ltr'>usquam</span> <span class='ocrx_word' id='word_1_77' title='bbox 1174 685 1508 719; x_wconf 82' lang='lat' dir='ltr'>commemoratur,</span> <span class='ocrx_word' id='word_1_78' title='bbox 1531 678 1598 713; x_wconf 84' lang='lat' dir='ltr'>scd</span> 
     </span>
     <span class='ocr_line' id='line_1_10' title="bbox 87 738 1596 789; baseline 0.002 -15"><span class='ocrx_word' id='word_1_79' title='bbox 87 738 168 774; x_wconf 90' lang='lat' dir='ltr'>solo</span> <span class='ocrx_word' id='word_1_80' title='bbox 189 739 356 787; x_wconf 80' lang='lat' dir='ltr'>ingenio,</span> <span class='ocrx_word' id='word_1_81' title='bbox 379 739 479 775; x_wconf 90' lang='lat' dir='ltr'>haud</span> <span class='ocrx_word' id='word_1_82' title='bbox 501 747 652 775; x_wconf 87' lang='lat' dir='ltr'>constat</span> <span class='ocrx_word' id='word_1_83' title='bbox 672 742 792 788; x_wconf 90' lang='lat' dir='ltr'>eujus.</span> <span class='ocrx_word' id='word_1_84' title='bbox 853 740 1130 776; x_wconf 74' lang='lat' dir='ltr'>Verumtamen</span> <span class='ocrx_word' id='word_1_85' title='bbox 1162 741 1377 789; x_wconf 85' lang='lat' dir='ltr'>suspicione</span> <span class='ocrx_word' id='word_1_86' title='bbox 1403 742 1440 776; x_wconf 93' lang='lat' dir='ltr'>in</span> <span class='ocrx_word' id='word_1_87' title='bbox 1470 741 1596 777; x_wconf 87' lang='lat' dir='ltr'>Simo-</span> 
     </span>
     <span class='ocr_line' id='line_1_11' title="bbox 86 802 1597 853; baseline 0.002 -15"><span class='ocrx_word' id='word_1_88' title='bbox 86 815 174 838; x_wconf 89' lang='lat' dir='ltr'>nem</span> <span class='ocrx_word' id='word_1_89' title='bbox 197 804 418 850; x_wconf 83' lang='lat' dir='ltr'>Grynaeum</span> <span class='ocrx_word' id='word_1_90' title='bbox 440 802 553 839; x_wconf 84' lang='lat' dir='ltr'>feror.</span> <span class='ocrx_word' id='word_1_91' title='bbox 585 803 668 838; x_wconf 89' lang='lat' dir='ltr'>Nisi</span> <span class='ocrx_word' id='word_1_92' title='bbox 689 803 777 840; x_wconf 89' lang='lat' dir='ltr'>huic</span> <span class='ocrx_word' id='word_1_93' title='bbox 798 803 1002 852; x_wconf 82' lang='lat' dir='ltr'>suspicioni</span> <span class='ocrx_word' id='word_1_94' title='bbox 1024 805 1096 839; x_wconf 88' lang='grc'><strong>1100</strong></span> <span class='ocrx_word' id='word_1_95' title='bbox 1118 806 1255 846; x_wconf 84' lang='lat' dir='ltr'>obstat,</span> <span class='ocrx_word' id='word_1_96' title='bbox 1274 805 1376 852; x_wconf 90' lang='lat' dir='ltr'>quod</span> <span class='ocrx_word' id='word_1_97' title='bbox 1396 805 1597 853; x_wconf 81' lang='lat' dir='ltr'>Grynaeus</span> 
     </span>
     <span class='ocr_line' id='line_1_12' title="bbox 86 867 1596 917; baseline 0.001 -15"><span class='ocrx_word' id='word_1_98' title='bbox 86 874 167 902; x_wconf 89' lang='lat' dir='ltr'>tum</span> <span class='ocrx_word' id='word_1_99' title='bbox 190 867 385 915; x_wconf 80' lang='lat' dir='ltr'>temporis,</span> <span class='ocrx_word' id='word_1_100' title='bbox 407 880 492 903; x_wconf 90' lang='grc'><strong>011111</strong></span> <span class='ocrx_word' id='word_1_101' title='bbox 514 868 796 904; x_wconf 85' lang='lat' dir='ltr'>Demosthenes</span> <span class='ocrx_word' id='word_1_102' title='bbox 815 869 853 903; x_wconf 90' lang='lat' dir='ltr'>in</span> <span class='ocrx_word' id='word_1_103' title='bbox 877 868 1027 904; x_wconf 81' lang='lat' dir='ltr'>officina</span> <span class='ocrx_word' id='word_1_104' title='bbox 1049 869 1304 917; x_wconf 73' lang='lat' dir='ltr'>Herwagiana</span> <span class='ocrx_word' id='word_1_105' title='bbox 1331 869 1596 911; x_wconf 77' lang='lat' dir='ltr'>excuderetur,</span> 
     </span>
     <span class='ocr_line' id='line_1_13' title="bbox 85 929 1595 980; baseline 0.001 -14"><span class='ocrx_word' id='word_1_106' title='bbox 85 931 123 966; x_wconf 92' lang='lat' dir='ltr'>in</span> <span class='ocrx_word' id='word_1_107' title='bbox 146 929 284 977; x_wconf 81' lang='lat' dir='ltr'>Anglia</span> <span class='ocrx_word' id='word_1_108' title='bbox 303 931 566 980; x_wconf 78' lang='lat' dir='ltr'>peregrinatus</span> <span class='ocrx_word' id='word_1_109' title='bbox 587 932 648 966; x_wconf 90' lang='lat' dir='ltr'>sit.</span> <span class='ocrx_word' id='word_1_110' title='bbox 707 932 835 975; x_wconf 83' lang='lat' dir='ltr'>Quare</span> <span class='ocrx_word' id='word_1_111' title='bbox 864 932 981 967; x_wconf 87' lang='lat' dir='ltr'>satius</span> <span class='ocrx_word' id='word_1_112' title='bbox 1003 932 1074 967; x_wconf 87' lang='lat' dir='ltr'>erit</span> <span class='ocrx_word' id='word_1_113' title='bbox 1095 932 1141 968; x_wconf 91' lang='lat' dir='ltr'>de</span> <span class='ocrx_word' id='word_1_114' title='bbox 1164 932 1312 968; x_wconf 82' lang='lat' dir='ltr'>Jacobo</span> <span class='ocrx_word' id='word_1_115' title='bbox 1334 933 1487 968; x_wconf 86' lang='lat' dir='ltr'>Rubero</span> <span class='ocrx_word' id='word_1_116' title='bbox 1515 946 1595 968; x_wconf 89' lang='lat' dir='ltr'>sus-</span> 
     </span>
     <span class='ocr_line' id='line_1_14' title="bbox 85 995 1596 1044; baseline 0.001 -14"><span class='ocrx_word' id='word_1_117' title='bbox 85 995 214 1042; x_wconf 81' lang='lat' dir='ltr'>picari,</span> <span class='ocrx_word' id='word_1_118' title='bbox 248 995 295 1031; x_wconf 89' lang='lat' dir='ltr'>de</span> <span class='ocrx_word' id='word_1_119' title='bbox 326 1008 400 1042; x_wconf 89' lang='lat' dir='ltr'>quo</span> <span class='ocrx_word' id='word_1_120' title='bbox 430 995 544 1043; x_wconf 89' lang='lat' dir='ltr'>paulo</span> <span class='ocrx_word' id='word_1_121' title='bbox 574 1003 660 1043; x_wconf 84' lang='lat' dir='ltr'>post</span> <span class='ocrx_word' id='word_1_122' title='bbox 690 996 862 1043; x_wconf 89' lang='lat' dir='ltr'>pluribus</span> <span class='ocrx_word' id='word_1_123' title='bbox 893 995 1053 1037; x_wconf 84' lang='lat' dir='ltr'>dicetur,</span> <span class='ocrx_word' id='word_1_124' title='bbox 1077 1003 1143 1031; x_wconf 89' lang='lat' dir='ltr'>aut</span> <span class='ocrx_word' id='word_1_125' title='bbox 1170 996 1216 1032; x_wconf 92' lang='lat' dir='ltr'>de</span> <span class='ocrx_word' id='word_1_126' title='bbox 1237 997 1388 1032; x_wconf 86' lang='lat' dir='ltr'>Joanne</span> <span class='ocrx_word' id='word_1_127' title='bbox 1410 997 1596 1044; x_wconf 88' lang='lat' dir='ltr'>Oporino.</span> 
     </span>
     <span class='ocr_line' id='line_1_15' title="bbox 85 1058 1596 1108; baseline 0.001 -14"><span class='ocrx_word' id='word_1_128' title='bbox 85 1058 175 1094; x_wconf 88' lang='lat' dir='ltr'>Non</span> <span class='ocrx_word' id='word_1_129' title='bbox 205 1059 358 1094; x_wconf 80' lang='lat' dir='ltr'>videtur</span> <span class='ocrx_word' id='word_1_130' title='bbox 386 1060 569 1094; x_wconf 89' lang='lat' dir='ltr'>Erasmus</span> <span class='ocrx_word' id='word_1_131' title='bbox 600 1060 638 1094; x_wconf 91' lang='lat' dir='ltr'>in</span> <span class='ocrx_word' id='word_1_132' title='bbox 670 1059 781 1108; x_wconf 87' lang='lat' dir='ltr'>hujus</span> <span class='ocrx_word' id='word_1_133' title='bbox 812 1060 936 1095; x_wconf 89' lang='lat' dir='ltr'>laudis</span> <span class='ocrx_word' id='word_1_134' title='bbox 973 1060 1285 1096; x_wconf 86' lang='lat' dir='ltr'>communionem</span> <span class='ocrx_word' id='word_1_135' title='bbox 1323 1060 1596 1097; x_wconf 87' lang='lat' dir='ltr'>admittendus.</span> 
     </span>
     <span class='ocr_line' id='line_1_16' title="bbox 86 1122 1598 1172; baseline 0.001 -14"><span class='ocrx_word' id='word_1_136' title='bbox 86 1122 199 1158; x_wconf 90' lang='lat' dir='ltr'>Haud</span> <span class='ocrx_word' id='word_1_137' title='bbox 240 1123 459 1159; x_wconf 82' lang='lat' dir='ltr'>abundabat</span> <span class='ocrx_word' id='word_1_138' title='bbox 493 1124 672 1159; x_wconf 88' lang='lat' dir='ltr'>Erasmus</span> <span class='ocrx_word' id='word_1_139' title='bbox 706 1123 799 1164; x_wconf 88' lang='lat' dir='ltr'>otio,</span> <span class='ocrx_word' id='word_1_140' title='bbox 836 1136 961 1171; x_wconf 85' lang='lat' dir='ltr'>neque</span> <span class='ocrx_word' id='word_1_141' title='bbox 996 1124 1148 1159; x_wconf 78' lang='lat' dir='ltr'>videtur</span> <span class='ocrx_word' id='word_1_142' title='bbox 1180 1124 1215 1159; x_wconf 88' lang='lat' dir='ltr'>ei</span> <span class='ocrx_word' id='word_1_143' title='bbox 1250 1124 1448 1172; x_wconf 81' lang='lat' dir='ltr'>ingenium</span> <span class='ocrx_word' id='word_1_144' title='bbox 1483 1124 1598 1160; x_wconf 88' lang='lat' dir='ltr'>fuisse</span> 
     </span>
     <span class='ocr_line' id='line_1_17' title="bbox 85 1186 1594 1237; baseline 0.001 -15"><span class='ocrx_word' id='word_1_145' title='bbox 85 1186 340 1222; x_wconf 85' lang='lat' dir='ltr'>Demostheni</span> <span class='ocrx_word' id='word_1_146' title='bbox 372 1186 613 1222; x_wconf 88' lang='lat' dir='ltr'>emendando</span> <span class='ocrx_word' id='word_1_147' title='bbox 642 1199 720 1234; x_wconf 87' lang='lat' dir='ltr'>par.</span> <span class='ocrx_word' id='word_1_148' title='bbox 784 1187 881 1222; x_wconf 85' lang='lat' dir='ltr'>Aliis</span> <span class='ocrx_word' id='word_1_149' title='bbox 916 1187 953 1221; x_wconf 92' lang='lat' dir='ltr'>in</span> <span class='ocrx_word' id='word_1_150' title='bbox 985 1187 1119 1230; x_wconf 86' lang='lat' dir='ltr'>literis,</span> <span class='ocrx_word' id='word_1_151' title='bbox 1151 1187 1374 1237; x_wconf 78' lang='lat' dir='ltr'>theologicis</span> <span class='ocrx_word' id='word_1_152' title='bbox 1408 1188 1594 1236; x_wconf 86' lang='lat' dir='ltr'>inprimis,</span> 
     </span>
     <span class='ocr_line' id='line_1_18' title="bbox 85 1249 1595 1300; baseline 0.002 -16"><span class='ocrx_word' id='word_1_153' title='bbox 85 1250 282 1298; x_wconf 76' lang='lat' dir='ltr'>regnabat.</span> <span class='ocrx_word' id='word_1_154' title='bbox 341 1250 397 1286; x_wconf 83' lang='lat' dir='ltr'>Ab</span> <span class='ocrx_word' id='word_1_155' title='bbox 426 1251 497 1287; x_wconf 85' lang='grc'><strong>1100</strong></span> <span class='ocrx_word' id='word_1_156' title='bbox 527 1262 665 1300; x_wconf 86' lang='lat' dir='ltr'>genere</span> <span class='ocrx_word' id='word_1_157' title='bbox 697 1249 857 1298; x_wconf 89' lang='lat' dir='ltr'>profano</span> <span class='ocrx_word' id='word_1_158' title='bbox 891 1258 971 1286; x_wconf 90' lang='lat' dir='ltr'>erat</span> <span class='ocrx_word' id='word_1_159' title='bbox 1004 1251 1174 1286; x_wconf 87' lang='lat' dir='ltr'>alienior.</span> <span class='ocrx_word' id='word_1_160' title='bbox 1233 1251 1277 1286; x_wconf 91' lang='lat' dir='ltr'>In</span> <span class='ocrx_word' id='word_1_161' title='bbox 1310 1252 1381 1287; x_wconf 88' lang='lat' dir='ltr'>hac</span> <span class='ocrx_word' id='word_1_162' title='bbox 1415 1252 1595 1293; x_wconf 87' lang='lat' dir='ltr'>editione,</span> 
     </span>
     <span class='ocr_line' id='line_1_19' title="bbox 84 1315 1596 1364; baseline 0.001 -15"><span class='ocrx_word' id='word_1_163' title='bbox 84 1327 238 1362; x_wconf 86' lang='lat' dir='ltr'>prorsus</span> <span class='ocrx_word' id='word_1_164' title='bbox 259 1323 301 1350; x_wconf 91' lang='lat' dir='ltr'>ut</span> <span class='ocrx_word' id='word_1_165' title='bbox 321 1315 359 1350; x_wconf 91' lang='lat' dir='ltr'>in</span> <span class='ocrx_word' id='word_1_166' title='bbox 379 1316 528 1357; x_wconf 75' lang='lat' dir='ltr'>Aldina,</span> <span class='ocrx_word' id='word_1_167' title='bbox 550 1316 596 1351; x_wconf 92' lang='lat' dir='ltr'>ab</span> <span class='ocrx_word' id='word_1_168' title='bbox 618 1315 790 1351; x_wconf 89' lang='lat' dir='ltr'>oratione</span> <span class='ocrx_word' id='word_1_169' title='bbox 811 1315 934 1363; x_wconf 88' lang='lat' dir='ltr'>prima</span> <span class='ocrx_word' id='word_1_170' title='bbox 955 1315 992 1350; x_wconf 90' lang='lat' dir='ltr'>in</span> <span class='ocrx_word' id='word_1_171' title='bbox 1016 1315 1314 1364; x_wconf 74' lang='lat' dir='ltr'>Aristogitonem</span> <span class='ocrx_word' id='word_1_172' title='bbox 1346 1328 1468 1350; x_wconf 81' lang='lat' dir='ltr'>novus</span> <span class='ocrx_word' id='word_1_173' title='bbox 1495 1316 1596 1351; x_wconf 87' lang='lat' dir='ltr'>ordi-</span> 
     </span>
     <span class='ocr_line' id='line_1_20' title="bbox 85 1379 1596 1429; baseline -0.001 -14"><span class='ocrx_word' id='word_1_174' title='bbox 85 1387 148 1415; x_wconf 87' lang='lat' dir='ltr'>tur</span> <span class='ocrx_word' id='word_1_175' title='bbox 175 1380 401 1429; x_wconf 84' lang='lat' dir='ltr'>paginarum</span> <span class='ocrx_word' id='word_1_176' title='bbox 432 1380 547 1421; x_wconf 89' lang='lat' dir='ltr'>ord0;</span> <span class='ocrx_word' id='word_1_177' title='bbox 580 1392 655 1427; x_wconf 90' lang='lat' dir='ltr'>quo</span> <span class='ocrx_word' id='word_1_178' title='bbox 677 1380 730 1421; x_wconf 87' lang='lat' dir='ltr'>fit,</span> <span class='ocrx_word' id='word_1_179' title='bbox 752 1387 794 1415; x_wconf 87' lang='lat' dir='ltr'>ut</span> <span class='ocrx_word' id='word_1_180' title='bbox 822 1380 918 1415; x_wconf 87' lang='lat' dir='ltr'>haec</span> <span class='ocrx_word' id='word_1_181' title='bbox 949 1392 1113 1427; x_wconf 88' lang='lat' dir='ltr'>quoque,</span> <span class='ocrx_word' id='word_1_182' title='bbox 1142 1380 1285 1427; x_wconf 86' lang='lat' dir='ltr'>pariter</span> <span class='ocrx_word' id='word_1_183' title='bbox 1315 1387 1429 1426; x_wconf 88' lang='lat' dir='ltr'>atque</span> <span class='ocrx_word' id='word_1_184' title='bbox 1458 1379 1535 1421; x_wconf 90' lang='lat' dir='ltr'>illa,</span> <span class='ocrx_word' id='word_1_185' title='bbox 1558 1380 1596 1415; x_wconf 89' lang='lat' dir='ltr'>in</span> 
     </span>
     <span class='ocr_line' id='line_1_21' title="bbox 84 1441 1597 1491; baseline 0 -13"><span class='ocrx_word' id='word_1_186' title='bbox 84 1442 160 1479; x_wconf 89' lang='lat' dir='ltr'>duo</span> <span class='ocrx_word' id='word_1_187' title='bbox 182 1444 288 1491; x_wconf 86' lang='lat' dir='ltr'>quasi</span> <span class='ocrx_word' id='word_1_188' title='bbox 309 1443 505 1479; x_wconf 84' lang='lat' dir='ltr'>volumina</span> <span class='ocrx_word' id='word_1_189' title='bbox 525 1443 773 1491; x_wconf 89' lang='lat' dir='ltr'>dispescatur‚</span> <span class='ocrx_word' id='word_1_190' title='bbox 797 1442 860 1478; x_wconf 82' lang='lat' dir='ltr'>sed</span> <span class='ocrx_word' id='word_1_191' title='bbox 884 1455 928 1478; x_wconf 87' lang='lat' dir='ltr'>ea</span> <span class='ocrx_word' id='word_1_192' title='bbox 957 1441 1068 1477; x_wconf 84' lang='lat' dir='ltr'>molis</span> <span class='ocrx_word' id='word_1_193' title='bbox 1094 1442 1271 1490; x_wconf 86' lang='lat' dir='ltr'>imparis;</span> <span class='ocrx_word' id='word_1_194' title='bbox 1305 1455 1467 1489; x_wconf 87' lang='lat' dir='ltr'>quorum</span> <span class='ocrx_word' id='word_1_195' title='bbox 1494 1443 1597 1490; x_wconf 86' lang='lat' dir='ltr'>prius</span> 
     </span>
     <span class='ocr_line' id='line_1_22' title="bbox 84 1506 1598 1555; baseline 0.001 -12"><span class='ocrx_word' id='word_1_196' title='bbox 84 1507 130 1543; x_wconf 86' lang='lat' dir='ltr'>ad</span> <span class='ocrx_word' id='word_1_197' title='bbox 154 1520 189 1555; x_wconf 95' lang='lat' dir='ltr'>p.</span> <span class='ocrx_word' id='word_1_198' title='bbox 207 1519 295 1554; x_wconf 79' lang='lat'>532.</span> <span class='ocrx_word' id='word_1_199' title='bbox 318 1507 504 1555; x_wconf 84' lang='lat' dir='ltr'>procedit,</span> <span class='ocrx_word' id='word_1_200' title='bbox 526 1507 686 1542; x_wconf 87' lang='lat' dir='ltr'>alterum</span> <span class='ocrx_word' id='word_1_201' title='bbox 709 1507 754 1542; x_wconf 86' lang='lat' dir='ltr'>ad</span> <span class='ocrx_word' id='word_1_202' title='bbox 777 1520 812 1555; x_wconf 89' lang='lat' dir='ltr'>p.</span> <span class='ocrx_word' id='word_1_203' title='bbox 833 1518 920 1552; x_wconf 77' lang='lat'><em>207.</em></span> <span class='ocrx_word' id='word_1_204' title='bbox 970 1506 1044 1542; x_wconf 79' lang='lat' dir='ltr'>Sed</span> <span class='ocrx_word' id='word_1_205' title='bbox 1068 1507 1106 1542; x_wconf 91' lang='lat' dir='ltr'>in</span> <span class='ocrx_word' id='word_1_206' title='bbox 1129 1506 1384 1555; x_wconf 75' lang='lat' dir='ltr'>Herxvagiana</span> <span class='ocrx_word' id='word_1_207' title='bbox 1404 1519 1471 1543; x_wconf 88' lang='lat' dir='ltr'>cur</span> <span class='ocrx_word' id='word_1_208' title='bbox 1490 1507 1526 1543; x_wconf 90' lang='lat' dir='ltr'>id</span> <span class='ocrx_word' id='word_1_209' title='bbox 1544 1508 1598 1544; x_wconf 86' lang='lat' dir='ltr'>ita</span> 
     </span>
     <span class='ocr_line' id='line_1_23' title="bbox 84 1571 1599 1619; baseline 0.001 -13"><span class='ocrx_word' id='word_1_210' title='bbox 84 1571 133 1606; x_wconf 87' lang='lat' dir='ltr'>sit</span> <span class='ocrx_word' id='word_1_211' title='bbox 162 1571 394 1612; x_wconf 89' lang='lat' dir='ltr'>institutum,</span> <span class='ocrx_word' id='word_1_212' title='bbox 416 1572 512 1607; x_wconf 88' lang='lat' dir='ltr'>ratio</span> <span class='ocrx_word' id='word_1_213' title='bbox 541 1571 648 1607; x_wconf 90' lang='lat' dir='ltr'>reddi</span> <span class='ocrx_word' id='word_1_214' title='bbox 676 1571 862 1619; x_wconf 87' lang='lat' dir='ltr'>quaedam</span> <span class='ocrx_word' id='word_1_215' title='bbox 894 1578 1036 1619; x_wconf 86' lang='lat' dir='ltr'>potest,</span> <span class='ocrx_word' id='word_1_216' title='bbox 1058 1572 1183 1607; x_wconf 88' lang='lat' dir='ltr'>curin</span> <span class='ocrx_word' id='word_1_217' title='bbox 1205 1571 1357 1612; x_wconf 80' lang='lat' dir='ltr'>Aldina,</span> <span class='ocrx_word' id='word_1_218' title='bbox 1380 1571 1495 1606; x_wconf 88' lang='lat' dir='ltr'>nulla.</span> <span class='ocrx_word' id='word_1_219' title='bbox 1553 1571 1599 1607; x_wconf 88' lang='lat' dir='ltr'>In</span> 
     </span>
     <span class='ocr_line' id='line_1_24' title="bbox 82 1635 1599 1684; baseline -0.001 -14"><span class='ocrx_word' id='word_1_220' title='bbox 82 1635 339 1676; x_wconf 81' lang='lat' dir='ltr'>Timocratea‚</span> <span class='ocrx_word' id='word_1_221' title='bbox 362 1648 477 1682; x_wconf 89' lang='lat' dir='ltr'>quam</span> <span class='ocrx_word' id='word_1_222' title='bbox 507 1636 702 1682; x_wconf 85' lang='lat' dir='ltr'>proximae</span> <span class='ocrx_word' id='word_1_223' title='bbox 733 1643 1024 1683; x_wconf 82' lang='lat' dir='ltr'>consequuntur</span> <span class='ocrx_word' id='word_1_224' title='bbox 1048 1636 1135 1671; x_wconf 85' lang='lat' dir='ltr'>illae</span> <span class='ocrx_word' id='word_1_225' title='bbox 1161 1635 1273 1676; x_wconf 85' lang='lat' dir='ltr'>duae,</span> <span class='ocrx_word' id='word_1_226' title='bbox 1299 1648 1396 1682; x_wconf 89' lang='lat' dir='ltr'>quae</span> <span class='ocrx_word' id='word_1_227' title='bbox 1419 1635 1599 1684; x_wconf 81' lang='lat' dir='ltr'>Aristogi-</span> 
     </span>
     <span class='ocr_line' id='line_1_25' title="bbox 83 1699 1597 1747; baseline -0.001 -12"><span class='ocrx_word' id='word_1_228' title='bbox 83 1707 216 1735; x_wconf 87' lang='lat' dir='ltr'>tonem</span> <span class='ocrx_word' id='word_1_229' title='bbox 248 1700 498 1740; x_wconf 86' lang='lat' dir='ltr'>insectantur,</span> <span class='ocrx_word' id='word_1_230' title='bbox 523 1700 786 1735; x_wconf 88' lang='lat' dir='ltr'>commentarii</span> <span class='ocrx_word' id='word_1_231' title='bbox 816 1700 978 1739; x_wconf 90' lang='lat' dir='ltr'>finiunt;</span> <span class='ocrx_word' id='word_1_232' title='bbox 1011 1700 1075 1747; x_wconf 87' lang='lat' dir='ltr'>qui</span> <span class='ocrx_word' id='word_1_233' title='bbox 1097 1699 1364 1734; x_wconf 88' lang='lat' dir='ltr'>commentarii</span> <span class='ocrx_word' id='word_1_234' title='bbox 1396 1706 1436 1734; x_wconf 81' lang='lat' dir='ltr'>ut</span> <span class='ocrx_word' id='word_1_235' title='bbox 1466 1712 1488 1734; x_wconf 87' lang='lat' dir='ltr'>a</span> <span class='ocrx_word' id='word_1_236' title='bbox 1515 1711 1597 1735; x_wconf 89' lang='lat' dir='ltr'>cor-</span> 
     </span>
     <span class='ocr_line' id='line_1_26' title="bbox 83 1764 1598 1813; baseline 0.001 -15"><span class='ocrx_word' id='word_1_237' title='bbox 83 1775 174 1810; x_wconf 84' lang='lat' dir='ltr'>pore</span> <span class='ocrx_word' id='word_1_238' title='bbox 202 1764 418 1799; x_wconf 84' lang='lat' dir='ltr'>orationum</span> <span class='ocrx_word' id='word_1_239' title='bbox 440 1765 520 1811; x_wconf 87' lang='lat' dir='ltr'>ipso</span> <span class='ocrx_word' id='word_1_240' title='bbox 543 1764 862 1806; x_wconf 85' lang='lat' dir='ltr'>discernerentur,</span> <span class='ocrx_word' id='word_1_241' title='bbox 884 1777 1042 1800; x_wconf 87' lang='lat' dir='ltr'>necesse</span> <span class='ocrx_word' id='word_1_242' title='bbox 1073 1772 1164 1804; x_wconf 86' lang='lat' dir='ltr'>erat,</span> <span class='ocrx_word' id='word_1_243' title='bbox 1187 1772 1230 1799; x_wconf 88' lang='lat' dir='ltr'>ut</span> <span class='ocrx_word' id='word_1_244' title='bbox 1260 1764 1360 1812; x_wconf 81' lang='lat' dir='ltr'>typis</span> <span class='ocrx_word' id='word_1_245' title='bbox 1391 1764 1598 1813; x_wconf 87' lang='lat' dir='ltr'>majoribus</span> 
     </span>
     <span class='ocr_line' id='line_1_27' title="bbox 83 1827 1678 1872; baseline 0.001 -10"><span class='ocrx_word' id='word_1_246' title='bbox 83 1827 206 1863; x_wconf 89' lang='lat' dir='ltr'>oratio</span> <span class='ocrx_word' id='word_1_247' title='bbox 226 1828 527 1865; x_wconf 82' lang='lat' dir='ltr'>Demosthenica</span> <span class='ocrx_word' id='word_1_248' title='bbox 546 1829 808 1872; x_wconf 83' lang='lat' dir='ltr'>excuderetur,</span> <span class='ocrx_word' id='word_1_249' title='bbox 830 1829 1042 1864; x_wconf 88' lang='lat' dir='ltr'>minoribus</span> <span class='ocrx_word' id='word_1_250' title='bbox 1070 1829 1191 1864; x_wconf 86' lang='lat' dir='ltr'>oratio</span> <span class='ocrx_word' id='word_1_251' title='bbox 1213 1829 1453 1864; x_wconf 81' lang='lat' dir='ltr'>enarratoris.</span> <span class='ocrx_word' id='word_1_252' title='bbox 1512 1829 1596 1864; x_wconf 87' lang='lat' dir='ltr'>Hoc</span> <span class='ocrx_word' id='word_1_253' title='bbox 1610 1841 1678 1864; x_wconf 79' lang='lat' dir='ltr'>xiv</span> 
     </span>
     <span class='ocr_line' id='line_1_28' title="bbox 77 1892 1596 1941; baseline 0.001 -14"><span class='ocrx_word' id='word_1_254' title='bbox 77 1895 156 1941; x_wconf 87' lang='lat' dir='ltr'>jam</span> <span class='ocrx_word' id='word_1_255' title='bbox 178 1893 460 1929; x_wconf 85' lang='lat' dir='ltr'>conticescente</span> <span class='ocrx_word' id='word_1_256' title='bbox 490 1893 675 1929; x_wconf 86' lang='lat' dir='ltr'>suadebat</span> <span class='ocrx_word' id='word_1_257' title='bbox 705 1893 948 1929; x_wconf 87' lang='lat' dir='ltr'>commodum</span> <span class='ocrx_word' id='word_1_258' title='bbox 971 1901 1177 1935; x_wconf 74' lang='lat' dir='ltr'>emturum,</span> <span class='ocrx_word' id='word_1_259' title='bbox 1200 1902 1255 1934; x_wconf 89' lang='lat' dir='ltr'>ut,</span> <span class='ocrx_word' id='word_1_260' title='bbox 1280 1894 1344 1941; x_wconf 89' lang='lat' dir='ltr'>qui</span> <span class='ocrx_word' id='word_1_261' title='bbox 1366 1892 1443 1941; x_wconf 71' lang='lat' dir='ltr'>typi</span> <span class='ocrx_word' id='word_1_262' title='bbox 1466 1893 1596 1928; x_wconf 90' lang='lat' dir='ltr'>hacte-</span> 
     </span>
     <span class='ocr_line' id='line_1_29' title="bbox 84 1957 1595 2004; baseline 0 -13"><span class='ocrx_word' id='word_1_263' title='bbox 84 1969 154 1992; x_wconf 83' lang='lat' dir='ltr'>nus</span> <span class='ocrx_word' id='word_1_264' title='bbox 175 1965 302 1992; x_wconf 85' lang='lat' dir='ltr'>essent</span> <span class='ocrx_word' id='word_1_265' title='bbox 322 1957 358 1992; x_wconf 92' lang='lat' dir='ltr'>in</span> <span class='ocrx_word' id='word_1_266' title='bbox 382 1965 640 1993; x_wconf 89' lang='lat' dir='ltr'>enarratorem</span> <span class='ocrx_word' id='word_1_267' title='bbox 662 1957 831 1999; x_wconf 89' lang='lat' dir='ltr'>insumti,</span> <span class='ocrx_word' id='word_1_268' title='bbox 854 1957 969 1993; x_wconf 90' lang='lat' dir='ltr'>iidem</span> <span class='ocrx_word' id='word_1_269' title='bbox 999 1970 1102 1993; x_wconf 89' lang='lat' dir='ltr'>nunc</span> <span class='ocrx_word' id='word_1_270' title='bbox 1133 1958 1273 1993; x_wconf 88' lang='lat' dir='ltr'>oratori</span> <span class='ocrx_word' id='word_1_271' title='bbox 1303 1957 1373 2004; x_wconf 87' lang='lat' dir='ltr'>ipsi</span> <span class='ocrx_word' id='word_1_272' title='bbox 1395 1969 1595 1992; x_wconf 83' lang='lat' dir='ltr'>consecra-</span> 
     </span>
     <span class='ocr_line' id='line_1_30' title="bbox 82 2020 1597 2064; baseline 0 -8"><span class='ocrx_word' id='word_1_273' title='bbox 82 2028 228 2064; x_wconf 86' lang='lat' dir='ltr'>rentur,</span> <span class='ocrx_word' id='word_1_274' title='bbox 262 2034 310 2056; x_wconf 90' lang='lat' dir='ltr'>ne</span> <span class='ocrx_word' id='word_1_275' title='bbox 342 2020 520 2057; x_wconf 78' lang='lat' dir='ltr'>volumen</span> <span class='ocrx_word' id='word_1_276' title='bbox 550 2021 589 2056; x_wconf 87' lang='lat' dir='ltr'>in</span> <span class='ocrx_word' id='word_1_277' title='bbox 622 2020 762 2056; x_wconf 87' lang='lat' dir='ltr'>molem</span> <span class='ocrx_word' id='word_1_278' title='bbox 795 2021 1017 2056; x_wconf 86' lang='lat' dir='ltr'>abnormem</span> <span class='ocrx_word' id='word_1_279' title='bbox 1052 2029 1281 2061; x_wconf 78' lang='lat' dir='ltr'>excurreret,</span> <span class='ocrx_word' id='word_1_280' title='bbox 1316 2033 1414 2056; x_wconf 75' lang='lat' dir='ltr'>neve</span> <span class='ocrx_word' id='word_1_281' title='bbox 1447 2028 1597 2056; x_wconf 86' lang='lat' dir='ltr'>sumtus</span> 
     </span>
     <span class='ocr_line' id='line_1_31' title="bbox 82 2084 1595 2134; baseline 0 -14"><span class='ocrx_word' id='word_1_282' title='bbox 82 2085 380 2134; x_wconf 83' lang='lat' dir='ltr'>geminarentur.</span> <span class='ocrx_word' id='word_1_283' title='bbox 439 2084 661 2120; x_wconf 85' lang='lat' dir='ltr'>Consultius</span> <span class='ocrx_word' id='word_1_284' title='bbox 694 2096 846 2132; x_wconf 91' lang='lat' dir='ltr'>quoque</span> <span class='ocrx_word' id='word_1_285' title='bbox 880 2084 1118 2133; x_wconf 61' lang='lat' dir='ltr'>Hera-agius,</span> <span class='ocrx_word' id='word_1_286' title='bbox 1150 2097 1217 2120; x_wconf 89' lang='lat' dir='ltr'>seu</span> <span class='ocrx_word' id='word_1_287' title='bbox 1249 2085 1312 2132; x_wconf 89' lang='lat' dir='ltr'>qui</span> <span class='ocrx_word' id='word_1_288' title='bbox 1345 2097 1412 2132; x_wconf 86' lang='lat' dir='ltr'>pro</span> <span class='ocrx_word' id='word_1_289' title='bbox 1445 2097 1491 2120; x_wconf 90' lang='lat' dir='ltr'>eo</span> <span class='ocrx_word' id='word_1_290' title='bbox 1521 2085 1595 2120; x_wconf 93' lang='lat' dir='ltr'>De-</span> 
     </span>
     <span class='ocr_line' id='line_1_32' title="bbox 84 2148 1596 2198; baseline 0 -14"><span class='ocrx_word' id='word_1_291' title='bbox 84 2149 323 2184; x_wconf 84' lang='lat' dir='ltr'>mosthenem</span> <span class='ocrx_word' id='word_1_292' title='bbox 355 2149 544 2185; x_wconf 83' lang='lat' dir='ltr'>edendum</span> <span class='ocrx_word' id='word_1_293' title='bbox 576 2148 735 2189; x_wconf 82' lang='lat' dir='ltr'>curavit,</span> <span class='ocrx_word' id='word_1_294' title='bbox 761 2156 987 2197; x_wconf 78' lang='lat' dir='ltr'>argumenta</span> <span class='ocrx_word' id='word_1_295' title='bbox 1017 2149 1229 2184; x_wconf 86' lang='lat' dir='ltr'>Libaniana</span> <span class='ocrx_word' id='word_1_296' title='bbox 1258 2149 1465 2198; x_wconf 78' lang='lat' dir='ltr'>disposuit3</span> <span class='ocrx_word' id='word_1_297' title='bbox 1499 2161 1596 2196; x_wconf 87' lang='lat' dir='ltr'>quae</span> 
     </span>
     <span class='ocr_line' id='line_1_33' title="bbox 84 2212 1596 2262; baseline 0 -15"><span class='ocrx_word' id='word_1_298' title='bbox 84 2221 311 2262; x_wconf 83' lang='lat' dir='ltr'>argumenta</span> <span class='ocrx_word' id='word_1_299' title='bbox 331 2212 545 2248; x_wconf 87' lang='lat' dir='ltr'>orationum</span> <span class='ocrx_word' id='word_1_300' title='bbox 567 2212 604 2247; x_wconf 91' lang='lat' dir='ltr'>in</span> <span class='ocrx_word' id='word_1_301' title='bbox 627 2212 767 2247; x_wconf 77' lang='lat' dir='ltr'>caussis</span> <span class='ocrx_word' id='word_1_302' title='bbox 792 2212 949 2259; x_wconf 81' lang='lat' dir='ltr'>privatis</span> <span class='ocrx_word' id='word_1_303' title='bbox 970 2212 1141 2247; x_wconf 88' lang='lat' dir='ltr'>omnium</span> <span class='ocrx_word' id='word_1_304' title='bbox 1164 2225 1250 2248; x_wconf 89' lang='lat' dir='ltr'>cum</span> <span class='ocrx_word' id='word_1_305' title='bbox 1272 2213 1390 2248; x_wconf 82' lang='lat' dir='ltr'>Aldus</span> <span class='ocrx_word' id='word_1_306' title='bbox 1411 2212 1451 2247; x_wconf 88' lang='lat' dir='ltr'>in</span> <span class='ocrx_word' id='word_1_307' title='bbox 1475 2225 1596 2248; x_wconf 87' lang='lat' dir='ltr'>unum</span> 
     </span>
     <span class='ocr_line' id='line_1_34' title="bbox 84 2275 1596 2325; baseline -0.001 -13"><span class='ocrx_word' id='word_1_308' title='bbox 84 2277 212 2312; x_wconf 89' lang='lat' dir='ltr'>locum</span> <span class='ocrx_word' id='word_1_309' title='bbox 234 2276 497 2325; x_wconf 77' lang='lat' dir='ltr'>congessisset,</span> <span class='ocrx_word' id='word_1_310' title='bbox 520 2284 559 2312; x_wconf 88' lang='lat' dir='ltr'>et</span> <span class='ocrx_word' id='word_1_311' title='bbox 578 2276 616 2310; x_wconf 91' lang='lat' dir='ltr'>in</span> <span class='ocrx_word' id='word_1_312' title='bbox 638 2275 740 2311; x_wconf 85' lang='lat' dir='ltr'>calce</span> <span class='ocrx_word' id='word_1_313' title='bbox 770 2288 860 2310; x_wconf 82' lang='lat' dir='ltr'>suae</span> <span class='ocrx_word' id='word_1_314' title='bbox 891 2275 1069 2310; x_wconf 85' lang='lat' dir='ltr'>editionis</span> <span class='ocrx_word' id='word_1_315' title='bbox 1090 2276 1198 2323; x_wconf 88' lang='lat' dir='ltr'>quasi</span> <span class='ocrx_word' id='word_1_316' title='bbox 1219 2276 1439 2317; x_wconf 84' lang='lat' dir='ltr'>abdidisset,</span> <span class='ocrx_word' id='word_1_317' title='bbox 1461 2276 1596 2311; x_wconf 80' lang='lat' dir='ltr'>melius</span> 
     </span>
     <span class='ocr_line' id='line_1_35' title="bbox 83 2339 1596 2388; baseline -0.001 -12"><span class='ocrx_word' id='word_1_318' title='bbox 83 2341 285 2376; x_wconf 85' lang='lat' dir='ltr'>consulens</span> <span class='ocrx_word' id='word_1_319' title='bbox 314 2340 388 2380; x_wconf 82' lang='lat' dir='ltr'>hic,</span> <span class='ocrx_word' id='word_1_320' title='bbox 420 2341 590 2388; x_wconf 88' lang='lat' dir='ltr'>quisquis</span> <span class='ocrx_word' id='word_1_321' title='bbox 620 2339 703 2381; x_wconf 87' lang='lat' dir='ltr'>fuit,</span> <span class='ocrx_word' id='word_1_322' title='bbox 736 2347 963 2388; x_wconf 84' lang='lat' dir='ltr'>argumenta</span> <span class='ocrx_word' id='word_1_323' title='bbox 993 2339 1142 2388; x_wconf 83' lang='lat' dir='ltr'>singula</span> <span class='ocrx_word' id='word_1_324' title='bbox 1172 2340 1329 2388; x_wconf 86' lang='lat' dir='ltr'>singulis</span> <span class='ocrx_word' id='word_1_325' title='bbox 1359 2340 1596 2376; x_wconf 86' lang='lat' dir='ltr'>orationibus</span> 
     </span>
     <span class='ocr_line' id='line_1_36' title="bbox 82 2402 1595 2452; baseline -0.001 -12"><span class='ocrx_word' id='word_1_326' title='bbox 82 2405 270 2452; x_wconf 79' lang='lat' dir='ltr'>praefixit.</span> <span class='ocrx_word' id='word_1_327' title='bbox 326 2404 401 2440; x_wconf 86' lang='lat' dir='ltr'>Sed</span> <span class='ocrx_word' id='word_1_328' title='bbox 432 2405 469 2440; x_wconf 88' lang='lat' dir='ltr'>in</span> <span class='ocrx_word' id='word_1_329' title='bbox 502 2405 676 2451; x_wconf 81' lang='lat' dir='ltr'>exemplo</span> <span class='ocrx_word' id='word_1_330' title='bbox 706 2416 793 2439; x_wconf 89' lang='lat' dir='ltr'>meo</span> <span class='ocrx_word' id='word_1_331' title='bbox 815 2402 1093 2452; x_wconf 79' lang='lat' dir='ltr'>Herwagianae</span> <span class='ocrx_word' id='word_1_332' title='bbox 1123 2403 1296 2439; x_wconf 88' lang='lat' dir='ltr'>desidero</span> <span class='ocrx_word' id='word_1_333' title='bbox 1326 2411 1595 2452; x_wconf 84' lang='lat' dir='ltr'>argumentum</span> 
     </span>
     <span class='ocr_line' id='line_1_37' title="bbox 82 2468 1594 2517; baseline 0 -14"><span class='ocrx_word' id='word_1_334' title='bbox 82 2469 264 2504; x_wconf 86' lang='lat' dir='ltr'>orationis</span> <span class='ocrx_word' id='word_1_335' title='bbox 290 2469 328 2504; x_wconf 90' lang='lat' dir='ltr'>in</span> <span class='ocrx_word' id='word_1_336' title='bbox 350 2469 649 2517; x_wconf 80' lang='lat' dir='ltr'>Aristogitonem</span> <span class='ocrx_word' id='word_1_337' title='bbox 680 2469 838 2516; x_wconf 84' lang='lat' dir='ltr'>primae,</span> <span class='ocrx_word' id='word_1_338' title='bbox 864 2469 964 2515; x_wconf 89' lang='lat' dir='ltr'>quod</span> <span class='ocrx_word' id='word_1_339' title='bbox 994 2468 1033 2503; x_wconf 89' lang='lat' dir='ltr'>in</span> <span class='ocrx_word' id='word_1_340' title='bbox 1055 2468 1195 2503; x_wconf 81' lang='lat' dir='ltr'>Aldina</span> <span class='ocrx_word' id='word_1_341' title='bbox 1221 2468 1315 2504; x_wconf 88' lang='lat' dir='ltr'>torni</span> <span class='ocrx_word' id='word_1_342' title='bbox 1344 2468 1457 2516; x_wconf 89' lang='lat' dir='ltr'>primi</span> <span class='ocrx_word' id='word_1_343' title='bbox 1486 2468 1594 2516; x_wconf 85' lang='lat' dir='ltr'>pagi-</span> 
     </span>
     <span class='ocr_line' id='line_1_38' title="bbox 85 2531 1595 2580; baseline -0.001 -12"><span class='ocrx_word' id='word_1_344' title='bbox 85 2546 171 2568; x_wconf 86' lang='lat' dir='ltr'>nam</span> <span class='ocrx_word' id='word_1_345' title='bbox 192 2533 367 2568; x_wconf 87' lang='lat' dir='ltr'>ultimam</span> <span class='ocrx_word' id='word_1_346' title='bbox 394 2533 540 2580; x_wconf 86' lang='lat' dir='ltr'>implet.</span> <span class='ocrx_word' id='word_1_347' title='bbox 601 2533 780 2573; x_wconf 74' lang='lat' dir='ltr'>Videant,</span> <span class='ocrx_word' id='word_1_348' title='bbox 804 2532 940 2579; x_wconf 88' lang='lat' dir='ltr'>quibus</span> <span class='ocrx_word' id='word_1_349' title='bbox 969 2540 1025 2567; x_wconf 87' lang='lat' dir='ltr'>est</span> <span class='ocrx_word' id='word_1_350' title='bbox 1048 2531 1326 2579; x_wconf 81' lang='lat' dir='ltr'>Herwagianae</span> <span class='ocrx_word' id='word_1_351' title='bbox 1355 2532 1479 2579; x_wconf 90' lang='lat' dir='ltr'>copia,</span> <span class='ocrx_word' id='word_1_352' title='bbox 1502 2545 1595 2567; x_wconf 89' lang='lat' dir='ltr'>num</span> 
     </span>
     <span class='ocr_line' id='line_1_39' title="bbox 82 2595 1593 2645; baseline -0.001 -13"><span class='ocrx_word' id='word_1_353' title='bbox 82 2597 121 2632; x_wconf 87' lang='lat' dir='ltr'>in</span> <span class='ocrx_word' id='word_1_354' title='bbox 142 2599 218 2632; x_wconf 86' lang='lat' dir='ltr'>suis</span> <span class='ocrx_word' id='word_1_355' title='bbox 238 2597 420 2644; x_wconf 77' lang='lat' dir='ltr'>exemplis</span> <span class='ocrx_word' id='word_1_356' title='bbox 441 2609 539 2644; x_wconf 88' lang='lat' dir='ltr'>pone</span> <span class='ocrx_word' id='word_1_357' title='bbox 560 2610 594 2645; x_wconf 91' lang='lat' dir='ltr'>p.</span> <span class='ocrx_word' id='word_1_358' title='bbox 610 2608 700 2644; x_wconf 84' lang='lat'>532.</span> <span class='ocrx_word' id='word_1_359' title='bbox 721 2596 815 2631; x_wconf 86' lang='lat' dir='ltr'>illud</span> <span class='ocrx_word' id='word_1_360' title='bbox 836 2604 1105 2644; x_wconf 82' lang='lat' dir='ltr'>argumentum</span> <span class='ocrx_word' id='word_1_361' title='bbox 1126 2596 1309 2631; x_wconf 85' lang='lat' dir='ltr'>habeant:</span> <span class='ocrx_word' id='word_1_362' title='bbox 1334 2607 1420 2630; x_wconf 90' lang='lat' dir='ltr'>meo</span> <span class='ocrx_word' id='word_1_363' title='bbox 1439 2595 1593 2642; x_wconf 88' lang='lat' dir='ltr'>quidem</span> 
     </span>
     <span class='ocr_line' id='line_1_40' title="bbox 83 2659 1594 2709; baseline -0.001 -13"><span class='ocrx_word' id='word_1_364' title='bbox 83 2662 201 2702; x_wconf 88' lang='lat' dir='ltr'>deest,</span> <span class='ocrx_word' id='word_1_365' title='bbox 222 2661 352 2696; x_wconf 84' lang='lat' dir='ltr'>nescio</span> <span class='ocrx_word' id='word_1_366' title='bbox 373 2659 579 2709; x_wconf 82' lang='lat' dir='ltr'>bibliopegi</span> <span class='ocrx_word' id='word_1_367' title='bbox 600 2661 725 2708; x_wconf 84' lang='lat' dir='ltr'>culpa,</span> <span class='ocrx_word' id='word_1_368' title='bbox 749 2672 796 2695; x_wconf 87' lang='lat' dir='ltr'>an</span> <span class='ocrx_word' id='word_1_369' title='bbox 828 2660 944 2706; x_wconf 83' lang='lat' dir='ltr'>ipsius</span> <span class='ocrx_word' id='word_1_370' title='bbox 974 2660 1214 2708; x_wconf 76' lang='lat' dir='ltr'>typographi.</span> <span class='ocrx_word' id='word_1_371' title='bbox 1275 2659 1407 2694; x_wconf 79' lang='lat' dir='ltr'>Finem</span> <span class='ocrx_word' id='word_1_372' title='bbox 1429 2659 1594 2706; x_wconf 87' lang='lat' dir='ltr'>denique</span> 
     </span>
     <span class='ocr_line' id='line_1_41' title="bbox 82 2722 1593 2773; baseline -0.001 -14"><span class='ocrx_word' id='word_1_373' title='bbox 82 2724 173 2761; x_wconf 90' lang='lat' dir='ltr'>facit</span> <span class='ocrx_word' id='word_1_374' title='bbox 193 2725 304 2773; x_wconf 85' lang='lat' dir='ltr'>hujus</span> <span class='ocrx_word' id='word_1_375' title='bbox 324 2723 501 2759; x_wconf 88' lang='lat' dir='ltr'>editionis</span> <span class='ocrx_word' id='word_1_376' title='bbox 522 2723 670 2771; x_wconf 79' lang='lat' dir='ltr'>farrago</span> <span class='ocrx_word' id='word_1_377' title='bbox 691 2724 879 2770; x_wconf 85' lang='lat' dir='ltr'>quaedam</span> <span class='ocrx_word' id='word_1_378' title='bbox 900 2724 1194 2758; x_wconf 84' lang='lat' dir='ltr'>annotationum</span> <span class='ocrx_word' id='word_1_379' title='bbox 1218 2735 1237 2758; x_wconf 89' lang='lat' dir='ltr'>e</span> <span class='ocrx_word' id='word_1_380' title='bbox 1259 2722 1402 2757; x_wconf 84' lang='lat' dir='ltr'>Budaei</span> <span class='ocrx_word' id='word_1_381' title='bbox 1429 2722 1593 2758; x_wconf 74' lang='lat' dir='ltr'>maxime</span> 
     </span>
     <span class='ocr_line' id='line_1_42' title="bbox 83 2785 1590 2834; baseline -0.002 -11"><span class='ocrx_word' id='word_1_382' title='bbox 83 2787 472 2823; x_wconf 86' lang='lat' dir='ltr'>commentationibus</span> <span class='ocrx_word' id='word_1_383' title='bbox 499 2786 545 2822; x_wconf 89' lang='lat' dir='ltr'>de</span> <span class='ocrx_word' id='word_1_384' title='bbox 566 2788 661 2822; x_wconf 85' lang='lat' dir='ltr'>Asse</span> <span class='ocrx_word' id='word_1_385' title='bbox 683 2794 721 2822; x_wconf 88' lang='lat' dir='ltr'>et</span> <span class='ocrx_word' id='word_1_386' title='bbox 741 2787 780 2821; x_wconf 86' lang='lat' dir='ltr'>in</span> <span class='ocrx_word' id='word_1_387' title='bbox 802 2786 1015 2822; x_wconf 88' lang='lat' dir='ltr'>Pandeetas</span> <span class='ocrx_word' id='word_1_388' title='bbox 1045 2794 1218 2829; x_wconf 85' lang='lat' dir='ltr'>consuta,</span> <span class='ocrx_word' id='word_1_389' title='bbox 1241 2785 1365 2821; x_wconf 81' lang='lat' dir='ltr'>studio</span> <span class='ocrx_word' id='word_1_390' title='bbox 1396 2785 1590 2834; x_wconf 88' lang='lat' dir='ltr'>cujusdam</span> 
     </span>
     <span class='ocr_line' id='line_1_43' title="bbox 82 2849 1592 2898; baseline -0.003 -10"><span class='ocrx_word' id='word_1_391' title='bbox 82 2853 241 2892; x_wconf 88' lang='lat' dir='ltr'>Ruberi‚</span> <span class='ocrx_word' id='word_1_392' title='bbox 265 2852 310 2887; x_wconf 90' lang='lat' dir='ltr'>de</span> <span class='ocrx_word' id='word_1_393' title='bbox 332 2864 407 2898; x_wconf 90' lang='lat' dir='ltr'>quo</span> <span class='ocrx_word' id='word_1_394' title='bbox 429 2852 524 2886; x_wconf 87' lang='lat' dir='ltr'>haec</span> <span class='ocrx_word' id='word_1_395' title='bbox 554 2850 749 2898; x_wconf 84' lang='lat' dir='ltr'>praedicat</span> <span class='ocrx_word' id='word_1_396' title='bbox 769 2850 940 2885; x_wconf 86' lang='lat' dir='ltr'>Joannes</span> <span class='ocrx_word' id='word_1_397' title='bbox 961 2850 1154 2897; x_wconf 87' lang='lat' dir='ltr'>Oporinus</span> <span class='ocrx_word' id='word_1_398' title='bbox 1184 2850 1221 2884; x_wconf 89' lang='lat' dir='ltr'>in</span> <span class='ocrx_word' id='word_1_399' title='bbox 1253 2849 1516 2885; x_wconf 88' lang='lat' dir='ltr'>admonitione</span> <span class='ocrx_word' id='word_1_400' title='bbox 1545 2849 1592 2885; x_wconf 90' lang='lat' dir='ltr'>ad</span> 
     </span>
     <span class='ocr_line' id='line_1_44' title="bbox 81 2904 1591 2963; baseline -0.002 -11"><span class='ocrx_word' id='word_1_401' title='bbox 81 2917 256 2957; x_wconf 86' lang='lat' dir='ltr'>lectores,</span> <span class='ocrx_word' id='word_1_402' title='bbox 280 2928 377 2963; x_wconf 90' lang='lat' dir='ltr'>quae</span> <span class='ocrx_word' id='word_1_403' title='bbox 400 2904 572 2950; x_wconf 77' lang='lat' dir='ltr'>&#39;ultimam</span> <span class='ocrx_word' id='word_1_404' title='bbox 601 2914 726 2962; x_wconf 83' lang='lat' dir='ltr'>operis</span> <span class='ocrx_word' id='word_1_405' title='bbox 756 2914 934 2962; x_wconf 81' lang='lat' dir='ltr'>paginam</span> <span class='ocrx_word' id='word_1_406' title='bbox 962 2914 1119 2960; x_wconf 86' lang='lat' dir='ltr'>implet:</span> <span class='ocrx_word' id='word_1_407' title='bbox 1155 2919 1177 2934; x_wconf 92' lang='lat'><strong>“</strong></span> <span class='ocrx_word' id='word_1_408' title='bbox 1196 2914 1351 2949; x_wconf 82' lang='lat' dir='ltr'>Utinam</span> <span class='ocrx_word' id='word_1_409' title='bbox 1373 2912 1459 2949; x_wconf 87' lang='lat' dir='ltr'>fatis</span> <span class='ocrx_word' id='word_1_410' title='bbox 1479 2913 1591 2949; x_wconf 86' lang='lat' dir='ltr'>Jaco-</span> 
     </span>
    </p>
   </div>
  </div>
 </body>
</html>
