1935 3205
676 163 1075 201 PRAEFA'FH).
1520 181 1624 204 xxxi*

117 266 306 316 leguntur.
368 269 510 303 l'rimus
538 282 600 304 eus
623 270 658 304 in
682 278 757 305 tres
785 279 907 305 tomos
935 283 1000 306 seu
1023 270 1159 306 class-cs
1188 271 1378 306 distribuit
1403 272 1625 310 Felicianus,

116 344 229 378 quem
252 332 420 367 imitatus
442 341 496 368 est
522 333 658 369 Paulus
680 335 889 369 Manutius.
944 335 1066 370 l'rinia
1087 335 1216 370 classis
1239 344 1342 371 tenet
1363 336 1625 383 Olynthiacas,

115 394 357 443 Philippicas,
380 397 578 438 suasorias,
603 398 809 445 prooemia,
833 407 867 433 et
897 398 988 434 duas
1016 400 1305 440 ostensionales,
1329 401 1454 447 operis
1483 412 1625 447 appen-

113 459 292 496 diculam.
342 460 542 496 Secundus
564 469 688 497 tomus
711 470 816 498 tenet
837 463 999 510 publicis
1022 464 1058 498 in
1084 465 1225 499 caussis
1247 463 1378 503 dictas,
1401 476 1494 511 quas
1514 476 1627 510 supra

112 524 384 559 recensuimus.
440 524 590 560 Tertius
621 526 786 572 reliquas
816 540 961 562 omnes.
1022 527 1131 562 &Vols
1160 536 1288 563 autem
1324 529 1370 563 ab
1401 529 1471 563 hac
1502 527 1625 563 distri-

113 587 269 623 butione
301 587 448 623 duabus
478 589 514 623 in
546 590 659 624 rebus
689 590 872 625 discessit.
938 603 968 626 1.
992 591 1022 625 E
1052 591 1199 627 duabus
1230 600 1364 626 contra
1391 591 1626 627 Aeschinem

111 651 360 693 orationibus,
385 664 481 699 quae
512 653 548 687 in
580 653 664 688 edd.
688 653 870 689 Bernardi
902 663 939 689 ct
962 653 1066 689 Pauli
1097 668 1182 702 pars
1212 657 1305 691 tomi
1337 655 1494 691 secundi
1525 664 1624 696 sunt,

111 723 258 750 tomum
280 715 527 763 peculiarem,
551 729 710 752 numero
731 717 954 758 secundum,
977 718 1078 759 fecit,
1102 719 1239 754 additis
1260 720 1464 755 Aeschinis
1486 721 1623 755 oratio·
1642 733 1748 755 xxxii

110 779 234 814 nibus
293 780 401 823 Quae
430 788 557 816 autem
584 781 620 815 in
651 781 734 816 edd.
760 781 874 816 Bern.
899 790 935 817 et
958 782 1062 817 Pauli
1088 782 1234 830 reliqua
1258 783 1415 819 secundi
1441 784 1534 819 tomi
1556 784 1623 819 im-

110 843 269 890 plebant
297 844 501 885 orationes,
527 852 568 879 ut
598 844 797 892 Leptinea‚
825 845 1011 886 Midiana,
1036 846 1210 887 Androt.,
1234 848 1475 888 Aristocrat.,
1497 848 1624 883 Timo-

110 914 218 949 crat.,
240 906 509 955 Aristogiton„
533 908 606 943 illis
629 908 738 944 Wolf
763 909 917 944 tertium
947 918 1093 945 tomum
1126 922 1190 945 seu
1218 909 1377 947 classem
1406 911 1623 959 assignavit,

110 982 185 1018 quo
212 970 368 1011 factum,
390 978 443 1013 ut,
467 984 564 1018 quae
592 972 630 1007 in
659 972 743 1008 edd.
766 972 879 1008 Felic.
905 981 941 1008 et
966 973 1006 1008 P.
1026 974 1192 1008 Manutii
1219 982 1319 1009 esset
1343 975 1454 1010 tertia
1481 975 1623 1016 classis,

109 1046 155 1070 ea
174 1037 254 1083 jam
281 1035 318 1070 in
347 1035 406 1071 ed.
428 1035 618 1071 VVolfiana
646 1036 693 1071 sit
714 1045 861 1083 quarta.
922 1036 996 1073 Sed
1028 1046 1065 1073 et
1096 1050 1141 1072 ex
1173 1038 1243 1073 hac
1269 1046 1462 1085 postrema
1491 1039 1623 1079 classe,

110 1110 208 1145 quae
229 1107 287 1134 est
309 1099 539 1147 privatarum
562 1113 795 1140 caussarum,
819 1109 895 1136 tres
917 1102 1108 1137 orationes
1129 1101 1239 1137 Wolf
1257 1103 1450 1137 transtulit
1471 1103 1508 1137 in
1531 1102 1624 1138 clas<

108 1174 188 1198 sem
210 1163 293 1198 aliis
315 1163 492 1204 mediam,
514 1164 584 1199 sibi
605 1165 770 1207 tertiam,
790 1165 982 1201 orationes
1003 1174 1095 1212 puta
1116 1166 1154 1201 in
1177 1165 1418 1207 Eubulidem,
1441 1167 1478 1201 in
1500 1167 1623 1202 Theo-

109 1227 253 1264 crinem
276 1236 313 1263 et
338 1228 376 1263 in
398 1229 603 1271 Neaeram,
627 1229 727 1276 quod
756 1231 819 1264 eas
845 1230 1038 1265 orationes
1066 1229 1239 1265 crederet
1266 1242 1341 1265 non
1365 1231 1531 1277 privatas
1559 1231 1623 1266 sed

109 1291 278 1340 publicas
300 1305 451 1327 caussas
475 1293 632 1340 agitare.
694 1305 726 1327 2.
748 1293 872 1328 Tomo
893 1293 1015 1340 primo
1037 1293 1252 1333 admiscuit,
1274 1302 1425 1341 praeter
1446 1295 1624 1341 epistolas

108 1356 379 1392 Demosthenis
409 1364 447 1391 et
476 1357 685 1397 Aeschinis,
717 1357 831 1392 etiam
862 1358 1075 1392 orationem
1109 1357 1288 1392 Dinarchi
1323 1358 1361 1392 in
1394 1358 1620 1394 Demosthe-

107 1432 211 1455 nem.
268 1420 389 1455 Tomo
420 1420 586 1456 secundo
614 1420 826 1456 orationem
857 1433 925 1468 pro
955 1433 1108 1462 corona,
1140 1433 1237 1468 quae
1267 1421 1305 1456 in
1336 1421 1418 1456 aliis
1446 1423 1623 1458 omnibus

107 1484 339 1519 editionibus
369 1483 561 1519 antecedit
590 1484 693 1519 illam
722 1484 768 1520 de
798 1483 891 1519 falsa
919 1484 1122 1533 legatione,
1147 1484 1235 1520 huic
1260 1485 1371 1520 Wolf
1395 1487 1620 1534 postposuit.

107 1546 302 1594 Opuscula
321 1547 490 1594 quinque
517 1547 588 1582 hoc
616 1547 783 1582 secundo
812 1556 916 1582 tomo
941 1547 1132 1582 &Volfiano
1159 1548 1339 1584 conclusa
1365 1549 1461 1584 istoc
1489 1549 1621 1585 ordine

106 1622 188 1646 sese
215 1619 503 1658 consequuntur
524 1626 529 1645 ;
569 1623 598 1646 1.
622 1611 819 1646 Aeschinis
846 1624 899 1646 or.
922 1611 958 1646 in
981 1611 1226 1646 Timarchum
1245 1627 1253 1653 ;
1288 1624 1319 1647 2.
1341 1612 1621 1649 Demosthenes

106 1673 153 1710 de
179 1673 273 1710 falsa
298 1675 489 1724 legatione
515 1675 552 1710 in
574 1675 804 1710 Aeschinem
825 1691 833 1716 3
865 1687 900 1721 3.
924 1676 1035 1724 hujus
1062 1676 1243 1711 adversus
1272 1676 1380 1711 illum
1409 1689 1523 1725 super
1549 1678 1620 1712 hoc

105 1738 265 1774 crimine
292 1738 489 1783 defensio,
523 1751 560 1784 4.
583 1751 711 1774 rursus
733 1739 901 1788 ejusdem
931 1739 1052 1774 oratio
1073 1739 1110 1774 in
1133 1739 1424 1787 Ctesiphontem
1448 1749 1486 1776 et
1512 1754 1619 1776 coro-

106 1814 193 1837 nam
213 1818 221 1843 ;
253 1802 407 1838 tandem
430 1811 467 1850 5.
490 1803 759 1839 Demosthenis
781 1803 902 1838 oratio
931 1816 998 1850 pro
1021 1802 1274 1850 Ctesiphonte
1296 1816 1373 1845 seu,
1396 1805 1497 1851 quod
1519 1805 1618 1840 idem

106 1874 174 1909 est,
197 1879 264 1914 pro
291 1879 443 1903 corona.
500 1867 621 1903 Tomo
643 1875 779 1914 quarto
806 1867 1000 1916 subjectus
1029 1875 1087 1903 est
1115 1867 1231 1902 index
1257 1867 1295 1902 in
1317 1868 1617 1904 Demosthenem

105 1938 143 1966 et
170 1930 415 1966 Aeschinem.
475 1931 623 1980 Singuli
659 1931 799 1979 quique
835 1931 927 1966 tomi
963 1931 1039 1966 suis
1073 1931 1372 1978 praefationibus
1407 1933 1568 1979 propriis
1599 1945 1619 1967 a

104 1994 245 2030 Wolfio
284 2002 373 2030 sunt
406 1995 597 2031 instructi.
653 1995 799 2039 Quinto
834 2004 950 2035 tomo,
988 1994 1053 2042 qui
1090 1994 1297 2042 Ulpianum
1338 1995 1617 2044 complectitur,

103 2058 272 2106 praefixa
299 2058 486 2106 praefatio
516 2060 657 2106 scripta
686 2067 743 2095 est
773 2058 853 2094 Cal.
876 2059 1027 2094 Martiis
1056 2068 1163 2105 1550.
1222 2058 1403 2094 Clausula
1431 2060 1619 2108 interpre-

103 2122 259 2157 tationis
279 2122 440 2158 Latinae
466 2135 503 2170 p.
530 2134 615 2168 243.
638 2123 732 2158 haec
757 2122 998 2157 est.—-Initio
1027 2121 1320 2158 annotationum
1343 2123 1387 2158 ad
1410 2123 1617 2171 Ulpianum

105 2185 217 2221 Wolf
238 2185 291 2221 ait
310 2198 346 2233 p.
372 2196 458 2231 244.
482 2198 545 2221 eas
565 2198 586 2221 a
615 2198 654 2222 se
675 2186 834 2233 scriptas
856 2198 936 2221 esse
964 2198 1066 2221 anno
1094 2184 1208 2232 1566.
1266 2186 1448 2223 Sedcum
1470 2187 1618 2223 interea

103 2249 292 2296 prodisset
312 2249 429 2285 editio
451 2249 632 2290 Parisina,
655 2249 693 2284 in
715 2262 790 2297 qua
811 2249 965 2297 Ulpiani
986 2250 1132 2286 scholia
1151 2251 1273 2287 multo
1297 2258 1386 2286 sunt
1407 2251 1618 2298 antiquitus

103 2312 215 2348 editis
243 2312 508 2360 locupletiora,
536 2313 622 2354 illis,
645 2325 743 2360 quae
772 2313 998 2349 reddidisset
1027 2314 1134 2350 Wolf
1157 2314 1195 2350 in
1226 2327 1295 2350 sua
1324 2315 1504 2356 editione,
1532 2315 1617 2350 ideo

102 2376 340 2412 accessiones
360 2376 441 2412 illas
461 2389 594 2413 omnes
615 2377 793 2413 editionis
814 2377 1003 2413 Parisinae
1025 2379 1182 2414 seorsim
1204 2379 1341 2415 excudi
1362 2379 1510 2414 curavit
1529 2391 1616 2414 cum

102 2440 241 2476 Latina
260 2453 328 2476 sua
350 2441 668 2489 interpretatione
696 2453 718 2476 a
742 2453 779 2488 p.
803 2441 890 2477 262.
913 2441 959 2476 ad
988 2454 1023 2489 p.
1047 2453 1136 2488 300.
1192 2442 1334 2478 Tomus
1354 2442 1421 2477 VI.
1441 2455 1614 2490 compre-

101 2503 234 2540 hendit
252 2503 383 2539 Wolfii
402 2504 641 2552 aliorumque
661 2504 708 2540 ad
729 2505 931 2540 Demosth.
952 2505 1221 2541 annotationes
1243 2514 1280 2542 et
1298 2505 1445 2554 sylvam
1467 2506 1615 2541 varian-
1630 2522 1758 2546 xxx111

101 2566 198 2603 tium
218 2566 426 2603 lectionum
453 2568 694 2617 indigestam.
751 2568 835 2603 Fini
862 2568 1157 2604 annotationum
1178 2581 1329 2605 suarum
1352 2570 1398 2604 ad
1425 2569 1615 2605 orationes

101 2631 370 2667 Demosthenis
391 2640 429 2668 et
448 2632 654 2668 Aeschinis
679 2632 912 2668 adversarias
933 2631 1072 2680 adjecit
1091 2632 1203 2668 Wolf
1217 2633 1375 2669 schedas
1396 2632 1612 2681 Scrimgeri,

102 2694 148 2730 de
169 2695 306 2742 quibus
331 2695 490 2743 exponit
511 2708 549 2743 p.
570 2707 655 2731 102.
714 2696 758 2731 In
778 2696 855 2731 fine
884 2696 1179 2731 annotationum
1201 2696 1246 2731 ad
1269 2704 1414 2731 tomum
1437 2704 1613 2743 quartum

100 2769 137 2804 p.
156 2769 242 2804 137.
265 2757 413 2794 Graeca
434 2758 605 2794 clausula
624 2766 798 2800 testatur,
820 2771 883 2794 eas
904 2758 1096 2794 absolutas
1119 2771 1199 2794 esse
1227 2772 1328 2794 anno
1354 2759 1466 2807 1569.
1489 2761 1614 2805 θαργη-

101 2823 223 2856 λιῶνος
249 2825 436 2866 μεσοῦντος
466 2822 518 2867 (h.
541 2834 573 2857 e.
597 2823 802 2871 Augusto).
861 2822 900 2857 P.
929 2832 1012 2867 143.
1043 2821 1233 2870 incipiunt
1263 2823 1542 2872 Castigationes
1572 2836 1616 2859 ac.

102 2884 275 2920 diversae
308 2885 494 2921 lectiones
523 2886 561 2920 in
596 2885 788 2920 orationes
817 2884 1088 2920 Demosthenis
1118 2897 1185 2932 per
1214 2886 1460 2922 vincentium
1490 2886 1616 2922 Obso-

103 2960 256 2995 poeum,
286 2949 510 2985 vetustissimi
540 2948 721 2994 cujusdam
753 2948 965 2995 efflnplaris
995 2951 1144 2985 subsidio
1175 2951 1352 2992 collectae,
1380 2964 1448 2987 non
1476 2956 1613 2986 tantum

826 3026 844 3048 c
871 3025 886 3048 2
