1914 3184
217 127 270 167 liv
846 130 1107 170 REISKII

274 235 356 270 Hae
378 243 466 270 sunt
487 236 619 283 copiae
648 236 821 272 codicum
845 236 1059 279 MStorum,
1082 249 1178 284 quae
1199 237 1297 272 hanc
1325 237 1415 272 mihi
1438 237 1645 274 editionem
1668 238 1734 274 ad-

220 300 371 334 ornanti
393 299 438 335 ad
461 312 596 335 manus
616 299 732 335 fuere.
792 299 993 349 Sigillatim
1018 313 1119 336 nunc
1145 313 1274 336 eorum
1299 313 1489 349 quemque
1511 302 1732 338 describam.

917 420 948 460 ξ,
985 427 1037 462 ι7.

756 491 815 525 De
840 491 1047 538 Auyustcmo
1066 492 1198 537 primo.

272 566 332 601 Ab
364 567 588 614 Augustano
619 566 753 613 primo,
786 566 956 601 omnium
988 566 1240 607 nobilissimo,
1272 567 1423 602 initium
1456 568 1593 603 merito
1620 568 1731 609 facio,

219 631 281 677 qui
313 629 413 676 quod
444 641 546 664 nunc
577 629 668 663 mibi
700 629 745 664 ad
778 641 914 664 manus
943 642 1021 664 non
1053 630 1100 665 sit
1129 630 1280 666 codices
1312 644 1418 666 meos
1448 633 1673 674 recensenti,
1696 633 1734 668 id

216 706 308 729 vero
335 694 372 728 in
394 693 525 740 primis
552 705 664 742 aegre
694 692 787 729 fero.
845 693 1036 741 Quicquid
1067 694 1169 730 enim
1197 694 1244 731 dc
1274 707 1319 730 eo
1346 695 1481 736 dicam,
1504 708 1523 731 e
1551 696 1736 732 memoria

140 770 203 792 LXI
217 756 471 805 repetendum
493 764 563 797 est,
586 769 683 804 quae
703 757 807 793 fluxa
827 765 864 793 et
882 757 1006 793 labilis
1027 766 1095 793 est.
1154 758 1282 794 Codex
1305 767 1362 794 est
1380 759 1456 801 ille,
1478 760 1542 807 qui
1562 759 1601 795 in
1621 761 1734 796 Cata-

217 822 305 870 logo
338 821 583 870 Ehingerano
618 834 653 868 p.
677 822 764 869 763.
794 822 833 857 in
866 822 1115 858 Reusnerano
1145 835 1181 870 p.
1206 824 1264 870 78.
1296 836 1334 858 n.
1361 834 1393 860 2.
1428 823 1482 859 sic
1516 832 1735 860 recensetur

220 885 470 920 Demosthenis
489 885 597 920 codex
621 890 720 920 vetus
740 898 816 921 cum
841 886 1099 921 commentariis
1122 887 1278 933 Ulpiani,
1300 888 1363 922 sed
1387 887 1466 922 hinc
1490 888 1570 923 inde
1593 889 1736 924 mutilus

218 955 251 985 et
272 950 362 984 lectu
389 949 551 998 difficilis.
610 949 755 985 Eadem
782 961 904 997 paene
931 950 1071 997 scripta
1097 958 1206 985 erant
1225 963 1247 985 a
1273 951 1403 986 nescio
1430 954 1536 1000 cujus
1558 964 1675 987 manu
1694 952 1733 987 in

219 1013 342 1061 primo
368 1013 460 1048 folio
488 1013 590 1048 illius
617 1012 770 1054 codicis,
793 1025 879 1048 cum
911 1013 1074 1048 absurda
1099 1021 1136 1049 et
1164 1013 1418 1062 ignominiosa
1444 1015 1515 1050 bac
1544 1023 1649 1056 nota,
1676 1016 1737 1063 qui

221 1077 371 1112 codicem
391 1077 480 1112 hunc
499 1082 641 1118 tractet,
657 1089 728 1123 pro
748 1076 915 1111 thesauro
935 1077 1103 1112 carbones
1118 1078 1347 1113 inventurum.
1384 1078 1493 1122 Quae
1514 1078 1734 1126 quicunque

221 1140 382 1188 scripsit,
413 1152 645 1188 quamquam
679 1152 825 1180 vereor,
857 1152 904 1175 ne
937 1140 1096 1175 wolfius
1129 1141 1209 1188 ipse
1249 1142 1452 1188 scripserit,
1484 1154 1556 1177 nae
1589 1142 1620 1177 is
1654 1142 1734 1190 ipse

221 1213 343 1240 semet
372 1203 572 1239 infamavit
599 1212 634 1238 et
665 1203 864 1238 stultitiam
893 1216 999 1238 suam
1031 1204 1250 1246 denudavit,
1273 1204 1318 1239 de
1348 1205 1460 1240 rebus
1489 1206 1735 1253 incompertis

221 1275 365 1302 temere
380 1268 569 1316 judicans,
592 1276 629 1303 et
650 1280 695 1303 ea
715 1268 879 1307 elevans,
899 1281 1060 1315 quorum
1082 1268 1355 1316 praestantiam
1375 1269 1455 1316 ipse
1477 1281 1544 1304 suo
1565 1282 1636 1304 usu
1656 1282 1733 1304 non

221 1331 426 1366 didicisset.
484 1331 616 1367 Codex
639 1340 695 1366 est
716 1331 750 1366 in
774 1340 909 1379 quarto
930 1344 1053 1379 paene
1075 1332 1294 1379 quadratuS,
1315 1332 1467 1380 spissus,
1490 1340 1592 1368 totus
1615 1346 1733 1368 mem-

220 1395 443 1435 branaceus,
467 1402 505 1430 et
525 1395 571 1430 ab
594 1396 725 1431 eadem
748 1408 876 1437 manu,
898 1395 927 1430 si
949 1396 1080 1431 decem
1103 1395 1193 1431 folia
1214 1396 1407 1443 exceperis
1428 1408 1450 1431 a
1469 1408 1584 1431 mann
1603 1408 1736 1432 recen-

219 1459 316 1493 tiore
350 1459 537 1506 suppleta‚
568 1467 756 1499 exaratus
788 1460 953 1499 saeculo,
984 1468 1024 1494 ut
1056 1459 1147 1494 mihi
1177 1459 1339 1500 videtur,
1369 1472 1424 1494 10.
1446 1469 1511 1495 aut
1538 1472 1592 1496 ιι.
1615 1460 1735 1496 literis

220 1522 439 1571 majoribus,
465 1523 567 1558 lectu
598 1523 798 1563 facillimis,
822 1523 1042 1571 perspicuis,
1066 1523 1307 1573 planissimis,
1330 1536 1406 1559 non
1437 1523 1567 1559 multis
1596 1523 1732 1559 abbre-

220 1586 389 1621 viaturis.
448 1586 649 1622 Simillima
680 1595 736 1622 est
766 1587 954 1635 scriptura
981 1587 1092 1636 hujus
1122 1587 1263 1622 codicis
1284 1587 1497 1637 Augustani
1528 1587 1734 1635 scripturae

219 1650 361 1685 codicis
390 1650 502 1692 illius,
533 1654 638 1700 cujus
670 1659 832 1699 ectypon
865 1651 942 1687 aeri
971 1652 1132 1686 incisum
1165 1652 1367 1687 exhibetur
1395 1665 1430 1699 p.
1452 1652 1499 1686 vi.
1558 1650 1735 1699 Catalogi

220 1713 421 1749 MStorum
463 1714 724 1750 Bibliothecae
754 1715 929 1751 Venetae
968 1716 1012 1750 D.
1044 1715 1180 1756 Marci,
1222 1728 1258 1750 n.
1290 1728 1352 1762 94.
1393 1714 1483 1750 item
1523 1715 1733 1763 scripturae

220 1777 361 1813 codicis
382 1778 544 1813 Nicetae
566 1778 877 1827 Chirurgicorum
898 1779 1076 1818 Medicei‚
1098 1779 1199 1814 unde
1219 1779 1412 1814 Antonius
1434 1779 1621 1814 Cocchius
1649 1791 1734 1827 spe..

220 1842 345 1877 cimen
381 1842 458 1877 aeri
492 1842 656 1877 incisum
697 1843 870 1878 exhibuit
902 1843 939 1878 in
977 1842 1100 1878 fronte
1135 1843 1445 1892 Chirurgicorum
1483 1843 1733 1886 Graecorum,

219 1918 373 1953 prorsus
401 1905 533 1941 eadem
558 1905 678 1942 forma
700 1915 737 1942 et
764 1907 988 1955 magnitudo
1015 1906 1223 1948 literarum,
1245 1913 1359 1954 atque
1386 1907 1424 1942 in
1447 1906 1609 1948 Niceta;
1640 1907 1734 1942 item

220 1969 491 2017 speciminibus
513 1982 559 2005 ex
588 1983 675 2006 aere
701 1971 848 2006 caelato
874 1971 1059 2018 expressis
1081 1970 1253 2020 Catalogi
1275 1971 1474 2006 MStorum
1498 1971 1733 2006 Graecorum

220 2033 486 2069 Mediceorum
516 2047 538 2068 a
568 2034 757 2070 Bandinio
793 2035 896 2075 editi,
927 2034 1037 2069 Tomi
1071 2034 1182 2082 primi
1218 2034 1371 2070 tabulae
1404 2035 1539 2070 tertiae
1572 2047 1675 2070 num.
1701 2046 1734 2070 2.

220 2097 372 2132 tabulae
408 2105 564 2144 quartae
600 2112 635 2133 11.
673 2111 704 2134 2.
738 2098 892 2134 tabulae
926 2106 1057 2134 sextae
1093 2111 1129 2133 n.
1161 2108 1195 2146 5.
1232 2107 1273 2133 ut
1306 2098 1379 2133 alia
1415 2107 1561 2134 taceam
1597 2099 1737 2134 similia

220 2161 429 2206 specimina
459 2173 503 2196 ex
535 2174 621 2197 aere
652 2174 843 2209 expressa,
866 2175 963 2209 quae
993 2162 1082 2197 olim
1115 2162 1320 2209 aliquando
1347 2161 1421 2197 vidi
1453 2163 1604 2210 passim,
1626 2171 1667 2198 ut
1696 2163 1734 2198 in

221 2223 487 2272 Evangeliario
519 2225 757 2272 quadruplici
790 2226 1003 2261 Blanchini.
1062 2225 1247 2261 Continet
1281 2238 1401 2273 paene
1436 2234 1558 2261 totum
1590 2226 1735 2262 Demo-

220 2287 394 2322 sthenem
425 2295 462 2322 et
497 2289 626 2324 nescio
658 2302 704 2324 an
741 2289 831 2324 olim
867 2289 1034 2325 tenuerit
1069 2290 1209 2329 omnia,
1242 2297 1449 2336 antequam
1482 2290 1734 2325 mutilaretur.

221 2351 454 2397 Compactus
484 2360 541 2386 est
570 2364 591 2386 a
621 2351 836 2400 bibliopego
868 2352 1111 2393 Germanico,
1145 2360 1268 2387 tectus
1299 2353 1402 2387 corio
1437 2353 1560 2393 suillo,
1588 2365 1664 2388 non
1694 2354 1732 2388 in

222 2412 380 2449 Graecia
410 2414 504 2462 ipsa,
526 2415 590 2450 sed
621 2415 783 2455 saeculo,
807 2423 847 2450 ut
874 2415 1031 2455 videtur,
1054 2415 1204 2451 decimo
1233 2424 1340 2451 sexto
1370 2415 1537 2451 demum.
1568 2416 1605 2452 id
1633 2417 1735 2464 quod

220 2484 326 2523 patet
352 2489 372 2512 e
399 2477 622 2526 trajectione
652 2478 829 2514 foliorum
858 2479 1109 2526 quorundam.
1169 2479 1320 2514 Desunt
1348 2479 1401 2514 illi
1429 2492 1464 2527 p.
1487 2490 1551 2526 92.
1574 2478 1736 2527 epistola

126 2555 206 2577 Lxu
225 2539 401 2588 Philippi,
424 2542 514 2577 621.
545 2542 582 2576 in
612 2542 852 2589 Stephanum
879 2542 1069 2578 orationes
1099 2542 1207 2578 duae.
1229 2542 1320 2588 638.
1352 2555 1405 2577 or.
1426 2543 1463 2577 in
1488 2543 1676 2592 Evergum
1698 2551 1734 2579 et

221 2603 495 2640 Mnesibulum.
517 2605 606 2650 672.
638 2618 692 2640 or.
713 2605 752 2640 in
774 2605 989 2653 Calippum.
1014 2607 1100 2652 726.
1133 2619 1185 2641 or.
1210 2606 1246 2641 in
1270 2606 1472 2641 Neaeram.
1497 2615 1583 2654 745.
1614 2607 1734 2642 oratio

222 2666 401 2703 funebris.
438 2677 524 2715 750.
564 2669 714 2704 libellus
747 2670 966 2705 amatorius.
1002 2670 1087 2717 758.
1128 2670 1334 2718 prooemia,
1372 2678 1409 2705 et
1443 2670 1609 2718 denique
1646 2680 1733 2717 777·

222 2731 417 2777 epistolae.
439 2732 543 2767 deest
569 2745 721 2780 quoque
742 2732 836 2782 Aug.
857 2733 979 2780 primo
1006 2746 1144 2782 magna
1164 2746 1250 2781 pars
1277 2733 1458 2769 orationis
1484 2734 1522 2768 in
1547 2734 1733 2769 Boeotum

223 2806 332 2841 super
362 2795 517 2830 nomine
549 2808 571 2830 a
602 2809 639 2843 p.
667 2806 756 2843 577,
784 2797 840 2831 18.
874 2797 920 2832 ad
952 2810 986 2844 p.
1010 2809 1099 2844 579,
1130 2800 1189 2832 20.
1248 2797 1307 2833 Ab
1339 2797 1448 2832 initio
1479 2798 1633 2832 mutilus
1665 2804 1732 2832 est.

224 2857 361 2905 Incipit
381 2871 403 2892 a
429 2859 627 2902 κοπτόμενοι
648 2872 680 2906 p.
705 2872 762 2905 14,
788 2871 819 2907 7.
851 2860 897 2895 ad
924 2861 1048 2894 ὀκνεῖτε
1076 2863 1196 2905 ἐξιέναι
1217 2873 1251 2907 p.
1277 2872 1332 2907 17,
1356 2872 1389 2905 4.
1413 2869 1491 2896 tun]
1518 2868 1573 2896 est
1595 2861 1733 2896 lacuna

225 2932 344 2966 usque
380 2921 424 2955 ad
460 2934 493 2967 p.
520 2932 580 2967 25,
608 2935 660 2967 ¹4·
693 2923 754 2957 ubi
791 2936 811 2957 a
843 2925 1022 2957 κατελιπον
1056 2924 1131 2959 duo
1166 2932 1253 2959 sunt
1286 2923 1374 2958 folia
1407 2923 1652 2970 procedentia
1684 2923 1731 2960 ad
