1914 3184
240 137 280 176 lx
865 129 1129 170 REISKII

152 260 226 283 Lxx
239 243 407 280 scilicet:
446 254 476 278 1.
498 248 644 289 partem
670 239 884 275 Promethei
908 236 1106 284 Aeschylei
1130 237 1268 281 (usque
1299 234 1343 270 ad
1375 246 1409 281 p.
1431 245 1495 280 43.
1520 234 1637 269 Henr.
1660 232 1745 269 Ste-

145 1964 234 1988 LXXI

240 306 373 355 phani)
397 317 483 341 cum
508 304 660 340 scholiis
689 300 994 338 interlinearibus
1016 307 1053 335 et
1075 297 1369 346 marginalibus;
1404 308 1436 332 2.
1460 296 1571 332 odam
1597 297 1748 331 tertiam

245 371 354 418 Pyth.
369 368 543 407 Pindari;
577 379 610 413 3.
634 367 744 403 odam
768 364 971 400 secundam
990 363 1121 402 Nem.;
1153 372 1189 407 4.
1211 361 1362 396 initium
1381 361 1532 409 Olymp.
1590 359 1752 406 Reliqua

243 433 394 469 Pindari
416 439 548 467 carent
568 430 720 466 scholiis
741 436 892 476 praeter
910 427 1060 462 initium
1079 425 1231 473 Olymp.

296 499 432 533 Sextus
454 496 570 531 codex
588 493 857 529 Demosthenis
874 492 1117 539 Augustanus
1139 491 1241 537 cujas
1262 488 1309 523 sit
1330 495 1367 522 et
1385 487 1473 534 quid
1496 494 1638 530 teneat,
1656 498 1751 520 non-

242 562 332 596 dum
363 560 464 600 novi,
493 559 557 594 sed
589 558 719 597 sciam,
744 555 808 591 ubi
838 555 982 602 potitus
1012 565 1057 589 eo
1087 552 1217 593 fuero3
1248 563 1351 586 nunc
1381 551 1483 585 enim
1513 550 1634 586 adhuc
1665 562 1752 584 eum

243 629 456 671 exspectoO.
514 622 691 670 Signatus
719 627 776 655 est
803 619 842 653 in
864 617 1048 665 Catalogo
1070 616 1252 651 Reusner.
1270 627 1305 662 p.
1330 613 1390 649 86.
1413 614 1489 649 sic:
1522 613 1751 648 Demosthe-

243 688 301 722 nis
322 686 574 733 Olynthiacae
597 696 681 720 cum
706 681 834 718 multis
855 681 935 716 aliis
956 679 1129 716 aliorum.

941 784 969 826 ξ.
999 793 1056 827 19.

787 859 847 893 De
871 857 1000 894 Codice
1022 855 1210 890 Bavarico.

296 937 385 971 Post
407 934 558 970 codices
575 934 815 981 Augustanos
836 929 1038 966 dicendum
1061 928 1153 963 mihi
1175 933 1345 974 superest
1361 926 1407 961 de
1425 925 1622 965 Bavarico,
1639 937 1753 972 quem

242 999 398 1035 illustris
422 997 479 1033 vir
509 997 615 1032 Felix
648 995 818 1031 Andreas
848 991 1029 1029 Oeffelius
1063 1004 1130 1039 pro
1165 1003 1231 1026 sua
1270 989 1482 1025 incredibili
1517 988 1754 1023 humanitate

245 1062 452 1098 Monachio
483 1061 528 1096 ad
561 1072 622 1095 me
654 1059 768 1098 misit,
792 1060 949 1106 ejusque
980 1069 1091 1091 usum
1120 1067 1187 1102 per
1217 1061 1290 1089 tres
1319 1066 1440 1089 annos
1470 1060 1509 1089 et
1537 1053 1636 1087 ultra
1661 1051 1755 1087 1111111

243 1125 410 1162 indulsit.
460 1138 493 1159 v.
516 1123 725 1171 Epistolam
760 1133 885 1156 meam
918 1120 962 1154 ad
996 1118 1196 1154 Oeffelium
1232 1117 1269 1152 in
1301 1117 1375 1152 fine
1402 1116 1604 1151 voluminis
1632 1115 1756 1163 quinti

243 1188 506 1225 Animadvers.
531 1187 576 1222 ad
605 1186 773 1220 Graecos
803 1191 990 1220 auctores.
1050 1181 1179 1217 codex
1210 1181 1270 1216 hic
1302 1188 1406 1215 tenet
1435 1180 1615 1227 quicquid
1645 1177 1756 1214 hodie

243 1260 416 1300 superest
446 1263 603 1299 operum
632 1248 1016 1284 Demosthenicorum
1048 1258 1093 1281 eo
1124 1244 1269 1285 ordine,
1291 1255 1403 1290 quem
1434 1243 1548 1290 paulo
1578 1250 1666 1277 ante
1696 1254 1758 1277 ex-

244 1317 364 1365 posui.
415 1316 501 1351 Non
525 1322 581 1350 est
602 1313 781 1360 optimus,
799 1311 864 1346 sed
888 1322 1012 1357 neque
1034 1309 1080 1344 de
1101 1308 1286 1356 pessimis,
1304 1307 1510 1342 lectionem
1532 1306 1758 1353 plerumque

245 1380 410 1428 praefert
430 1378 633 1417 Aldina1n;
666 1376 730 1411 sed
756 1376 828 1410 hoc
854 1375 893 1409 in
923 1374 988 1408 illo
1010 1372 1140 1408 codice
1161 1379 1216 1406 est
1238 1371 1444 1419 egregium,
1468 1370 1568 1417 quod
1599 1368 1760 1404 refertus

245 1452 301 1479 est
321 1443 506 1478 varietate
525 1441 734 1476 lectionum
756 1451 870 1486 super
889 1450 1020 1473 versus
1042 1444 1079 1472 et
1101 1435 1138 1470 in
1167 1434 1401 1483 marginibus
1431 1435 1582 1481 scripta,
1604 1433 1759 1481 spissius

245 1508 367 1547 initio,
389 1506 508 1542 rarius
529 1504 628 1540 circa
647 1504 775 1538 finem.
834 1501 922 1545 Qua
943 1500 978 1535 iu
1002 1500 1182 1534 varietate
1207 1497 1305 1533 haud
1327 1510 1412 1532 raro
1433 1497 1618 1532 lectiones
1638 1496 1759 1544 reperi

247 1572 350 1607 nullo
372 1571 444 1606 alio
465 1570 502 1604 in
524 1568 654 1604 codice
676 1580 697 1602 a
718 1578 777 1601 me
798 1565 1066 1612 deprehensa&
1090 1575 1227 1609 easque
1248 1574 1323 1596 non
1346 1559 1659 1597 contemnendas.
1715 1559 1757 1594 In

250 1649 325 1672 una
354 1634 575 1682 praesertim
606 1632 791 1671 oratione,
813 1642 890 1664 non
921 1627 1107 1664 succurrit
1136 1639 1239 1662 nunc
1261 1638 1348 1673 qua,
1370 1625 1429 1661 hic
1457 1625 1577 1660 codex
1609 1624 1655 1659 ab
1677 1623 1760 1659 aliis

250 1700 427 1736 omnibus
459 1697 620 1734 discedit
654 1694 852 1731 mirificum
888 1694 925 1728 in
961 1692 1129 1733 modum,
1161 1690 1310 1738 plenior
1343 1697 1412 1730 est,
1443 1688 1661 1724 testimonia
1694 1687 1760 1723 dat

248 1765 407 1812 integra,
430 1773 526 1808 quae
557 1759 694 1795 nostris
714 1757 932 1806 vulgaribus
961 1755 1065 1791 libris
1093 1755 1242 1796 desunt,
1264 1762 1306 1789 ut
1334 1754 1447 1801 plane
1477 1765 1520 1788 ex
1551 1752 1624 1788 alio
1654 1752 1760 1787 fonte

250 1838 422 1862 manasse
452 1825 627 1860 videatur
657 1824 750 1858 haec
780 1821 915 1863 oratio,
947 1832 1059 1867 quam
1090 1819 1262 1867 vulgares
1293 1817 1490 1853 editiones.
1562 1817 1671 1860 Quae
1700 1828 1760 1851 res

250 1890 341 1925 mihi
363 1901 547 1937 perquam
568 1887 663 1922 mira
683 1885 833 1925 accidit,
857 1891 899 1919 ut
919 1895 1109 1929 nequeam
1137 1881 1361 1929 intelligere,
1382 1880 1483 1915 unde
1505 1880 1557 1915 sic
1578 1879 1760 1915 evenerit.

251 1952 455 1988 Bavaricus
484 1950 708 1997 plerumque
737 1947 851 1995 plena
881 1954 918 1982 et
949 1945 1139 1993 explicata
1168 1945 1231 1979 dat
1253 1944 1450 1984 vocabula,
1481 1943 1561 1978 sine
1592 1950 1760 1990 apostro-

250 2016 345 2063 phis‚
367 2023 501 2049 contra
521 2025 632 2059 quam
654 2011 904 2059 Augustanus
934 2009 1090 2056 primus,
1113 2007 1176 2054 qui
1203 2006 1452 2054 apostrophos
1473 2013 1588 2047 amat,
1609 2014 1651 2040 111
1673 2018 1704 2041 e.
1727 2018 1759 2040 c.

250 2091 318 2125 pro
339 2079 430 2111 τοῦθ’
452 2076 539 2111 οὕτω
559 2076 623 2111 (131
643 2078 744 2109 τοῦτο
764 2073 892 2108 οὗτωςῑ
929 2084 1017 2107 113111
1039 2083 1150 2118 saepe
1171 2070 1236 2106 dat
1255 2068 1360 2105 οὕτως
1381 2081 1468 2104 011111
1490 2085 1505 2104 ς
1526 2069 1639 2104 0113111
1662 2069 1760 2104 inse-

252 2149 391 2188 quente
422 2152 600 2175 consona.
662 2138 846 2172 Exaratus
867 2144 937 2175 est,
960 2142 1056 2170 teste
1074 2134 1219 2169 Cobero
1250 2145 1349 2171 meo,
1372 2132 1433 2167 cui
1462 2131 1621 2178 primam
1653 2131 1762 2178 hujus

253 2204 393 2239 codicis
421 2203 595 2238 notitiam
618 2201 753 2240 debeo,
776 2207 814 2235 et
835 2199 897 2245 qui
919 2198 1039 2233 oculis
1068 2197 1200 2232 iisdem
1232 2196 1308 2231 suis
1338 2204 1414 2231 tam
1437 2194 1631 2230 Monachii
1660 2194 1762 2229 hunc

258 2267 568 2304 Demosthenem,
591 2277 702 2310 quam
726 2262 899 2297 Eroticos
920 2260 1136 2296 Florentiae
1157 2260 1262 2301 vidit,
1284 2259 1331 2294 ab
1352 2259 1483 2294 eadem
1514 2270 1642 2299 manu,
1664 2269 1762 2305 quae

254 2328 519 2377 Xenophontis
549 2327 700 2375 Ephesii
732 2333 769 2360 et
794 2324 1011 2360 Charitonis
1038 2322 1344 2370 Aphrodisiensis
1374 2321 1544 2357 codicem
1578 2321 1763 2356 Florenti-

255 2407 344 2429 num
378 2392 558 2431 exaravit,
581 2391 653 2425 hoc
685 2397 740 2425 est
770 2388 937 2427 saeculo,
960 2395 1001 2421 ut
1032 2386 1279 2426 existimatur,
1303 2385 1390 2419 XII.
1413 2391 1476 2419 aut
1497 2384 1623 2424 XIII„
1644 2384 1763 2419 literis

256 2457 423 2499 minutis,
446 2456 509 2490 sed
533 2453 769 2503 elegantibus
790 2459 827 2487 et
852 2450 1059 2498 perspicuis
1083 2449 1261 2496 lectuque
1282 2447 1418 2497 planis,
1442 2448 1478 2482 in
1500 2448 1631 2483 charta
1652 2447 1761 2483 bom-

257 2521 404 2568 bycina,
427 2531 564 2559 crassa,
587 2518 697 2557 flava,
719 2528 787 2563 per
808 2515 914 2550 binas
936 2514 1144 2549 columnas.
1206 2511 1382 2547 Habebat
1409 2511 1593 2546 nonnulla
1613 2511 1764 2560 egregia

256 2594 293 2620 et
314 2585 472 2619 inventu
493 2595 576 2618 rara
596 2580 796 2617 vetustatis
816 2579 969 2619 indicia,
992 2586 1032 2612 ut
1052 2577 1237 2612 clausulas
1269 2575 1305 2611 in
1333 2576 1407 2611 fine
1434 2575 1662 2615 orationum,
1686 2587 1763 2610 non

256 2657 381 2683 tamen
413 2646 596 2689 omnium,
619 2644 684 2680 sed
715 2656 844 2680 earum
875 2641 1114 2677 solummodo
1138 2640 1229 2683 fere,
1252 2652 1348 2687 quae
1376 2639 1535 2686 primam
1561 2647 1598 2675 et
1626 2651 1763 2675 secun-

257 2711 340 2746 dam
364 2710 521 2746 classem
540 2722 586 2745 ex
607 2707 873 2743 distributione
888 2705 1079 2741 Wolfiana
1099 2704 1352 2743 constituunt,
1371 2703 1507 2750 quibus
1526 2703 1563 2738 in
1585 2701 1763 2738 clausulis

255 2774 444 2809 indicatur
473 2785 653 2808 numerus
681 2774 747 2805 τὼν
767 2770 918 2815 ‹rw-lxm:
953 2775 1102 2803 constat
1133 2767 1226 2803 haec
1252 2766 1313 2802 vel
1343 2766 1459 2802 istaec
1485 2766 1605 2801 oratio
1628 2773 1683 2800 tot
1704 2765 1764 2800 vel

626 2922 641 2937 ο
672 2914 830 2953 [Dixitde
845 2912 1022 2948 eoinfra5.
1040 2920 1090 2949 30.
1126 2911 1165 2940 G.
1195 2909 1336 2947 mnu]
