1935 3205
655 142 1057 183 PRAEFATIO.
1522 141 1607 180 lxix

101 251 165 287 Sic
186 257 314 287 autem
336 250 514 286 scribenti
539 263 614 286 non
632 252 762 286 omnia
784 251 867 286 loco
889 264 957 285 suo
980 257 1218 286 succurrunt.
1250 250 1368 297 Agunt
1392 249 1520 295 itaque
1541 248 1613 282 hoc

101 315 345 362 praefationis
375 315 641 362 supplemento
673 315 837 362 primum
858 315 904 350 de
927 315 1159 354 discrimine,
1184 313 1282 360 quod
1317 321 1516 359 utramque
1539 312 1612 346 Dc-

102 379 311 414 mostlienis
340 378 547 414 editionem
579 379 771 419 Aldinam,
797 378 1048 414 vetustiorem
1081 384 1117 412 et
1143 377 1351 425 juniorem,
1384 375 1610 416 intercedit;

102 451 182 478 tum
203 443 249 478 de
270 442 438 477 editione
462 442 666 484 Feli‹·iani;
689 449 774 489 post
794 442 840 477 de
862 441 994 477 codice
1017 442 1241 490 Augustano
1263 448 1382 481 sexto,
1405 440 1468 487 qui
1491 452 1613 486 nuper

100 506 268 546 demum,
291 518 421 541 mense
444 506 584 541 Martio
606 507 717 554 hujus
739 506 827 541 anni
857 516 968 552 1770.
993 505 1038 541 ad
1060 517 1121 540 me
1143 504 1312 552 perlatus
1334 511 1402 539 est.
1462 502 1610 538 Addam

100 570 284 610 tabulam,
306 582 382 617 qua
410 569 616 605 divisiones
646 570 863 605 orationum
887 569 1269 605 Demosthenicarum
1301 566 1503 606 exhibebo,
1526 566 1610 613 qui-

102 634 172 669 bus
197 641 347 669 veteres
374 633 592 672 utebantur,
615 646 634 668 e
656 632 786 669 codice
809 632 1017 674 Bavari003
1050 640 1130 667 turn
1162 631 1274 667 aliam
1306 631 1475 666 tabulam
1505 630 1611 665 loco-

100 711 197 738 rum,
216 710 310 745 quos
332 697 515 733 arbitratu
537 708 622 731 meo
640 709 682 732 ex
700 697 856 743 ingenio
877 709 963 731 meo
985 696 1095 731 aliter
1111 695 1277 736 exhibui,
1296 703 1411 741 atque
1432 694 1612 742 leguntur
1626 703 1752 726 Lxxxv

101 762 139 796 in
161 761 264 796 libris
284 760 525 809 vulgaribus;
557 761 708 795 tertiam
731 760 909 807 denique,
933 772 1007 806 qua
1027 759 1213 795 lectiones
1234 771 1256 794 a
1273 758 1425 800 NVoffio,
1446 757 1612 804 Tayloro

101 822 259 870 aliisque
280 822 512 871 excogitatas
534 830 571 856 et
592 834 612 857 a
634 834 694 857 me
716 822 753 857 in
776 829 922 857 textum
943 829 1115 869 receptas
1136 821 1466 869 repraesentabos.

791 931 822 973 ξ.
859 929 917 964 28.

524 1005 577 1040 De
603 1004 804 1039 discrimine
823 1005 1004 1051 utriusque
1023 1004 1055 1039 A
1061 1004 1188 1039 lclinae.

155 1077 280 1125 Supra
298 1081 330 1122 ξ.
352 1090 384 1113 2.
406 1079 604 1117 affirmavi,
621 1078 809 1126 judicium
840 1078 1109 1126 praecipitans,
1132 1091 1172 1114 re
1193 1090 1268 1113 non
1291 1078 1380 1113 satis
1402 1078 1608 1125 explorata,

100 1143 231 1178 ambas
252 1142 406 1178 Aldinas
428 1143 650 1191 paginarum
671 1150 709 1178 et
728 1155 906 1177 versuum
928 1155 1088 1177 numero
1109 1142 1207 1177 inter
1227 1154 1267 1177 se
1289 1142 1506 1177 convenire.
1566 1141 1610 1176 In

100 1219 176 1253 quo
198 1219 258 1242 me
278 1206 414 1242 falsum
438 1206 551 1242 fuisse
572 1206 742 1253 aliosque
762 1206 1047 1253 imprudentem
1069 1205 1258 1246 fefellisse,
1277 1218 1338 1240 me
1355 1205 1486 1240 docuit
1507 1212 1610 1252 post-

102 1271 257 1306 modum
286 1271 504 1320 diligentior
534 1271 729 1317 utriusque
760 1270 959 1317 inspectio.
1028 1269 1269 1305 Dissentiunt
1299 1268 1493 1304 enimvero
1523 1268 1610 1303 illae

101 1335 197 1370 duae
219 1335 406 1370 editiones
426 1335 526 1370 inter
545 1347 584 1370 se
605 1346 682 1369 non
702 1334 740 1369 in
762 1334 990 1369 lectionibus
1012 1333 1138 1373 modo,
1157 1333 1221 1368 sed
1244 1333 1356 1368 etiam
1382 1332 1509 1367 multis
1530 1331 1612 1367 aliis

100 1398 224 1434 rebus.
262 1399 490 1434 Taediosum
513 1398 562 1433 sit
583 1398 756 1445 exempla
777 1400 857 1446 ejus
877 1397 931 1432 rei
953 1397 1074 1432 multa
1094 1409 1308 1444 proponere
1325 1412 1333 1437 ;
1350 1399 1461 1445 juvat
1483 1404 1612 1431 tamen

102 1462 288 1509 quaedam
304 1464 508 1498 observatu
525 1461 697 1497 faciliora
713 1469 751 1497 et
766 1461 803 1496 in
819 1461 951 1497 oculos
972 1461 1100 1496 statim
1117 1460 1352 1496 incurrentia
1372 1461 1480 1509 signa
1500 1460 1613 1495 edere

101 1538 233 1561 eorum
254 1526 292 1561 in
314 1526 489 1575 gratiam,
511 1526 541 1562 si
564 1526 627 1573 qui
649 1533 715 1561 aut
734 1533 907 1561 vetustos
927 1525 1043 1560 libros
1065 1529 1242 1560 coemere
1272 1532 1415 1565 amant,
1438 1532 1504 1559 aut
1533 1524 1611 1558 his-

100 1589 198 1624 toria
219 1591 410 1626 nascentis
431 1590 522 1626 artis
543 1589 840 1638 typographicae
861 1589 1115 1629 delectantur,
1138 1596 1203 1623 aut
1224 1588 1396 1623 criticam
1418 1596 1611 1623 exercent.

100 1653 250 1696 Quibus
271 1654 370 1689 haud
391 1653 639 1703 injucundam
660 1652 740 1689 fore
761 1665 870 1700 spero
892 1653 990 1689 hanc
1012 1652 1058 1688 de
1081 1652 1219 1687 Aldina
1238 1652 1510 1687 Demosthenis
1537 1651 1610 1687 dis-

99 1717 358 1753 sertationem.
416 1718 459 1753 In
480 1718 562 1765 ipso
583 1717 710 1752 statim
733 1717 844 1752 titulo
864 1716 1025 1765 insignis
1046 1724 1082 1751 et
1105 1716 1261 1752 evidens
1282 1715 1518 1763 conspicitur
1538 1715 1613 1751 dis-

99 1782 309 1829 crepantia.
366 1780 591 1828 Compendii
613 1792 747 1815 caussa
766 1779 1016 1815 vetustiorem
1048 1779 1250 1827 appellabo
1272 1779 1322 1820 A,
1349 1779 1542 1828 juniorem
1564 1780 1610 1815 B.

99 1845 143 1881 In
166 1848 195 1881 A
214 1847 344 1893 itaque
365 1858 475 1882 versu
497 1846 618 1892 primo
639 1845 750 1879 litera
770 1843 884 1878 tertia
904 1843 1084 1878 vocabuli
1113 1846 1214 1889 λόγοι
1244 1850 1397 1878 exarata
1427 1851 1484 1878 est
1513 1843 1566 1878 sic
1587 1845 1608 1883 s

101 1911 159 1953 (ut
180 1916 203 1944 Γ
225 1910 350 1945 minus
370 1909 540 1954 referat),
559 1909 598 1943 in
617 1909 646 1943 B
664 1916 792 1943 autem
809 1923 842 1953 γ.
874 1906 994 1941 Versu
1017 1907 1185 1942 secundo
1205 1906 1345 1955 legitur
1359 1907 1397 1941 in
1416 1908 1447 1941 A
1465 1907 1609 1945 αὐτούσ,

101 2007 139 2041 in
166 2007 198 2041 Β
223 1991 340 2055 αὐῖςζς
399 2005 474 2041 Sed
506 2014 667 2052 uterque
697 2003 899 2051 delphinus
930 2003 1102 2050 inprimis
1131 2012 1188 2038 est
1217 2003 1503 2038 dissimillimus.
1562 2003 1611 2038 Et

99 2070 310 2105 taediosum
331 2070 390 2111 sit,
413 2081 538 2116 neque
559 2068 667 2103 facile
689 2067 767 2107 fiat,
790 2074 830 2101 ut
852 2066 1026 2101 oratione
1048 2066 1307 2101 demonstrem
1334 2067 1437 2102 illam
1467 2066 1608 2101 discre-

99 2133 293 2181 pantiam;
325 2133 444 2168 oculis
474 2132 599 2179 potius
620 2138 826 2177 utrumque
855 2129 1055 2177 subjiciam
1085 2129 1189 2178 ligno
1210 2130 1385 2171 incisum,
1409 2130 1455 2165 ab
1480 2129 1606 2171 Hafio,

101 2197 271 2232 Halense
293 2196 434 2237 Suevo‚
457 2195 596 2231 solerte
627 2195 785 2234 artifice,
809 2193 873 2240 qui
895 2193 1009 2228 etiam
1032 2193 1208 2241 exempla
1235 2202 1414 2242 typorum
1443 2193 1606 2229 Aldino-

98 2273 182 2295 rum
209 2260 336 2295 statim
367 2259 613 2308 subjicienda,
635 2271 656 2293 a
678 2270 737 2293 me
758 2264 924 2304 rogatus,
946 2256 1049 2305 ligno
1070 2256 1215 2292 incidit.
1274 2257 1341 2292 Est
1368 2257 1497 2304 itaque
1527 2256 1605 2292 del-
1621 2269 1765 2293 Lxxxvl

98 2324 236 2371 phinus
257 2324 418 2359 Aldinae
440 2322 658 2358 vetustioris
679 2322 751 2356 hic.
779 2351 785 2356 .
804 2351 810 2357 .
833 2351 838 2356 .
859 2352 863 2355 .
895 2320 1065 2356 Junioris
1087 2329 1214 2356 autem
1235 2321 1416 2368 delphino
1439 2321 1530 2356 haec
1553 2328 1609 2356 est

99 2387 259 2422 format.
297 2417 328 2423 ..
352 2417 382 2423 ..

157 2452 349 2499 Typorum
382 2464 533 2498 quoque
568 2458 609 2485 ut
643 2448 835 2496 specimen
870 2449 1056 2484 haberent
1090 2449 1224 2484 harum
1258 2460 1384 2484 rerum
1420 2455 1606 2489 amantes,
1624 2459 1799 2483 LXXXVHI

99 2516 221 2564 delegi
243 2516 276 2551 ei
297 2515 351 2550 rei
372 2514 521 2549 initium
545 2513 798 2561 Olynthiacae
829 2511 986 2560 primae,
1009 2512 1148 2547 omissa
1168 2513 1290 2559 prima
1310 2511 1439 2547 littera
1458 2528 1489 2551 α,
1512 2524 1609 2558 quae

101 2587 157 2613 est
176 2579 215 2613 in
237 2591 323 2614 area
343 2591 463 2614 vacua
489 2578 646 2613 seorsim
678 2576 813 2623 posita,
837 2575 926 2622 quia
954 2574 1108 2611 latiores
1138 2583 1226 2610 sunt
1255 2576 1416 2624 paginae
1439 2575 1524 2609 Ald.
1551 2577 1610 2618 (ut

141 2720 155 2737 S
183 2715 290 2754 [Duas
310 2715 366 2745 has
388 2715 511 2745 tabulas
531 2715 704 2750 omisimus,
722 2723 820 2752 quum
931 2714 942 2735 t
977 2714 1179 2752 [Sequuntur
1213 2713 1352 2752 delphini
1384 2712 1471 2752 ligno
1507 2713 1608 2746 incisi,

99 2779 192 2799 verae
215 2776 270 2798 aut
295 2768 468 2807 probabiles
492 2768 613 2805 Wolfii,
637 2767 766 2806 Taylori
790 2772 821 2795 et
889 2777 964 2805 quos
988 2767 1105 2805 pariter
1129 2773 1222 2805 atque
1245 2766 1415 2804 specimina
1437 2767 1610 2805 scripturae

101 2821 220 2851 Reiskii
259 2822 464 2851 correctiones
499 2821 531 2849 in
564 2820 821 2850 annotationibus
888 2819 994 2858 paullo
1025 2826 1092 2858 post
1120 2819 1158 2848 ab
1186 2818 1312 2848 Reiskio
1338 2818 1477 2849 exhibita
1507 2820 1611 2848 omisi-

99 2880 291 2904 memoratae
305 2875 379 2909 sint,
397 2882 514 2904 ceteras
534 2873 680 2902 oblivioni
699 2873 822 2902 tradere
889 2882 969 2906 mus,
986 2882 1084 2911 quum
1101 2871 1251 2905 editiones
1273 2871 1350 2901 istae
1366 2871 1503 2901 Aldinae
1520 2871 1611 2901 hodie

101 2927 199 2957 satius
215 2927 264 2957 sit.
290 2928 328 2956 G.
351 2927 494 2964 1)IND.]
891 2925 968 2954 nulli
986 2926 1056 2955 usui
1075 2926 1148 2955 sint.
1174 2925 1213 2954 G.
1233 2924 1378 2963 mxu]
