1935 3205
623 133 1029 174 vltAEiss-*x'rni
1532 131 1584 169 lxi

70 254 127 282 tot
148 246 292 291 στίχοις.
355 244 479 279 llabet
511 243 547 277 in
580 242 811 291 marginibus
844 242 933 276 item
967 252 1144 276 numeros
1176 239 1342 286 capitum
1370 252 1411 273 cx
1437 246 1585 273 vetusta

73 309 353 348 distributione,
377 320 472 354 quae
504 307 631 354 capita
660 308 808 355 signata
839 313 946 341 erant
977 304 1096 339 literis
1127 303 1319 351 alphabeti
1343 303 1478 337 Graeci
1509 314 1587 336 ma·

69 373 218 422 joribus
241 379 280 407 Α.
305 379 341 407 B.
366 378 398 405 Γ.
421 379 493 406 etc.
552 371 592 405 [n
615 371 718 406 ealce
741 370 866 418 operis
887 369 1000 405 etiam
1024 367 1090 402 has
1112 367 1377 403 distinctiones
1398 366 1591 401 veteribus

76 436 236 471 usitatas
264 435 301 469 in
334 436 478 482 majora
508 442 705 481 segmenta
732 447 797 469 seu
822 433 948 480 capita
969 445 1045 468 una
1075 433 1112 466 in
1134 431 1275 467 tabella
1296 430 1591 478 repraesentabo

78 500 122 536 ad
144 499 302 547 paginas
323 506 474 533 nostrae
497 497 685 538 editionis,
709 510 794 533 cuni
818 498 993 533 absoluta
1013 497 1137 533 fucrit.
1200 496 1331 531 Habet
1361 495 1451 529 item
1484 506 1591 541 para-

78 564 253 613 graphOS,
281 562 344 598 sed
376 562 522 597 diverso
554 562 666 597 modo
698 562 846 601 divisas,
875 570 990 609 atque
1020 563 1057 597 in
1091 563 1312 609 Augustano
1342 559 1478 607 primo,
1502 570 1596 605 quas

79 627 336 676 paragraphos
358 639 428 675 ego
453 627 491 661 in
517 626 685 661 editione
715 638 798 660 mea
828 626 936 673 signo
958 629 974 670 ξ
996 625 1173 662 indicavi.
1235 623 1361 659 Habet
1382 622 1535 657 tandem
1558 629 1595 657 et

81 691 225 726 scholia
253 689 413 738 duplicis
447 688 611 738 generis,
644 689 716 724 alia
746 690 968 731 vetustiora,
1000 690 1074 724 alia
1107 688 1333 724 recentiora.
1378 685 1597 720 Vetustiora

81 756 190 791 initio
211 767 394 803 perquam
417 754 571 802 copiosa
597 761 698 793 sunt,
721 754 784 788 scd
808 766 882 800 quo
911 754 1030 802 magis
1058 752 1228 801 procedit
1256 763 1362 798 opus,
1384 751 1456 785 hoe
1477 749 1597 797 magis

82 820 320 856 decrescunt.
381 818 422 853 ln
454 825 639 853 extremas
669 817 861 852 orationes
897 817 940 852 ad
975 818 1141 864 privatas
1176 827 1326 851 caussas
1360 814 1597 861 pertinentes

82 895 204 931 paene
235 882 341 917 nulla
370 889 470 922 sunt,
494 889 532 917 et
553 894 649 928 quae
671 889 772 921 sunt,
796 894 837 915 ex
862 881 1168 928 Harpocratione
1194 886 1282 914 sunt
1303 878 1493 924 decerpta.
1553 876 1595 911 In

82 946 332 995 Olynthiacas
353 954 496 988 autem,
519 945 759 993 Philippicas,
782 945 982 986 suasorias,
1001 945 1047 980 de
1070 956 1210 980 corona
1235 950 1274 978 et
1300 942 1346 977 de
1377 941 1469 976 falsa
1495 940 1596 987 lega-

83 1011 187 1047 tione
209 1010 419 1058 copiosiora
439 1018 538 1045 sunt.
589 1009 713 1044 Multa
735 1010 878 1045 habent
898 1009 1055 1050 inedita,
1078 1008 1116 1043 in
1139 1008 1221 1055 ipsa
1242 1006 1409 1042 editione
1431 1004 1600 1040 Parisina

83 1075 314 1116 deficientia,
350 1087 448 1121 quae
485 1074 629 1109 scholia
667 1073 783 1109 habet
821 1073 1030 1108 editionum
1072 1071 1243 1107 omnium
1287 1068 1597 1117 locupletissima.

84 1139 192 1178 Quae
214 1138 419 1173 Bavaricus
449 1138 563 1173 habet
586 1137 687 1173 edita
716 1137 873 1177 scholia,
897 1150 941 1172 ea
970 1136 1090 1171 inulto
1120 1136 1180 1171 hic
1210 1135 1390 1183 leguntur
1417 1132 1596 1169 emenda·
1614 1144 1719 1167 Lxxu

84 1203 193 1246 tiora‚
224 1215 338 1250 quam
369 1202 484 1251 vulgo
517 1202 556 1236 in
590 1201 694 1236 libris
730 1200 932 1248 impressis.
999 1199 1152 1235 Scholia
1186 1198 1400 1234 recentiora
1430 1210 1451 1231 a
1483 1209 1599 1232 manu

85 1269 172 1309 alia,
197 1267 389 1316 pinguiori
419 1274 457 1302 et
486 1266 612 1302 minus
643 1266 807 1314 eleganti
837 1265 1027 1313 adscripta
1056 1273 1145 1300 sunt
1174 1263 1408 1299 orationibus
1438 1262 1599 1301 duabus,

85 1345 154 1381 pro
185 1344 327 1368 corona
357 1339 395 1367 et
424 1330 469 1366 de
499 1330 592 1366 falsa
626 1330 830 1378 legatione.
894 1329 1043 1364 Horum
1080 1329 1338 1364 recentiorum
1371 1327 1601 1362 scholiorum

85 1397 267 1446 pleraque
297 1404 386 1431 sunt
415 1396 557 1442 inepta,
591 1394 675 1430 luce
709 1394 860 1442 publica
894 1393 1063 1442 indigna,
1095 1406 1117 1427 a
1146 1391 1412 1439 Moschopulo‚
1440 1398 1480 1426 ut
1510 1389 1602 1425 mihi

85 1461 250 1501 videtur,
272 1460 454 1508 profecta.
512 1458 587 1494 Sed
614 1458 653 1494 in
684 1458 754 1494 hac
785 1466 903 1506 parte,
927 1469 1025 1504 quae
1050 1457 1153 1498 istas,
1177 1468 1270 1503 quas
1291 1454 1382 1495 dixi,
1406 1455 1499 1490 duas
1521 1467 1603 1489 ora-

86 1527 211 1563 tiones
241 1532 358 1566 tenet‚
390 1524 509 1561 codex
542 1524 603 1559 hic
634 1523 842 1559 Bavaricus
870 1535 940 1557 usu
972 1530 1030 1558 est
1063 1521 1230 1556 maxime
1260 1520 1434 1560 detritus,
1468 1531 1605 1566 prope-

88 1590 243 1626 modum
274 1588 461 1625 laceratus
482 1594 519 1623 et
544 1587 780 1628 obscuratus,
802 1594 844 1622 ut
872 1598 997 1634 paene
1027 1585 1219 1621 dilabatur
1248 1595 1337 1632 prae
1360 1590 1547 1619 vetustate
1569 1590 1607 1617 et

88 1667 272 1691 manuum
307 1652 493 1689 sordibus.
549 1652 672 1687 Tanto
704 1651 884 1687 mundior
913 1658 969 1687 est
1001 1663 1087 1698 pars
1117 1650 1318 1697 posterior,
1348 1649 1387 1683 in
1414 1660 1488 1694 qua
1519 1654 1607 1681 sunt

88 1730 242 1755 caussae
272 1717 448 1766 publicae
475 1725 512 1752 et
539 1716 723 1764 privatae,
748 1723 790 1751 ut
819 1728 904 1763 pars
933 1715 1028 1750 haec
1056 1726 1179 1762 paene
1209 1713 1355 1748 intacta
1379 1725 1401 1747 a
1429 1711 1606 1746 manibus

87 1782 334 1817 tractantium
352 1781 538 1817 videatur.
595 1780 670 1816 Sed
693 1780 826 1829 ingens
847 1787 902 1815 est
923 1779 961 1814 in
983 1779 1053 1814 hac
1074 1785 1210 1827 parteP
1230 1777 1366 1812 lacuna
1386 1788 1455 1824 per
1478 1774 1606 1822 plures

89 1845 245 1894 paginas
265 1845 489 1893 procedens.
545 1845 726 1880 Jacuerat
748 1844 867 1880 codex
892 1844 931 1879 in
955 1843 1042 1879 loco
1061 1842 1240 1883 humido;
1273 1854 1348 1889 quo
1370 1840 1513 1876 factum
1535 1847 1604 1880 est,

89 1918 132 1946 ut
151 1922 236 1958 pars
257 1909 442 1957 quaedam
465 1909 773 1956 computruisset.
833 1908 939 1943 Haec
967 1915 1067 1943 sarta
1096 1905 1343 1955 postmodum
1365 1912 1422 1940 est
1443 1917 1464 1939 a
1490 1916 1606 1938 manu

88 1974 316 2014 recentiore,
344 1986 421 2008 non
451 1973 606 2008 inficeta
627 1972 780 2020 quidem
809 1972 885 2014 illa,
907 1972 1032 2007 minus
1062 1979 1204 2012 tamen,
1227 1977 1340 2017 atque
1362 1975 1513 2003 vetusta
1535 1974 1604 2009 est,

89 2037 269 2086 eleganti,
290 2038 420 2073 nescio
446 2037 560 2073 unde.
619 2038 707 2072 Post
728 2036 1028 2072 Demosthenem
1058 2042 1271 2081 sequuntur
1295 2032 1487 2068 Plutarchi
1503 2031 1604 2066 vitae

89 2100 294 2148 parallelae
323 2101 481 2148 aliquot,
502 2100 548 2135 ab
570 2100 701 2135 eadem
732 2100 892 2146 antiqua
920 2111 1053 2140 manu,
1075 2097 1141 2132 illa
1167 2097 1262 2133 scita
1289 2104 1326 2132 et
1346 2103 1518 2135 venusta,
1541 2094 1604 2130 sed

90 2172 306 2200 atramento
334 2163 612 2212 pallidiusculo‚
638 2170 681 2198 ut
709 2175 822 2212 aegre
848 2163 1037 2212 legantur.
1096 2161 1140 2196 In
1162 2170 1332 2197 extremo
1362 2160 1438 2195 fine
1467 2159 1605 2207 legitur

92 2227 243 2276 Synesii
264 2228 359 2276 disp.
381 2228 428 2264 de
456 2227 656 2262 insomniis
686 2239 773 2262 cum
804 2225 1081 2262 commentario
1111 2224 1323 2272 Nicephori
1345 2223 1552 2272 Gregmae,
1585 2235 1606 2258 a

92 2304 210 2328 manu
229 2292 370 2339 scripta
389 2290 511 2327 multo
532 2291 759 2338 antiquiore,
780 2291 819 2325 in
844 2290 985 2326 chartis
1013 2289 1127 2338 longe
1157 2288 1251 2330 aliis,
1272 2288 1392 2324 literis
1420 2287 1605 2323 horridio-

91 2355 206 2397 ribus,
228 2368 315 2391 cum
337 2355 466 2392 nescio
488 2355 625 2403 quibus
645 2367 691 2390 ex
712 2354 920 2391 Aristotele
940 2353 1175 2404 fragmentis.

792 2457 823 2500 ξ.
850 2467 909 2490 20.

588 2531 649 2565 De
669 2531 787 2566 codice
806 2530 1111 2565 Meermanniano.

148 2606 342 2642 Gerardus
372 2606 660 2646 Meermannus,
682 2605 752 2640 Vir
781 2613 819 2640 et
848 2605 1057 2640 honoribus
1091 2610 1128 2639 et
1159 2603 1304 2639 meritis
1334 2602 1380 2637 de
1411 2601 1603 2647 Jurispru-

95 2670 225 2706 dentia
254 2670 431 2705 nobiliori
459 2669 628 2710 illustris,
650 2681 670 2704 e
699 2668 931 2704 bibliotheca
960 2681 1028 2703 sua
1057 2667 1199 2703 codicis
1222 2664 1513 2702 Demosthenici
1543 2676 1606 2699 co-

95 2735 194 2782 piam
228 2733 320 2769 mihi
349 2732 452 2774 fecit,
482 2732 650 2768 tenentis
680 2744 768 2767 cum
799 2732 1089 2778 quatuordecim
1120 2730 1340 2778 Philippicis
1368 2729 1483 2764 etiam
1514 2728 1607 2764 duas

97 2799 276 2834 adversus
297 2796 538 2832 Aeschinem.
570 2795 697 2831 Codex
721 2803 776 2830 est
797 2795 834 2830 in
857 2795 988 2831 charta
1009 2794 1243 2842 bombycina
1263 2801 1454 2833 exaratus,
1477 2803 1606 2832 manu,

503 2940 519 2961 P
541 2934 591 2972 [Id
609 2942 655 2964 est
672 2934 744 2963 inde
760 2944 776 2962 a
796 2944 823 2972 p.
846 2931 994 2971 1317,16.
1011 2933 1059 2963 ed.
1079 2932 1201 2970 Reisk.]
