1934 3179
285 112 369 151 350
847 112 959 152 PRO
992 111 1247 151 CORONA.

285 226 517 275 terpretum
550 222 812 275 quorundam
842 235 1037 269 errorem,
1062 221 1131 274 qui
1155 222 1363 261 Eubulum
1397 223 1600 276 Uopreum
1633 230 1675 264 et
1704 225 1800 264 Ari-

285 278 554 330 stophontem
596 277 876 330 Collytensem
922 277 1231 325 intellexelunt,
1274 278 1462 317 homines
1510 294 1591 318 non
1636 281 1801 320 aliunde

286 333 478 396 cognitos
514 348 639 386 quam
679 347 730 372 ex
771 333 949 372 dec-letis
990 333 1287 373 connnentitiis
1322 349 1359 386 p.
1397 346 1488 385 249,
1521 349 1580 387 13.
1616 337 1801 388 250.18,

286 389 450 429 notavit
480 390 585 428 Α11.1
615 388 862 428 Schaefeius
898 388 939 427 in
973 388 1227 429 Schneidew.
1254 389 1470 444 Philologo
1491 390 1570 430 vol.
1595 404 1625 430 1.
1648 406 1687 444 p.
1721 394 1799 431 218

287 459 402 497 seqq.
431 445 500 498 qui
532 445 587 484 ibi
617 448 675 498 (p.
706 444 994 496 188.-224.).
1027 445 1313 498 quaestionem
1350 445 1402 485 de
1435 446 1742 499 Aristophonte
1776 464 1801 487 a

285 500 427 539 multis
458 505 701 548 tractatam,
725 515 901 553 quorum
934 500 1037 540 satis
1069 501 1268 540 habemus
1300 501 1534 541 nominasse
1562 502 1800 542 Clintonum

287 555 405 595 Fast.
436 556 546 595 Hell.
570 556 646 595 vol.
678 569 715 595 2.
737 571 776 609 p.
803 570 890 606 ¹47-
925 556 1097 596 Sievers
1122 556 1236 596 Hist.
1262 558 1333 597 Gr.
1364 572 1402 610 p.
1434 570 1527 610 299.
1561 558 1797 598 Boehneek.

286 611 458 661 Quaest.
477 611 554 650 vol.
580 625 611 650 1.
634 627 673 664 p.
697 614 805 664 659.
829 612 964 652 (1011110
986 612 1180 652 instituit.
1245 613 1540 653 Demosthenis
1562 613 1728 653 10011111
1711 629 1800 668 Jam

287 667 494 720 Ulpianus
527 672 640 707 recte
674 667 949 716 intellexelat
980 668 1038 708 810
1069 668 1267 717 scribens
1296 671 1475 718 ὃιαμονία
1508 673 1581 708 τῶν
1607 686 1799 721 προσηγο-

282 726 375 773 ριῶν
392 741 413 772 η
432 722 550 764 θέσις·
583 727 810 774 προηγεῖται
830 725 902 773 μὲν
919 727 993 774 γὰρ
1011 726 1030 763 6
1050 726 1266 774 Εύβουλος,
1286 726 1305 763 6
1323 727 1441 775 φίλος
1464 725 1562 764 εἶναι
1583 729 1649 764 τοῦ
1670 730 1799 765 Ἢακε-

284 779 396 820 δόνος
419 779 630 828 νομισθεὶς,
647 778 866 831 διαδέχεται
888 782 928 819 δὲ
945 779 1207 830 Ἀριστοφῶν,
1225 781 1320 831 ἀνηρ
1342 780 1531 821 πολλάκις
1551 782 1623 830 μὲν
1646 783 1797 831 κριθεὶς,

285 833 473 874 οὐδέποτε
506 837 546 873 δὲ
579 837 866 885 καταγνωσθείς
890 836 986 887 (1100
1018 850 1068 874 ex
1096 836 1304 876 Aeschine
1336 841 1502 876 constat
1533 851 1571 889 p.
1603 838 1670 884 81,
1695 839 1798 891 39..)

286 889 537 943 Utrumque
564 895 606 930 et
640 892 675 929 E
681 890 851 930 ubulum
883 896 925 931 et
957 891 1320 944 Aristophontem,
1347 897 1394 932 ut
1426 897 1613 932 mortuos
1646 893 1798 932 Demo-

283 945 452 985 sthenes
483 951 687 986 memmat
718 946 826 986 inf1a
848 962 886 1000 p.
905 947 997 994 281
1019 949 1079 986 18.
1087 960 1208 987 -21.
1270 947 1472 987 Diversus
1501 948 1554 987 ab
1578 948 1798 988 Azeniensi

283 1006 338 1049 et,
361 1001 395 1040 si
421 1002 488 1040 hic
513 1017 695 1055 unquam
720 1002 897 1051 exstitit,
921 1003 1146 1056 Collytensi
1168 1008 1232 1043 est
1253 1004 1322 1057 qui
1344 1019 1382 1056 p.
1409 1006 1459 1043 88
1464 1017 1488 1057 5
1512 1019 1623 1057 seqq.
1646 1019 1799 1045 memo-

284 1062 405 1097 ratur
427 1057 701 1111 Aristophon.

343 1115 436 1164 248,
460 1128 497 1164 9.
523 1115 772 1166 Διοπείθους]
812 1114 891 1154 Est
921 1119 1092 1167 praetor
1123 1122 1247 1154 notus
1269 1130 1317 1154 ex
1341 1115 1531 1156 oratione
1553 1116 1604 1155 de
1626 1116 1798 1155 Cherso-

284 1183 395 1209 neso.
440 1169 666 1209 DISSEN.

343 1226 435 1275 248,
457 1239 517 1264 10.
543 1226 724 1279 εὐχερῶς]
764 1226 930 1265 Temere.
975 1226 1138 1277 εὐχερῶς
1165 1226 1313 1276 λέγειν,
1336 1228 1498 1278 effutire.
1562 1228 1798 1281 Hesychius

284 1281 360 1320 vol.
388 1294 419 1320 1.
442 1296 480 1334 p.
504 1284 620 1334 1538.
645 1282 834 1333 εὐχέρεια·
869 1283 1069 1332 κουφότης.
1115 1282 1364 1322 SCHAEF.

344 1339 436 1386 248,
461 1351 468 1375 1
487 1351 518 1376 1.
543 1337 630 1377 ἀλλ’
650 1340 670 1376 ὁ
693 1338 761 1386 τὴν
782 1339 954 1386 Εὔβοιαν
972 1355 1004 1377 κ.
1019 1355 1051 1377 τ.
1066 1338 1121 1391 λ.]
1154 1338 1321 1378 Uitatur
1341 1355 1365 1379 a
1387 1339 1604 1378 Demetrio
1628 1339 1795 1379 Phaler.

286 1394 322 1445 ξ.
342 1406 433 1446 293.
452 1406 544 1444 294.
577 1393 835 1433 TAYLOR.
899 1394 1185 1447 Hermogenes
1207 1409 1245 1447 p.
1270 1396 1358 1445 184.
1381 1399 1501 1434 ταῦτα
1521 1397 1592 1444 μὲν
1608 1397 1676 1435 οὖν
1694 1400 1798 1435 κῶλα

285 1450 406 1488 ἐστίν·
442 1449 529 1488 ἀλλ’
550 1452 569 1489 6
592 1451 660 1498 τὴν
684 1451 858 1498 Εὔβοιαν
884 1451 1030 1492 ἐκεῖνος
1061 1452 1381 1501 σφετεριζόμενος
1413 1452 1473 1490 καὶ
1505 1453 1797 1499 κατασκευάζων

283 1506 530 1557 ἐπιτείχισμα
562 1506 623 1545 ἐπὶ
654 1505 932 1554 τῗ]ι”Αττικήν.
975 1506 1057 1545 εἶτα
1084 1506 1261 1557 ἐπιφέρει
1293 1508 1479 1556 κόμματα·
1514 1508 1574 1546 καὶ
1605 1515 1797 1557 καταλαμ-

281 1561 418 1610 βάνων
447 1560 605 1612 Ὠρεὸν,
641 1562 701 1600 καὶ
735 1562 1015 1600 κατασκάπτων
1053 1564 1248 1612 Πορθμόν.
1303 1563 1385 1601 εἶτα
1418 1563 1636 1615 διαδέχεται
1671 1567 1797 1602 κῶλον

283 1617 415 1656 πάλιν·
451 1619 512 1656 καὶ
541 1620 722 1658 καθιστὰς
751 1620 793 1656 ἐν
819 1619 890 1665 μὲν
906 1616 1034 1670 Ὠρεῷ
1059 1619 1290 1667 Φιλιστίδην
1315 1619 1515 1668 τύραννον.
1559 1619 1640 1657 εἶτα
1673 1620 1797 1668 κόμμα

283 1672 417 1712 πάλιν·
450 1675 493 1712 ἐν
515 1672 544 1712 δ’
562 1672 740 1743 Ἐρετρίᾳ
765 1674 1020 1724 Κλείταρχον·
1052 1672 1074 1722 ἣ
1097 1678 1222 1712 κῶλον
1245 1675 1376 1727 ἐπῳδῲ
1400 1677 1499 1713 ἴσον.
1542 1675 1602 1713 καὶ
1629 1676 1796 1714 καθόλου

284 1729 328 1768 τὸ
365 1732 516 1778 πνεῦμα
551 1730 699 1770 τούτοις
734 1729 952 1780 συνέχεται
1018 1729 1130 1768 Idem
1160 1743 1199 1782 p.
1232 1731 1323 1769 266.
1357 1730 1567 1780 ἀπορησειε
1602 1729 1632 1769 δ
1662 1732 1710 1769 ἄν
1740 1747 1797 1771 τις

285 1785 327 1824 ἐκ
356 1786 500 1824 τούτων
526 1785 690 1830 εἰκότως,
713 1786 826 1824 ποῖόν
851 1786 1048 1823 ἐστι-τό·
1082 1786 1175 1824 ἀλλ’
1193 1787 1212 1823 6
1235 1801 1304 1834 την
1328 1787 1501 1834 Εὔβοιαν
1523 1787 1670 1827 ἐκεῖνος
1699 1793 1796 1837 σφε-

285 1841 648 1890 τεριζόμενος-καὶ
675 1841 750 1879 ὅσα
777 1844 948 1886 τοιαῦτα,
972 1842 1137 1891 πότερον
1165 1841 1381 1889 ἀκμαστικὰ
1401 1859 1423 1890 η
1443 1841 1602 1890 λαμπρά
1631 1843 1751 1887 ἐστιν,
1774 1843 1796 1891 ὴ

284 1897 328 1935 τὸ
352 1897 661 1947 συναμφότερον·
695 1896 715 1935 ὃ
738 1913 799 1935 και
819 1900 986 1945 μαλλοι.
1040 1896 1232 1949 Denique
1253 1911 1291 1949 p.
1307 1910 1402 1948 309.
1425 1898 1617 1947 περιβολη
1639 1899 1680 1936 δε
1700 1900 1796 1946 μᾶλ-

284 1958 359 1991 λον
380 1969 600 2003 γειησεται,
618 1950 640 2001 1]
662 1954 865 2003 γοργότης
907 1959 1000 1991 οιον·
1026 1951 1114 1991 ἀλλ’
1133 1954 1153 1991 6
1176 1969 1244 2001 την
1262 1954 1512 2002 Εὔβοιαν--.
1557 1953 1798 1992 Alexander

286 2007 933 2060 Β11οῖ01·11.28.συναθροιο·μός
974 2025 1058 2047 εστι
1099 2025 1306 2059 συναγωγη
1343 2012 1419 2047 τῶν
1455 2025 1739 2059 πεπραγμενων
1774 2008 1796 2058 ἢ

286 2067 507 2115 πραχθῆναι
532 2063 755 2114 δυναμένων
778 2065 830 2104 εἰς
856 2064 898 2103 ἓν
921 2065 1150 2114 κεφάλαιον,
1175 2065 1225 2105 ὥς
1246 2070 1344 2113 φησι
1367 2065 1633 2113 Δημοσθένης·
1667 2063 1755 2103 ἀλλ’
1776 2067 1795 2103 6

284 2120 354 2168 τὴν
376 2119 664 2169 Εὔβοιαν-1111
693 2120 782 2159 ἔλυε
804 2120 873 2168 τὴν
896 2121 1061 2170 εἰρήνην,
1084 2119 1105 2168 ἦ
1128 2121 1196 2161 οὕς
1234 2119 1488 2159 Scholiastes
1516 2119 1796 2173 Hermogenis

284 2190 323 2228 p.
342 2189 438 2226 404.
463 2177 630 2215 ἐνταῦθα
660 2174 774 2226 γένος
804 2177 877 2224 μὲν
898 2176 919 2224 ἡ
945 2177 1084 2221 ἀδικία,
1110 2177 1188 2224 εἴδη
1216 2177 1256 2214 δὲ
1279 2177 1414 2224 ταύτης
1435 2177 1456 2225 ἡ
1479 2177 1797 2225 παρασπόνδησις

286 2232 347 2270 καὶ
378 2233 491 2272 λύσις
521 2234 587 2280 τῆς
619 2231 778 2281 εἰρήνης.
822 2233 884 2270 καὶ
912 2232 1008 2270 ὅλον
1034 2233 1106 2280 μὲν
1125 2232 1148 2280 ἡ
1179 2233 1340 2280 Εὔβοια,
1370 2230 1466 2281 μέρη
1491 2233 1532 2270 δὲ
1559 2233 1578 2269 6
1599 2230 1752 2281 Ὠρεὸς,
1776 2233 1795 2269 ὁ

286 2288 478 2337 Πορθμός.
523 2288 585 2325 καὶ
613 2288 796 2336 ἀόριστον
820 2289 892 2336 μὲν
919 2289 957 2326 αἱ
976 2286 1207 2335 ζΕλληνίδες
1236 2288 1382 2331 πόλεις,
1410 2285 1627 2337 ὡρισμένον
1653 2288 1694 2325 δὲ
1728 2291 1796 2326 ssv-

285 2342 449 2388 ζάντιον,
464 2341 617 2392 Ὠρεὸς,
634 2341 824 2392 Ἐρετρία.
868 2343 952 2381 ἔστι
973 2344 1012 2380 δὲ
1037 2343 1097 2380 καὶ
1118 2343 1224 2381 ἄλλα
1244 2344 1501 2390 περιβλητικὰ
1520 2343 1653 2394 ἑαυτῷ,
1672 2344 1709 2381 οἱ
1730 2345 1796 2381 δύο

284 2398 464 2448 μερισμοὶ
497 2399 556 2436 καὶ
587 2398 609 2446 ἡ
640 2400 702 2436 διὰ
731 2402 886 2448 μακρῶν
917 2396 1113 2439 ἀπόδοσις.
1156 2397 1346 2436 RElSK.
1419 2397 1633 2450 Philippus
1668 2398 1794 2437 etiam

287 2452 460 2492 Euboea
485 2453 610 2506 potiri
633 2453 846 2499 studebat,
868 2459 914 2492 ut
936 2453 1029 2492 hinc
1051 2458 1221 2492 vexaret
1244 2453 1535 2492 Athenienses.
1598 2454 1662 2492 Ae
1682 2453 1795 2493 facta

286 2513 378 2548 erat
398 2509 488 2561 jam
513 2508 626 2561 prius
652 2509 864 2561 expeditio
894 2509 934 2547 in
959 2509 1172 2548 Euboeam
1193 2509 1246 2547 ab
1272 2508 1598 2548 Atheniensibus
1621 2508 1682 2547 Ol.
1705 2511 1793 2554 106,

285 2578 340 2612 4.,
362 2579 455 2604 011111
480 2564 730 2604 Plutarchus
754 2564 1006 2604 Eretriensis
1024 2564 1303 2604 Athenienses
1325 2564 1365 2603 in
1387 2564 1584 2604 auxilium
1606 2570 1795 2604 vocasset

284 2620 483 2660 adversus
518 2620 795 2659 mercenarios
830 2620 1022 2673 Philippi.
1092 2620 1246 2660 Postea
1282 2625 1424 2659 autem
1460 2620 1612 2660 iterum
1645 2621 1795 2660 turbae

285 2680 404 2715 ortae
426 2679 534 2721 sunt.
553 2690 646 2715 cum
668 2676 885 2730 Philippus
908 2681 1002 2729 post
1023 2676 1174 2715 bellum
1193 2676 1406 2715 Phocense
1426 2675 1639 2729 potentior
1658 2676 1795 2715 factus

286 2732 420 2771 denuo
448 2731 624 2771 insulam
656 2732 733 2771 sibi
765 2732 969 2785 subjicere
996 2736 1230 2779 conaretur,
1253 2736 1295 2771 et
1317 2736 1436 2771 erant
1458 2731 1527 2784 qui
1550 2731 1585 2770 ei
1607 2731 1794 2771 faverent

285 2787 413 2826 etiam
444 2787 509 2826 1110
541 2792 588 2826 ut
620 2787 782 2840 ubique.
845 2788 908 2826 Ac
931 2788 994 2826 Ol.
1019 2801 1108 2836 109.
1137 2801 1164 2826 1.
1192 2787 1328 2826 missis
1359 2787 1623 2827 mercenariis
1654 2801 1792 2825 muros

288 2842 479 2882 Porthmi
506 2842 634 2882 diruit
663 2848 705 2882 et
737 2848 823 2882 tres
854 2848 1054 2896 tyrannos
1079 2843 1270 2883 Eretriae
1301 2843 1509 2896 imposuit,
1533 2842 1791 2882 Clitarchum

286 2912 376 2936 011111
414 2898 661 2950 Hipparcho
698 2904 740 2938 et
774 2899 1098 2938 Automedonte.
1161 2899 1257 2938 Orei
1294 2898 1548 2952 expugnatio
1583 2898 1695 2937 facta
1727 2897 1788 2937 Ol.
