1914 3184
259 115 342 153 214
622 115 705 154 AD
739 114 1014 155 PHILIPPI
1049 115 1409 156 EPISTOLAM.

321 225 412 268 155,
438 227 501 265 24.
535 217 574 255 αἱ
595 219 670 267 γὰρ
693 218 891 266 εὐπραξίαι
913 234 945 256 κ.
961 234 992 256 τ.
1010 217 1067 268 λ.]
1107 217 1263 256 Locum
1285 218 1406 265 hunc,
1422 219 1493 258 sed
1514 218 1647 265 aliter,
1665 218 1770 259 citat

260 272 417 310 Seneca
439 270 632 310 Controv.
655 283 718 321 24.
743 276 852 311 teste
875 271 1050 311 Schotto
1068 271 1238 312 Observ.
1255 272 1542 326 Hum.p.214.
1576 274 1768 314 REISK.

259 328 297 365 αἱ
318 328 571 376 γὰρ-ταῦτα
591 327 719 365 πάντα
740 326 845 366 citat
868 327 1074 366 Stobaeus
1098 325 1240 367 Floril.
1266 330 1352 373 106,
1375 341 1438 381 13.

323 392 412 433 155,
438 383 503 420 26.
535 382 672 433 ταῦτα]
712 381 828 431 Quae
864 382 987 421 modo
1015 382 1066 422 de
1099 382 1365 422 clandestinis
1395 383 1593 423 adversus
1615 383 1771 436 Philip-

260 450 358 488 pum
380 435 662 475 simultatibus
684 436 900 483 sociorum,
923 437 1188 490 ipsorumque
1207 438 1498 485 Macedonum,
1520 443 1607 478 tam
1627 453 1772 491 grega-

260 491 417 529 riorum
442 490 632 538 militum,
655 505 779 543 quam
806 491 955 530 ducum
982 496 1025 532 et
1052 493 1290 539 amicorum,
1314 506 1388 532 nec
1414 507 1497 532 non
1519 493 1587 545 qui
1619 507 1772 533 merce-

260 545 378 585 nario
399 545 520 585 militi
542 551 796 598 praeessent,
812 547 1031 599 disputavi.
1060 547 1115 586 V.
1135 563 1174 600 p.
1195 560 1259 601 23.
1274 547 1348 587 ult.
1363 562 1451 601 sqq.
1482 548 1553 588 ubi
1573 548 1685 588 locus
1706 548 1772 587 hic

256 601 344 653 jam
366 601 604 653 praecessit,
627 601 693 641 hic
716 601 905 641 iteratus.
937 603 1133 642 REISK.

319 657 527 704 συμβαίνει
553 657 645 708 γὰρ]
684 656 754 696 Ita
788 657 1060 709 praemissum
1092 662 1156 697 est
1188 657 1467 712 sequentibus
1494 661 1542 696 ut
1577 658 1688 697 nullo
1723 673 1772 698 ea

263 711 423 750 vinculo
445 711 676 763 syntactico
697 712 914 765 contingat
931 729 938 751 :
972 712 1013 751 id
1036 713 1146 765 quod
1167 713 1300 767 magis
1321 712 1551 765 apparebit,
1568 713 1639 752 ubi
1662 713 1772 752 dein—

264 780 359 817 ceps
386 766 530 804 dixero
556 768 764 818 quomodo
795 767 1077 820 interpunctio
1105 769 1227 821 hujus
1255 768 1413 821 periodi
1442 767 1685 821 refingenda
1705 768 1773 808 sit.

266 820 426 860 Eodem
454 822 576 860 modo
607 822 949 874 praemittuntur,
973 828 1020 863 ut
1047 824 1241 863 absolute
1268 823 1490 875 pendeant,
1512 824 1638 862 verba
1660 826 1771 868 δοκῶ,

263 875 348 914 οἶδα
384 880 426 915 et
461 876 580 925 οἶμαι.
613 877 669 915 V.
694 882 782 916 not.
805 878 859 917 ad
892 878 1101 918 Theocrit.
1124 893 1163 931 p.
1188 891 1281 918 220.
1304 883 1348 918 et
1368 879 1423 917 ad
1455 877 1648 930 Sophocl.
1671 878 1774 917 Oed.

264 930 350 969 Col.
375 944 428 983 99
431 944 470 983 5.
535 931 643 970 Item
664 932 937 984 impersonale
960 936 1078 973 δοκεῖ.
1111 933 1344 973 Pausanias
1364 944 1403 986 5,
1429 945 1494 981 27.
1511 945 1549 985 5.
1586 936 1694 972 δοκεῖ
1710 949 1775 982 μοι

268 986 324 1034 δὴ,
349 990 416 1024 τοῦ
436 986 586 1025 'Omra
605 988 776 1036 μαθητὴς
795 987 818 1036 ἢ
839 991 928 1029 παῖς
949 990 969 1026 ὁ
993 988 1239 1038 Καλλιτέλης
1259 989 1319 1037 ἣν.
1380 987 1711 1028 SCHAEFER.

328 1044 417 1092 156,
446 1054 509 1089 14.
541 1045 616 1080 τῶν
644 1043 866 1094 προγόνων]
906 1042 973 1081 Ex
999 1043 1076 1082 hoc
1104 1048 1250 1095 aptum
1277 1049 1340 1083 est
1372 1057 1453 1081 non
1482 1043 1614 1081 solum
1639 1044 1775 1082 τούτου

266 1110 299 1134 V.
329 1106 402 1147 15.,
426 1097 498 1135 sed
529 1096 658 1135 etiam
688 1097 845 1136 πάντων
875 1102 951 1136 τῶν
982 1099 1025 1137 ἐν
1057 1100 1281 1150 Μακεδονία
1305 1097 1633 1147 βασιλευσάντων
1653 1112 1688 1137 V.
1711 1099 1774 1137 16.

262 1149 312 1189 ab
333 1151 396 1198 iis,
419 1152 489 1203 qui
510 1153 862 1203 rncybresfzoeremt
882 1167 958 1191 non
978 1152 1094 1204 lmjus
1116 1153 1307 1205 Plcilossfffflc‘
1326 1152 1578 1199 sohmnmodo,
1599 1152 1669 1191 sed
1687 1152 1775 1191 zmi-

263 1219 368 1244 ‘vcrse
389 1220 524 1258 recum
540 1211 722 1259 quotquot
740 1207 784 1245 in
801 1208 856 1245 M
855 1207 1044 1246 ‹zo-edoma
1060 1221 1235 1260 unquam
1244 1208 1423 1259 j'uerant
1438 1208 1622 1247 omnium.
1666 1207 1776 1246 Nam

266 1260 388 1312 paulo
411 1261 553 1300 durior
574 1262 677 1301 haec
700 1261 864 1301 videtur
885 1263 1165 1302 constructio:
1210 1264 1253 1302 οὐ
1284 1266 1388 1313 παρὰ
1418 1267 1494 1301 τῶν
1524 1263 1658 1301 τούτου
1685 1278 1777 1312 προ-

265 1317 394 1365 γόνων
413 1318 550 1364 μόνον,
573 1318 680 1355 ἀλλὰ
702 1319 763 1356 καὶ
792 1320 896 1366 παρὰ
916 1318 1073 1357 πάντων
1093 1322 1170 1356 τῶν
1192 1319 1234 1357 ἐν
1257 1320 1482 1370 Μακεδονίᾳ
1501 1316 1773 1367 βασιλευσάν-

265 1387 353 1409 των.
402 1371 596 1411 REISK.
659 1372 831 1411 Rectius
862 1372 988 1412 vertit
1022 1374 1242 1425 Augerus:
1290 1373 1577 1426 Prinezspatum
1610 1372 1716 1411 (mim
1751 1386 1778 1411 α

265 1425 484 1476 majoribus
506 1428 727 1479 acecpimus
749 1442 795 1465 (w
815 1434 983 1480 tenqmrc
1005 1427 1175 1480 lon-aiom?
1205 1442 1280 1466 ozon
1304 1428 1415 1466 modo
1442 1441 1560 1480 quam
1590 1427 1672 1474 isle,
1695 1427 1776 1474 sed,

265 1486 308 1519 ut
330 1480 495 1519 breviter
515 1482 660 1529 dicam,
683 1496 802 1534 quam
826 1497 955 1522 onmes
976 1483 1240 1522 Macedoniae
1260 1497 1377 1535 myos.
1411 1488 1434 1504 ‘⁶
1451 1482 1609 1522 τούτου”
1630 1481 1776 1534 inquit,

268 1541 291 1557 ‘⁶
309 1540 352 1575 et
373 1540 449 1575 τῶν
469 1537 810 1585 βασιλευσάντων.
834 1538 874 1575 111
895 1537 1066 1590 genitivi
1088 1542 1292 1590 reguntur
1316 1552 1341 1576 a
1368 1536 1589 1577 πλείονος.”
1620 1538 1656 1575 οἱ
1683 1538 1776 1587 πρό-Υ

267 1607 378 1640 γονοι
413 1596 510 1630 sunt
543 1591 725 1644 ipsorum
757 1592 1091 1639 Atheniensium,
1124 1607 1206 1631 non
1244 1592 1425 1644 Philippi
1462 1596 1777 1644 ceterorumque

268 1659 413 1698 regum
437 1647 722 1686 Macedoniae.
767 1647 1098 1686 SCHAEFER.

332 1702 421 1752 156,
452 1714 512 1751 15.
544 1702 806 1753 εὐδαιμονίαν]
848 1702 960 1741 Male
981 1702 1051 1741 alii
1073 1702 1165 1741 libri
1196 1703 1430 1752 ἡγεμονίανε
1465 1715 1561 1740 nam
1584 1701 1634 1739 de
1656 1701 1777 1740 felici-

271 1759 362 1794 tate
384 1755 703 1795 Atheniensium
725 1756 790 1795 hic
812 1757 963 1809 agitur,
987 1772 1068 1795 non
1094 1758 1145 1796 de
1166 1756 1436 1809 hegemonia;
1470 1756 1681 1795 felicitatis
1707 1770 1778 1795 au-

270 1814 355 1848 tem
377 1811 672 1850 documentum
694 1811 829 1851 obiter
849 1816 1228 1851 comnlemorantur
1249 1811 1467 1863 vectigalia
1488 1811 1540 1849 ab
1564 1810 1661 1862 ipsis
1686 1811 1778 1850 Ma—

270 1865 466 1904 cedoniae
488 1866 653 1919 regibus
674 1871 859 1918 accepta.
882 1867 1034 1905 nemini
1057 1880 1239 1919 unquam
1260 1866 1484 1918 pensitata.
1528 1865 1777 1905 SOHAEF.

337 1922 423 1971 156,
453 1932 514 1971 17.
546 1922 715 1960 κάκεῖνοι
735 1924 807 1970 μὲν
827 1921 1050 1970 Ἀθηναίοις
1071 1923 1214 1971 φόρους
1234 1921 1422 1972 ἤνεγκαν]
1473 1921 1527 1960 V.
1546 1920 1779 1960 Valckena-

271 1974 355 2012 rius
389 1975 526 2014 Diatr.
549 1976 600 2014 de
624 1976 730 2014 Phil.
753 1991 791 2029 p.
817 1988 910 2028 270.
962 1976 1197 2015 Boeckhius
1231 1977 1282 2015 (10
1308 1976 1458 2015 000011.
1482 1975 1597 2028 polit.
1621 1975 1779 2014 Athen.

272 2029 348 2067 vol.
378 2043 411 2068 1.
435 2045 472 2082 p.
495 2043 591 2083 443.
659 2030 963 2070 Valckeimrius
992 2031 1335 2070 absurdissimum
1367 2030 1468 2069 dicit
1501 2030 1611 2082 quod
1636 2034 1780 2069 orator

271 2084 711 2136 sel·ipsel·it.—7rdvrcov
732 2091 808 2125 τῶν
831 2088 873 2125 ἐν
896 2088 1120 2139 Μακεδονίᾳ
1147 2085 1486 2135 βασιλευσάντων·
1520 2086 1688 2124 κάκεῖνοι
1707 2086 1780 2134 μὲν

269 2139 491 2187 Ἀθηναίοις
521 2142 666 2190 φόρους
695 2141 875 2189 ἤνεγκαν.
938 2141 1099 2180 Vereor
1124 2156 1176 2180 ne
1202 2141 1324 2193 paulo
1354 2140 1548 2192 iniquius.
1612 2139 1777 2185 Lenius,

274 2193 430 2245 opinor„
450 2195 711 2246 judicaturus
732 2201 836 2241 erat.
855 2196 887 2234 si
910 2196 1176 2247 expendisset
1197 2195 1446 2247 scripturam
1467 2195 1576 2234 illam
1599 2194 1780 2233 Parisini

273 2248 393 2299 primi
432 2250 687 2297 εὐδαιμονίαν,
720 2253 835 2301 (nam
871 2251 1043 2289 eandem
1078 2265 1167 2289 esse
1199 2250 1375 2289 aliorum
1405 2249 1593 2289 codicum
1623 2249 1780 2301 primus

274 2303 415 2342 (locuit
437 2304 663 2352 ReiskiusQ
687 2309 985 2357 praetereaque
1012 2305 1249 2357 cogitasset.
1275 2307 1414 2343 ἐκεῖνοι
1440 2319 1522 2343 11011
1549 2304 1781 2357 significare

275 2373 416 2397 omnes
441 2359 712 2398 Macedoniae
732 2374 862 2410 reges.
885 2360 956 2397 sed
979 2360 1087 2398 solos
1108 2374 1192 2407 eos,
1214 2359 1282 2411 qui
1300 2359 1628 2398 Atheniensibus
1649 2359 1780 2398 tribu-

274 2413 371 2452 tarii
394 2414 491 2452 facti
514 2419 662 2453 essent.
717 2410 954 2453 SUHAEF
959 2414 1047 2452 ER.

341 2471 428 2521 156,
457 2470 519 2507 18.
558 2470 701 2519 φόρους
723 2470 910 2520 ἤνεγκαν]
949 2469 1066 2508 Conf.
1091 2469 1273 2508 Halonn.
1295 2483 1334 2521 p.
1359 2481 1422 2519 79,
1448 2480 1511 2507 20.
1574 2468 1743 2508 DOBR.

335 2524 388 2562 ἔτι
410 2525 469 2576 δὲ]
508 2526 549 2563 δὲ
575 2523 754 2563 refertur
779 2524 832 2563 ad
859 2541 900 2562 τε
922 2538 956 2562 v.
986 2537 1044 2572 [4.
1106 2524 1221 2573 Quae
1246 2523 1513 2562 construendi
1543 2523 1651 2562 ratio
1677 2523 1781 2562 satis

276 2579 469 2630 frequens
491 2584 565 2623 est.
582 2578 767 2631 inprimis
789 2579 857 2617 ubi
880 2578 1084 2631 particula
1104 2580 1157 2626 δὲ,
1176 2583 1223 2617 ut
1243 2578 1320 2617 hoc
1341 2578 1443 2625 1000,
1462 2579 1610 2630 juncta
1626 2582 1690 2616 est
1710 2578 1779 2616 ad-

277 2634 416 2673 verbio
437 2635 505 2673 ἕτι.
540 2632 593 2672 V.
614 2639 702 2673 not.
718 2635 771 2673 ad
795 2633 967 2686 Dionys.
987 2633 1123 2673 Halic.
1143 2634 1194 2672 de
1215 2633 1258 2672 G.
1277 2633 1330 2672 V.
1347 2648 1385 2685 p.
1404 2646 1493 2684 193.
1527 2632 1779 2671 SOHAEF.

340 2700 429 2739 157,
461 2702 491 2728 1.
529 2689 1055 2739 πυνθανόμενοι-λέγεται
1090 2687 1296 2740 νεώτερον]
1346 2688 1399 2726 V.
1422 2688 1692 2727 Gasaubonus
1726 2687 1779 2726 ad

280 2743 558 2796 Theophrasti
595 2744 785 2783 Chal-act.
815 2759 852 2796 p.
878 2754 968 2793 107.
998 2743 1061 2782 ecl.
1091 2743 1228 2782 Fisch.
1275 2742 1602 2782 SCHAEFER.
1663 2741 1778 2781 Conf.

280 2798 450 2849 Olynth.
474 2799 535 2837 II.
557 2814 596 2851 p.
622 2810 685 2846 24.
711 2800 775 2837 26.
808 2803 851 2837 et
874 2797 979 2836 Phil.
1006 2798 1036 2836 I.
1059 2813 1098 2850 p.
1121 2811 1187 2850 43,
1212 2800 1248 2835 8.

340 2865 430 2904 157,
454 2867 491 2906 3.
526 2853 751 2903 ἐπιστολὰς]
781 2853 895 2892 Conf.
922 2852 1028 2890 Phil.
1054 2852 1087 2891 1.
1110 2867 1146 2904 p.
1170 2865 1237 2903 51,
1263 2863 1298 2890 2.
1361 2851 1530 2889 DOBR.
