1914 3184
278 122 374 162 xxiv
908 120 1172 162 REISKII

277 231 368 266 bum
390 231 600 273 Ruberum,
624 230 742 266 divini
763 230 905 279 ingenii
931 233 1129 279 juvenem,
1152 235 1189 262 et
1209 227 1246 262 in
1268 225 1506 273 inquirendis
1536 222 1789 260 excutiendis-

280 307 354 342 que
381 295 417 331 id
450 307 569 343 genus
603 303 779 331 autorum
809 295 904 330 locis
940 295 1034 330 mire
1066 291 1254 331 sedulum,
1286 297 1351 326 aut
1379 290 1508 325 vivere
1538 287 1693 328 diutius,
1725 294 1791 321 aut

279 359 449 401 meliore,
471 358 562 394 dum
584 358 688 399 vixit,
710 359 788 393 otio
810 357 894 398 frui,
916 358 1037 392 visum
1059 355 1205 396 fuisset,
1229 354 1293 402 qui
1322 353 1364 394 si,
1387 352 1488 400 quod
1516 359 1682 399 ceperat,
1705 363 1788 397 per-

279 423 419 458 ducere
449 422 495 457 ad
525 422 748 457 umbilicum
779 422 980 469 potuisset,
1005 421 1119 455 alium
1143 431 1211 454 nos
1231 417 1322 453 olim
1344 416 1642 452 Demosthenem
1666 421 1703 448 et
1724 413 1790 448 ob-

281 487 518 522 servationes
548 486 585 520 in
620 498 707 521 eum
740 482 1249 520 absolutiores—habituros
1280 480 1396 515 fuisse
1430 479 1520 514 satis
1554 478 1792 525 exploratum

279 550 485 586 habeo.”—
499 548 738 597 Farraginem
761 548 864 583 illam
893 547 1202 587 annotationum,
1227 557 1292 580 seu
1314 542 1640 591 compilationem,
1663 541 1693 576 si
1713 553 1792 575 ma-

281 614 351 654 vis,
372 613 433 648 Jo.
453 612 626 659 Oporino
648 611 782 647 tribuit
804 611 962 646 Morbos
980 611 1110 658 Polyb.
1134 609 1209 644 vol.
1232 621 1262 644 1.
1293 621 1328 656 p.
1351 608 1442 655 962.
1504 607 1667 653 Farrago
1696 604 1792 639 haec

282 678 576 713 annotationum
599 676 713 711 etiam
744 676 783 711 in
804 675 998 711 WVolfiana
1027 673 1195 710 editione
1226 680 1375 707 servata
1404 678 1471 706 est.
1533 670 1588 704 De
1611 680 1684 716 qua
1703 667 1792 714 quid

282 740 528 777 statuendum
557 740 616 781 sit,
640 752 766 787 neque
787 740 867 787 ipse
890 737 1082 785 inquisivi,
1104 748 1227 784 neque
1258 736 1358 775 novi,
1383 734 1446 782 qui
1477 733 1572 768 alius
1603 731 1792 767 statuerit.

219 811 267 832 XV
283 803 419 839 Obiter
449 803 694 850 perlustranti
724 802 902 838 videntur
932 803 984 837 sic
1015 801 1105 837 satis
1134 801 1245 836 utiles
1279 799 1384 835 lectu
1414 806 1452 834 et
1482 798 1605 833 adhuc
1639 808 1733 836 esse,
1756 803 1795 830 et

283 876 364 903 tum
386 868 568 915 temporis
591 867 704 902 etiam
726 867 846 915 magis
868 866 994 901 fuisse.
1055 866 1113 901 De
1133 865 1279 901 Jacobo
1302 864 1366 899 illo
1391 863 1546 898 Rubero
1577 860 1669 896 nihil
1702 860 1795 895 mihi

283 940 443 968 constat.
485 931 772 967 Annotationes
792 931 878 966 illae
902 930 1002 965 ultra
1022 929 1235 964 orationem
1258 928 1410 964 tertiam
1433 927 1470 961 in
1495 925 1697 974 Aphobum
1718 937 1793 959 non

283 997 508 1045 procedunt.
562 996 690 1039 Quare
713 1003 838 1030 autem
861 995 1055 1042 Oporinus
1078 993 1150 1028 hoc
1174 991 1376 1027 defunctus
1397 991 1446 1026 sit
1467 990 1573 1037 quasi
1595 987 1796 1036 perorandi

284 1061 420 1100 officio,
439 1061 535 1095 ratio
553 1059 658 1095 reddi
676 1072 751 1094 non
775 1066 913 1106 potest,
932 1057 1002 1093 nisi
1025 1058 1054 1092 si
1075 1065 1299 1096 statuamus,
1318 1055 1353 1091 id
1373 1054 1473 1102 quod
1492 1061 1795 1090 consentancum

285 1132 354 1165 est,
377 1124 591 1172 Oporinurn
613 1123 648 1158 in
672 1122 823 1157 officina
846 1120 1102 1170 Herwagiana
1123 1119 1349 1155 correctoris
1369 1126 1497 1166 partes
1517 1118 1655 1167 egisse3
1678 1130 1699 1152 a
1720 1129 1795 1163 quo

285 1189 398 1224 etiam
430 1187 540 1223 facile
569 1188 633 1222 fiat
660 1194 701 1221 ut
732 1186 924 1234 profectae
955 1186 1030 1220 sint
1056 1185 1142 1220 illae
1173 1184 1310 1232 passim
1344 1190 1587 1219 occurrentes
1619 1181 1797 1216 meliores

285 1252 470 1288 lectiones
491 1251 541 1286 ibi
564 1252 751 1291 locorum,
774 1251 838 1285 ubi
860 1250 951 1285 haec
974 1249 1229 1297 Herwagiana
1250 1247 1366 1284 editio
1388 1248 1434 1282 ab
1455 1246 1591 1281 Aldina
1621 1245 1795 1280 discedit.

287 1316 419 1351 Laudo
442 1315 619 1362 equidem
641 1315 799 1349 istorum
823 1322 1039 1360 temporum
1063 1312 1302 1352 modestiam,
1326 1324 1413 1347 cum
1441 1311 1485 1346 ad
1514 1310 1625 1358 hujus
1653 1308 1796 1344 saeculi

281 1380 506 1429 jactantiam
529 1386 672 1426 specto.
712 1378 838 1426 Turpe
861 1386 940 1412 tum
957 1377 1183 1426 judicabant
1203 1377 1273 1412 viri
1293 1375 1395 1411 docti
1417 1375 1454 1410 in
1478 1373 1796 1410 emendatiuncu-

287 1444 331 1478 lis
352 1443 577 1490 quibusdam
600 1442 812 1477 trivialibus
833 1442 1036 1482 exsultare,
1060 1441 1161 1488 quod
1182 1440 1294 1476 hodie
1316 1440 1426 1475 multi
1449 1439 1603 1475 faciunt.
1653 1437 1799 1472 Suadet

288 1514 414 1543 tamen
447 1506 661 1554 prudentia,
683 1506 759 1541 suis
790 1518 963 1553 quaeque
995 1505 1214 1540 auctoribus
1244 1504 1373 1543 tribui,
1403 1516 1451 1538 ne
1482 1502 1621 1550 posteri
1654 1509 1797 1540 errent.

287 1582 412 1618 neque
435 1570 620 1611 nesciant,
643 1569 743 1605 unde
764 1570 879 1605 lectio
902 1582 1077 1616 quaeque
1100 1567 1271 1615 profecta
1300 1567 1359 1609 sit,
1383 1580 1473 1602 nuin
1497 1580 1516 1601 e
1537 1565 1642 1600 libris
1673 1564 1797 1599 bonae

289 1642 416 1675 notae,
439 1647 484 1669 an
507 1646 552 1668 ex
575 1634 728 1682 ingenio
750 1633 819 1667 viri
841 1633 955 1673 docti,
979 1640 1016 1667 et
1037 1634 1158 1680 cujuS,
1182 1644 1255 1678 quo
1286 1630 1331 1666 de
1363 1630 1590 1665 auctoritate
1613 1626 1799 1674 cujusque

289 1698 465 1734 lectionis
493 1705 597 1732 certo
626 1697 879 1744 pronunciare
910 1696 1067 1743 possint,
1091 1695 1303 1741 sciantque,
1326 1694 1551 1741 quibuscum
1583 1692 1652 1727 sibi
1682 1704 1798 1739 nego-

291 1762 384 1797 tium
407 1762 467 1801 sit,
491 1768 529 1796 et
550 1773 644 1808 quos
666 1768 729 1795 aut
749 1760 905 1795 laudare
937 1767 1001 1794 aut
1030 1767 1163 1794 notare
1195 1758 1372 1793 debeant.
1430 1757 1505 1792 Sed
1538 1757 1629 1791 haec
1661 1756 1797 1791 obiter.

291 1826 425 1861 Eidem
447 1824 619 1872 Oporino
641 1824 766 1859 tribuo
788 1824 898 1858 aliam
920 1822 1235 1862 admonitionem,
1258 1834 1355 1868 quae
1385 1821 1477 1856 item
1507 1821 1545 1855 in
1576 1820 1679 1855 calce
1703 1820 1799 1854 Her-

292 1889 484 1938 wagianae
515 1889 662 1937 legitur,
685 1896 722 1923 et
743 1888 836 1922 haec
858 1895 933 1922 est:
968 1893 990 1904 '¹
1012 1887 1210 1922 Hactenus
1240 1885 1411 1920 collectis
1432 1885 1470 1919 in
1492 1884 1797 1920 Demosthenem

292 1953 614 1993 annotationibus,
638 1960 822 1999 quantum
845 1951 882 1986 in
908 1963 1087 1998 praesens
1116 1950 1236 1990 licuit,
1261 1956 1368 1984 utere
1399 1956 1437 1984 et
1465 1948 1602 1984 fruere.
1643 1961 1730 1983 nam
1762 1955 1798 1983 et

292 2018 464 2057 aliarum,
488 2029 584 2063 quae
606 2016 642 2050 in
665 2016 829 2062 reliquas
857 2015 1047 2050 orationes
1073 2014 1278 2061 pertinent,
1301 2013 1535 2049 edendarum
1557 2012 1797 2048 occasionem

291 2082 400 2117 nobis
421 2081 500 2116 fore
523 2079 743 2127 propediem
775 2079 921 2126 superis
951 2079 1048 2114 bene
1072 2078 1354 2113 fortunantibus
1383 2089 1592 2122 speramus,
1615 2089 1691 2111 una
1712 2088 1799 2111 curn

293 2144 606 2192 Harpocrationis
628 2144 763 2184 lexico,
783 2151 820 2178 et
839 2143 1011 2179 locorum
1034 2142 1274 2189 quorundam
1296 2141 1400 2177 varia
1418 2141 1583 2176 lectione
1605 2141 1649 2176 ad
1672 2148 1800 2175 vetus-

294 2207 426 2242 tissimi
455 2206 681 2253 exemplaris
712 2206 957 2241 collationem
979 2219 1000 2240 a
1022 2205 1069 2240 D.
1088 2206 1200 2240 Petro
1222 2205 1391 2240 Danesio
1412 2205 1471 2240 Jo.
1490 2204 1712 2251 Sphyractis
1742 2203 1799 2238 in-

294 2270 438 2305 dustria
467 2269 575 2304 nobis
606 2277 643 2303 et
672 2269 889 2316 impetrata,
913 2276 962 2310 et,
985 2281 1203 2315 quanquam
1229 2268 1266 2303 id
1289 2267 1442 2314 quidem
1474 2267 1605 2309 serius,
1629 2275 1801 2302 extrema

296 2335 435 2382 quippe
459 2346 573 2368 manu
588 2336 666 2382 jam
690 2333 867 2380 imposita
893 2333 1011 2380 operi,
1035 2332 1335 2367 transmissa.'’-
1353 2332 1477 2374 Quam
1500 2331 1561 2366 hic
1583 2343 1687 2377 spem
1711 2330 1801 2365 facit

295 2411 363 2434 seu
392 2397 627 2446 Irlerwagius,
656 2409 721 2432 seu
748 2395 952 2444 Oporinus,
981 2396 1026 2432 de
1057 2409 1169 2437 nova,
1200 2395 1460 2431 emendatiore
1491 2401 1529 2430 et
1556 2394 1800 2429 instructiore

298 2461 570 2497 Demosthenis
600 2461 781 2500 editione,
805 2473 848 2495 ea
868 2460 971 2495 exitu
992 2460 1135 2500 caruit;
1167 2471 1293 2506 neque
1313 2459 1351 2494 in
1374 2458 1511 2498 lucem,
1536 2458 1636 2505 quod
1668 2458 1800 2500 sciam,

216 2534 282 2557 XVI
298 2525 436 2573 prodiit
456 2525 517 2560 hic
538 2525 721 2571 promissa
742 2524 894 2559 collatio
918 2524 1145 2571 exemplaris
1166 2523 1390 2558 Danesiani.
1448 2522 1646 2566 Quantum
1669 2534 1713 2557 ex
1736 2521 1801 2556 ob-

297 2601 405 2624 scura
433 2588 622 2636 Hernagii
653 2587 826 2622 oratione
857 2587 1006 2636 colligo,
1036 2599 1094 2622 res
1123 2587 1175 2622 sic
1204 2587 1332 2622 habet.
1392 2585 1615 2634 Herwagius
1646 2598 1713 2633 per
1738 2585 1801 2620 ἆυ.

297 2652 531 2701 Ξρῇ)Γῆοιθι]
562 2659 760 2701 rogaverat
789 2651 1010 2691 Danesium‚
1038 2659 1091 2692 ut,
1120 2651 1149 2685 si
1177 2650 1266 2698 quid
1298 2650 1455 2685 haberet
1486 2650 1567 2697 opis
1596 2649 1641 2684 ad
1673 2662 1801 2684 emen-

297 2714 463 2749 dandum
493 2715 804 2755 Demosthenem,
834 2714 870 2749 id
902 2713 1101 2749 conferret.
1161 2713 1292 2748 Motus
1322 2712 1379 2747 his
1408 2713 1585 2760 precibus
1615 2712 1803 2747 Danesius

299 2778 466 2813 codicem
490 2779 617 2813 nescio
640 2791 752 2826 quem
774 2779 1044 2814 Demosthenis
1069 2790 1154 2813 cum
1179 2776 1321 2812 Aldina
1341 2777 1516 2816 contulit,
1540 2788 1701 2822 eamque
1723 2775 1800 2810 coi-

298 2841 479 2876 lationem
502 2842 546 2876 ad
567 2842 811 2891 llerwagium
833 2842 946 2877 misit.
978 2842 1051 2877 Sed
1073 2855 1117 2876 ea
1137 2854 1220 2876 sero
1241 2841 1359 2882 venit,
1383 2853 1496 2888 opere
1512 2842 1590 2888 jam
1613 2839 1800 2874 absoluto,

299 2903 495 2939 Falluntur
516 2917 604 2952 ergo
626 2906 694 2941 viri
724 2906 838 2949 docti,
863 2906 923 2952 qui
956 2906 1170 2953 perhibent,
1195 2904 1438 2940 collationem
1469 2903 1643 2939 codicum
1674 2915 1694 2937 a
1722 2902 1800 2936 Da-
