1914 3184
241 131 324 172 xlvi
863 132 1127 173 REISKII

238 246 372 275 tuorve
392 239 430 274 in
453 246 534 275 toto
558 239 709 288 agmine
731 240 925 287 capitales,
949 253 1108 288 quarum
1131 240 1165 276 ei
1187 253 1325 289 magna
1343 240 1391 276 sit
1412 241 1588 277 habenda
1615 242 1749 289 gratia,

238 303 376 350 quibus
397 303 638 339 inveniendis
660 316 737 339 non
759 304 860 339 aliud
884 304 1141 351 quodcunque
1162 316 1229 351 par
1245 303 1378 340 fuisset
1399 304 1609 353 ingenium.
1649 305 1749 352 Tay-

237 367 297 402 lor
316 367 347 402 si
368 367 586 416 diligentius
609 367 819 402 editionem
842 368 1008 403 Manutii
1030 375 1095 403 aut
1116 367 1294 403 Feliciani
1325 367 1560 415 inspexisset,
1582 380 1659 404 non
1689 381 1748 403 re-

237 430 501 479 prehendisset
532 431 644 466 toties
673 430 857 466 Wolfium
889 431 937 466 ob
969 431 1179 466 novitatem
1214 430 1400 473 lectionis,
1436 432 1541 479 quasi
1571 431 1682 467 Wolf
1706 432 1751 467 de

131 510 224 533 xmx
239 507 308 531 suo
327 495 513 530 lectiones
535 494 717 541 quasdam
740 502 839 529 esset
864 502 1114 536 commentus,
1136 494 1279 531 dudum
1307 502 1396 531 ante
1418 508 1440 531 a
1461 495 1639 531 Manutio
1660 508 1748 543 pro·

239 559 349 595 ditas.

300 686 389 722 Tria
422 686 579 721 omnino
614 686 690 721 vidi
723 686 835 735 hujus
871 686 1049 722 editionis
1083 686 1320 735 Tayloranae
1358 687 1546 735 exempla,
1586 700 1748 735 quorum

236 763 368 791 unum,
400 750 502 797 quod
538 757 595 786 est
627 762 747 798 penes
775 750 936 786 Tobiam
972 750 1187 792 Krebsium‚
1209 751 1256 786 V.
1279 751 1322 786 C.
1344 751 1547 787 Rectorem
1584 750 1749 787 Scholae

237 814 485 851 Provincialis
515 814 561 850 ad
583 814 810 856 Grimmam,
833 814 1174 850 Observationibus
1194 815 1381 850 Flavianis
1410 822 1448 850 et
1474 815 1648 851 Decretis
1669 816 1745 851 Ro-

235 891 435 914 manorum
465 891 534 926 pro
562 878 717 914 Judaeis
747 878 1002 920 nobilitatum,
1028 879 1184 914 tenebat
1213 878 1370 927 aliquid,
1397 879 1496 926 quod
1526 879 1565 914 in
1595 879 1746 915 duobus

235 942 389 990 reliquis
416 955 492 978 non
521 942 783 978 animadverti.
843 942 1000 978 Scilicet
1020 951 1107 990 post
1127 943 1242 978 finem
1264 943 1446 979 orationis
1467 944 1506 978 in
1529 943 1746 991 Leptinem,

236 1019 271 1054 p.
289 1007 353 1053 63.
375 1006 440 1042 ubi
469 1006 508 1041 in
539 1006 621 1041 aliis
650 1006 836 1055 exemplis
858 1006 1011 1055 Taylori
1039 1006 1077 1041 in
1106 1005 1209 1042 illam
1231 1007 1443 1042 orationem
1474 1007 1747 1043 annotationes

234 1071 432 1118 incipiunt,
462 1069 698 1117 incipiebant
729 1070 873 1105 scholia
902 1070 1050 1105 Graeca
1082 1070 1118 1105 in
1149 1069 1253 1105 illam
1287 1071 1527 1116 orationem„
1543 1084 1610 1119 pro
1642 1083 1747 1106 more

235 1133 412 1169 editionis
433 1133 741 1169 Francfurtanae.
801 1134 966 1183 Paginae
991 1135 1062 1169 hae
1085 1134 1182 1170 duae
1203 1135 1267 1181 63.
1291 1142 1330 1170 et
1351 1135 1414 1181 64.
1438 1134 1616 1183 impletae
1638 1142 1748 1171 erant

234 1197 307 1233 illis
336 1197 501 1238 scholiis,
532 1197 702 1238 minutis,
730 1210 807 1232 non
839 1206 968 1233 tamen
999 1197 1176 1239 minimis,
1208 1210 1334 1245 neque
1364 1198 1599 1234 deformibus
1629 1199 1743 1246 typis.

233 1261 333 1296 Tum
364 1262 495 1296 charta
525 1261 726 1310 singularis
756 1270 836 1297 erat
867 1262 1017 1310 adjecta
1045 1274 1132 1297 cum
1163 1262 1296 1297 iisdem
1333 1263 1502 1298 numeris
1532 1266 1579 1309 03
1613 1272 1650 1298 et
1681 1263 1744 1309 64,

234 1332 370 1360 tenens
410 1324 557 1360 initium
597 1333 773 1361 notarum
813 1326 851 1361 in
892 1326 1135 1374 Leptineam.
1201 1326 1361 1362 Videtur
1398 1326 1539 1374 Taylor
1577 1325 1741 1374 primum

234 1387 396 1424 voluisse
417 1388 562 1424 scholia
582 1389 731 1425 Graeca
760 1390 898 1436 cuique
928 1390 1091 1425 orationi
1114 1390 1313 1438 subjicere,
1337 1390 1475 1426 deinde
1497 1403 1587 1426 vero
1609 1391 1656 1426 ab
1678 1390 1741 1426 illo

234 1452 429 1500 proposito
450 1452 652 1494 destitisse,
676 1461 713 1488 et
730 1453 797 1488 illa
824 1452 970 1489 scholia
1000 1453 1175 1489 universa
1196 1454 1330 1501 quinto
1360 1466 1450 1489 suae
1481 1453 1657 1490 editionis
1678 1468 1744 1491 vo-

234 1515 369 1551 lumini
392 1528 616 1552 reservasse.

288 1579 406 1615 Nefas
427 1581 475 1616 sit
494 1580 686 1628 specimen
715 1580 868 1616 silentio
888 1582 1206 1629 praetermittere,
1230 1594 1305 1628 quo
1326 1582 1468 1629 Taylor
1488 1582 1585 1617 hanc
1608 1580 1743 1617 editio-

234 1655 321 1678 nem
343 1656 450 1679 suarn
471 1643 721 1680 annuntiavit.
780 1645 915 1680 Oratio
937 1653 993 1680 est
1014 1645 1284 1680 Demosthenis
1305 1644 1342 1680 in
1365 1645 1525 1680 Midiam
1549 1657 1635 1680 cuni
1657 1658 1741 1680 ora-

235 1705 338 1743 tione
360 1708 526 1756 Lycurgi
547 1708 585 1742 in
609 1707 833 1743 Leocratein
857 1708 958 1744 edita
979 1708 1144 1744 Londini
1165 1721 1266 1744 anno
1298 1718 1408 1755 1743.

934 1815 965 1858 t.
995 1826 1051 1849 11.

414 1889 473 1924 De
493 1889 701 1924 editionibus
719 1889 951 1936 sinyularimn
973 1890 1167 1924 orationum
1195 1890 1555 1925 Demosthenicarmn.

289 1964 678 2000 commemorandum
710 1977 812 1999 nnnc
843 1972 923 2000 erat
948 1964 1277 2013 judicandumque
1307 1965 1354 2001 de
1384 1965 1631 2013 singularium
1658 1979 1739 2001 ora-

234 2026 380 2061 tionum
412 2027 796 2063 Demosthenicarum
831 2028 1054 2071 editoribus,
1086 2028 1297 2077 cujusmodi
1333 2028 1487 2064 fuerunt
1518 2029 1740 2069 Dounaeus‚

234 2089 442 2132 Freindius‚
475 2091 634 2133 Brooke,
667 2091 969 2139 Mounteneyus‚
1003 2099 1041 2127 et
1074 2093 1292 2139 nuperrime
1326 2092 1533 2127 Harlesius.
1596 2091 1741 2128 Verum

233 2153 314 2188 aliis
345 2155 460 2196 carui,
487 2158 545 2199 (ut
567 2155 734 2190 Freindii
757 2155 923 2191 editione
954 2155 1138 2191 orationis
1166 2169 1235 2203 pro
1266 2159 1438 2202 corona,)
1469 2164 1534 2191 aut
1563 2156 1658 2192 nihil
1687 2157 1742 2192 illi

233 2216 320 2251 novi
342 2217 564 2259 attulerunt,
584 2226 625 2254 ut
646 2218 743 2254 idem
763 2218 971 2260 Freindius,
991 2219 1092 2266 quod
1114 2219 1286 2255 intellexi
1308 2232 1351 2256 ex
1372 2219 1613 2268 inspectione
1635 2221 1741 2256 brevi

232 2279 350 2315 libelli
380 2281 426 2316 ab
458 2293 502 2316 eo
533 2281 636 2322 editi,
660 2290 697 2317 et
718 2295 865 2323 vereor,
887 2296 934 2319 ne
964 2283 1065 2319 idem
1096 2283 1141 2319 cle
1163 2283 1330 2318 Brookio
1358 2296 1510 2331 quoque
1541 2292 1579 2319 et
1599 2284 1740 2319 Moun-

232 2350 371 2391 teneyo
400 2343 446 2379 sit
475 2345 744 2384 statuenduni;
777 2359 940 2393 qnorum
969 2346 1116 2382 tametsi
1148 2347 1193 2382 ad
1224 2359 1358 2382 manus
1388 2355 1514 2382 essent
1544 2347 1739 2394 opuscula,

198 2419 364 2454 Lparum
398 2415 526 2443 tamen
559 2409 630 2444 illis
664 2423 750 2445 usus
783 2423 879 2451 sum,
914 2412 1015 2458 quod
1049 2411 1271 2446 viderentur
1301 2411 1423 2446 bonae
1457 2410 1573 2459 frugis
1606 2423 1737 2458 parum

232 2470 425 2506 exhibere.
486 2472 695 2509 Dounaeus
726 2486 903 2510 onerasse
935 2475 1240 2510 Demosthenem
1272 2473 1437 2515 scholiis,
1471 2474 1628 2510 fortasse
1661 2487 1738 2510 non

230 2546 383 2581 prorsus
414 2534 623 2579 inutilibus,
649 2537 812 2579 videtur,
844 2538 908 2574 sed
938 2551 1072 2586 parum
1105 2538 1149 2574 ad
1183 2551 1262 2573 rem
1296 2538 1467 2573 criticam
1500 2537 1737 2574 facientibus.

230 2597 418 2639 Harlesio,
442 2599 487 2634 V.
511 2599 553 2634 C.
585 2601 684 2647 apud
716 2601 983 2650 Coburgenses
1012 2601 1214 2649 professori
1245 2600 1440 2636 literarum
1471 2600 1739 2636 humaniorum

229 2661 372 2708 optime
404 2665 580 2705 merenti,
613 2678 689 2700 non
719 2678 873 2713 possum
906 2665 1043 2707 facere,
1074 2665 1163 2713 quin
1197 2666 1270 2700 hoc
1299 2665 1385 2700 loco
1417 2665 1569 2712 publice
1601 2665 1740 2714 gratias

230 2736 338 2773 agam
361 2734 398 2761 et
419 2739 485 2773 pro
508 2728 791 2777 elegantissimo
813 2730 1052 2771 munusculo,
1075 2742 1149 2777 quo
1170 2742 1250 2765 rem
1273 2728 1489 2764 universam
1517 2729 1738 2771 literariam‚

230 2789 293 2823 sed
324 2790 586 2826 scholasticam
618 2792 800 2839 inprimis,
830 2794 956 2829 beavit
987 2793 1135 2829 edenda
1163 2806 1250 2829 cum
1278 2791 1564 2829 commentariis
1584 2791 1738 2839 Taylori

231 2849 381 2897 suisque
407 2852 578 2890 oratione
607 2868 675 2902 pro
703 2868 855 2897 corona,
879 2865 917 2892 et
938 2869 1007 2904 pro
1027 2857 1173 2892 honore
1194 2857 1287 2892 mihi
1308 2856 1454 2893 habito.
1478 2854 1539 2902 qui
1561 2855 1737 2903 dignatus

231 2913 278 2947 sit
308 2915 401 2949 meis
436 2917 480 2950 ad
513 2917 614 2952 illam
650 2919 860 2955 orationem
897 2919 1288 2955 animadversionibus
1316 2920 1444 2954 locum
1477 2918 1580 2958 dare,
1613 2930 1735 2964 eoque
