1935 3205
718 145 794 184 1)Ιῦ
831 144 997 185 ΙἈΟΙῧ.
1531 146 1612 184 1255

157 252 222 295 62,
241 263 280 303 3.
303 249 481 301 ἀγάγωσι
502 251 569 288 τὸν
586 250 778 302 πόλεμον]
818 248 1025 288 [avolum.
1078 248 1144 287 Sic
1167 262 1205 301 p.
1228 259 1304 301 275
1325 264 1331 287 ι
1366 248 1540 297 πόλεμον
1558 251 1611 290 εἰς

100 307 169 356 τὴν
189 306 367 355 Ἀττικὴν
390 306 570 356 εἰσάγεις,
596 307 775 357 Αἰσχίνη,
799 307 974 354 πόλεμον
989 303 1328 354 Ἀμφικτυονικόν.
1378 303 1564 343 VOEM.

157 364 222 406 62,
242 377 279 410 4.
302 362 634 413 προστησάμενοι]
674 362 1025 412 Προφασιζόμενυι,
1042 366 1323 413 praelea'entcs.
1370 359 1437 399 Sic
1455 375 1492 412 p.
1512 371 1610 412 709:

99 418 168 466 τὴν
190 420 378 467 διοίκησιν
401 418 460 456 καὶ
482 418 524 456 τὸ
547 421 611 466 τῆς
634 419 763 467 ἑορτῆς
785 417 1115 467 προστησάμενος.
1167 415 1214 454 ld
1237 416 1346 468 quod
1369 417 1492 468 paulo
1513 423 1612 456 ante

101 474 164 512 ἐπὶ
193 474 237 522 τῇ
265 477 341 512 τῶν
364 475 651 522 Παναθηναίων
676 473 885 523 προφάσει.
955 471 1080 521 Quasi
1115 471 1311 519 (licerent,
1342 486 1416 511 nos
1450 472 1611 525 magnis

99 529 340 569 auctoribus
371 529 448 568 hoe
480 529 629 567 bellum
660 528 926 581 suscepimus.
964 527 1142 567 l)0UN.
1205 528 1339 567 Sehol.
1369 528 1548 567 Aristid.
1572 543 1611 581 p.

99 596 194 637 317.
225 585 551 635 Προστησάμενυι
573 586 658 624 ἀντὶ
683 588 750 623 τοῦ
776 584 1045 633 ποιησάμενοι.
1095 584 1155 622 καὶ
1178 584 1446 634 Δημοσθένης,
1470 587 1517 624 τὰ
1537 588 1613 624 τῶν

98 640 394 691 Ἀμφικτυόνων
416 642 589 691 δόγματα
611 641 716 695 κοινῇ
739 640 1071 691 προστησάμενος.
1119 640 1305 679 VUEM.

157 698 223 741 62,
252 700 290 735 6.
325 698 457 747 ὥσπερ
490 698 551 736 καὶ
582 697 668 746 περὶ
699 695 878 747 Φωκέας]
930 695 1024 735 Scil.
1052 696 1224 745 συνε’βη;
1264 695 1303 734 id
1337 696 1446 749 quod
1483 695 1611 735 etiam

102 752 305 791 Phoeensi
329 752 434 791 bello
456 767 529 791 usu
554 752 676 798 venit,
701 757 744 791 ut
769 751 952 790 nonnulli
982 751 1106 790 semel
1138 751 1337 804 implicati
1365 752 1487 805 hujus
1515 752 1611 791 belli

99 808 301 848 societate
323 808 508 852 ulterius,
532 822 654 861 quam
677 822 752 847 sua
776 807 974 847 iuteresse
998 807 1295 860 intelligerent,
1317 809 1612 861 progrederen-

99 869 169 904 tur
201 863 328 911 inviti,
352 869 406 910 et,
429 865 540 916 quod
572 864 690 903 initio
718 863 951 910 noluerant,
974 863 1120 903 deletis
1152 863 1433 903 Phoeensibus
1461 864 1613 917 Philip-

99 934 198 973 puin
228 934 432 959 summum
464 934 601 959 rerum
634 919 840 959 arbitrum
867 919 1065 959 constitui
1100 924 1356 972 paterentur.
1420 920 1473 958 V.
1498 921 1535 972 ᾧ.
1562 933 1610 974 23

100 981 206 1015 extr.
255 976 476 1015 FRANK.

158 1033 224 1077 62,
249 1032 285 1071 8.
322 1033 408 1083 οὐχὶ
443 1030 924 1084 ταύτὰ-ἐσπουδακότες]
978 1031 1115 1082 Quum
1156 1046 1237 1071 non
1279 1032 1423 1071 eadem
1464 1032 1612 1085 singuli

100 1087 280 1127 maxime
304 1093 476 1141 agerent
501 1091 647 1140 (quum
676 1102 757 1127 non
783 1088 928 1127 eadem
959 1094 1097 1127 essent
1121 1102 1226 1140 quae
1257 1088 1405 1142 singuli
1434 1089 1614 1128 maxime

100 1147 333 1197 cuperent),
352 1149 493 1183 tamen
515 1144 659 1183 eadem
682 1158 824 1182 omues
845 1143 1083 1191 effecerunt,
1108 1143 1130 1182 i.
1150 1158 1184 1183 e.
1207 1158 1348 1183 omnes
1370 1158 1489 1183 suuni
1507 1145 1614 1198 quis-

101 1214 178 1252 que
210 1200 471 1238 commodum
507 1205 728 1252 sequentes
756 1199 937 1252 Philippi
972 1214 1070 1252 opes
1107 1206 1147 1239 et
1183 1200 1359 1253 gloriam
1391 1206 1612 1241 auxerunt.

103 1255 265 1295 FRAN
272 1255 324 1294 K.

158 1313 224 1357 62,
248 1326 285 1363 9.
308 1311 774 1363 Φίλιππον-παρόδους]
810 1310 915 1350 Phil.
944 1310 1024 1349 Ill.
1044 1325 1081 1364 p.
1107 1324 1115 1349 1
1136 1325 1205 1363 19:
1245 1313 1370 1363 κύριος
1393 1313 1433 1351 δὲ
1458 1315 1614 1363 (Φίλιπ-

100 1370 187 1418 πος)
209 1371 354 1406 Πυλῶν
372 1367 433 1406 καὶ
453 1371 528 1406 τῶν
551 1368 613 1406 ἐπὶ
634 1367 720 1408 τοὺς
730 1365 935 1416 σΕλληνας
956 1369 1136 1418 παρόδων
1159 1369 1242 1407 ἐστὶ
1264 1369 1325 1407 καὶ
1347 1372 1533 1419 φρουραῖς
1555 1370 1616 1408 καὶ

100 1422 222 1472 ξένοις
242 1423 330 1463 τοὺς
355 1424 494 1464 τόπους
524 1424 678 1464 τούτους
707 1423 875 1475 κατέχει.
937 1424 1133 1463 Ceterum
1164 1429 1308 1463 nostro
1340 1424 1381 1463 in
1412 1424 1501 1463 loeo
1532 1439 1615 1464 non

100 1484 165 1518 est
194 1480 360 1528 ὕστερον
389 1480 590 1529 πρότερον,
614 1492 793 1531 namque
820 1483 947 1518 antea
976 1478 1149 1518 intravit
1177 1479 1393 1533 Philippus
1424 1480 1466 1519 in
1494 1480 1615 1534 Pylas

103 1537 322 1586 (παρῆλθεν
344 1536 433 1574 εἵσω
458 1537 612 1573 Πυλῶν.
658 1534 777 1573 Dein.
796 1534 889 1575 Cor.
908 1549 946 1587 p.
970 1547 1062 1588 237.
1080 1540 1122 1575 et
1147 1538 1261 1589 238),
1285 1541 1374 1575 tum
1396 1537 1616 1589 oeeupavit

101 1589 274 1630 castella
295 1589 335 1628 in
356 1589 562 1643 angustiis
584 1590 678 1630 sita.
734 1589 922 1630 VOEM.

158 1647 225 1693 62,
248 1658 263 1684 1
277 1659 311 1684 1.
334 1645 422 1684 οὐδέ
444 1645 668 1696 γε-ὃόξαν
685 1646 810 1699 ἔχειν]
851 1646 985 1696 Quum
1005 1646 1193 1687 Thebani
1216 1647 1442 1687 maximam
1464 1649 1615 1688 molem

100 1701 194 1741 belli
216 1700 523 1748 sustinuissent,
549 1701 767 1755 Philippus
792 1717 883 1742 sero
905 1708 1108 1755 tanquam
1133 1704 1296 1755 ἔφεδρος
1315 1706 1372 1758 (ξ
1397 1707 1482 1757 15.)
1501 1719 1614 1745 acee-

101 1757 202 1796 dens
224 1757 377 1796 bellum
393 1757 482 1810 jam
504 1757 771 1811 profligatum
794 1758 971 1798 confecit
993 1773 1167 1812 eamque
1187 1759 1365 1813 gloriam
1383 1775 1489 1813 quae
1508 1761 1615 1800 The-

100 1813 220 1853 banis
241 1813 476 1852 debebatur
495 1813 583 1866 ipse
605 1813 715 1854 tulit.
762 1814 983 1855 FRANK.

159 1870 224 1916 62,
245 1881 306 1908 12.
328 1870 422 1919 πρὸς
443 1869 805 1922 μὲν-πέπρακται]
842 1871 967 1910 Nunc
988 1870 1179 1910 Thebanis
1194 1871 1251 1910 ad
1272 1871 1315 1923 (i.
1334 1886 1367 1911 e.
1387 1872 1498 1924 quod
1515 1872 1615 1912 atti-

101 1929 172 1963 net
192 1924 265 1976 ad)
284 1930 412 1964 terrae
430 1925 549 1977 (ejus,
566 1939 690 1978 quam
711 1925 827 1965 scitis
845 1926 1054 1967 Thebanis
1075 1927 1287 1981 obtigisse,
1307 1928 1613 1967 Orchomenum

101 1985 144 2019 et
164 1980 395 2020 Coroneam
416 1980 535 2030 dicit)
560 1982 890 2033 recuperationem
912 1982 1072 2035 aliquid
1094 1989 1224 2022 actum
1245 1989 1298 2022 est
1321 1986 1406 2035 (res
1435 1983 1614 2036 aliquem

102 2049 334 2075 successum
366 2036 547 2085 habuit).
593 2036 814 2076 FRANK.
888 2038 1007 2076 Dem.
1030 2039 1057 2077 f.
1079 2039 1156 2091 leg.
1178 2054 1218 2092 p.
1240 2040 1325 2090 384
1346 2053 1428 2092 sq.:
1462 2040 1614 2089 πρῶτον

100 2092 172 2140 μὲν
198 2093 329 2131 τοίνυν
360 2092 488 2142 εἰρήνη
520 2091 687 2143 γέγονεν
714 2093 844 2134 αὐτοῖς
871 2095 1104 2145 (Θηβαίοις)
1128 2097 1294 2133 πονοῦσι
1329 2096 1390 2134 καὶ
1420 2100 1614 2134 ταλαιπω-

100 2146 300 2195 ρουμένοις
329 2147 398 2196 ἤδη
426 2150 477 2200 τῷ
510 2148 667 2200 πολέμῳ
695 2154 754 2187 καὶ
785 2149 1027 2198 ἡττωμένοις,
1056 2150 1138 2189 εἶτα
1167 2151 1245 2189 τῶν
1274 2151 1424 2202 ἐχθρῶν
1445 2149 1615 2190 Φωκέων

102 2203 219 2252 ἄρδην
249 2204 412 2252 ὄλεθρος
444 2204 504 2242 καὶ
525 2204 630 2242 ὅλων
650 2206 729 2242 τῶν
751 2208 890 2256 τειχῶν
919 2207 982 2244 καὶ
1007 2206 1084 2245 τῶν
1108 2207 1264 2245 πόλεων
1285 2206 1614 2256 ἀναίρεσις,--ἔτι

101 2257 194 2307 πρὸς
223 2259 370 2299 τούτοις
392 2257 648 2310 Ὀρχομενὸς,
684 2261 894 2310 Κορώνεια,
930 2262 1108 2312 Κορσιαὶ,
1145 2261 1186 2300 τὸ
1216 2265 1516 2312 Τιλφωσσαῖον,
1549 2264 1614 2311 τῆς

101 2316 177 2352 τῶν
198 2312 367 2353 Φωκέων
387 2315 515 2365 χώρας
535 2316 686 2365 ὁπόσην
706 2317 934 2365 βούλονται.
981 2316 1169 2356 VOEM.

158 2371 224 2415 62,
247 2382 306 2418 ¹4·
339 2372 373 2408 εἰ
400 2372 658 2421 γὰρ-ἐδόκει
689 2371 803 2423 εἶναι]
838 2372 887 2411 Si
910 2387 987 2412 non
1011 2372 1233 2412 transisset
1256 2372 1487 2426 Philipqu
1510 2372 1613 2412 nihil

102 2422 179 2462 illis
205 2424 293 2463 fore
321 2424 553 2473 videbatur,
583 2426 625 2465 id
657 2432 733 2475 est⁷
762 2427 863 2466 nihil
894 2434 1014 2468 erant
1045 2428 1612 2468 habituri.—De1nosthenes

102 2492 142 2530 p.
164 2482 280 2531 1169,
302 2493 362 2519 10.
386 2483 641 2532 διελεγόμεθα
660 2483 752 2532 ἡμῖν
768 2484 896 2525 αὐτοῖς
917 2485 1004 2534 περὶ
1026 2486 1079 2524 ὧν
1097 2485 1208 2526 οὗτος
1227 2485 1333 2534 ἠξίου
1357 2486 1477 2537 ἑαυτῷ
1501 2484 1610 2523 εἶναι.

104 2533 447 2575 DOUNAEUS.
515 2537 575 2576 At
607 2552 689 2577 non
721 2538 762 2577 id
792 2538 1002 2579 affirmare
1033 2544 1175 2592 potest
1206 2545 1361 2586 orator,
1387 2539 1610 2578 Thebanos

101 2593 190 2628 tum
226 2590 325 2629 nihil
357 2591 576 2631 habituros
611 2593 761 2633 fuisse:
803 2595 1075 2646 possidebant
1111 2594 1220 2633 enim
1255 2600 1473 2647 praeterea
1505 2594 1611 2633 alias

102 2643 299 2685 Boeotiae
329 2651 496 2699 partes:
529 2648 600 2687 sed
628 2650 920 2688 tantummodo
948 2649 1002 2695 id,
1027 2650 1249 2689 Thebanos
1271 2663 1340 2689 eas
1372 2649 1496 2688 urbes
1527 2664 1610 2688 non

101 2706 420 2753 recuperaturos
461 2708 503 2742 et
548 2709 758 2751 nacturos,
800 2718 932 2757 neque
973 2704 1141 2743 omnino
1188 2704 1346 2757 aliquid
1391 2704 1610 2744 effecturos

102 2754 238 2795 fuisse.
300 2757 416 2807 Quae
447 2763 588 2797 tamen
620 2759 829 2798 sententia
860 2759 960 2798 mihi
991 2774 1254 2812 nequaquam
1286 2759 1349 2798 his
1376 2759 1510 2799 verbis
1542 2775 1609 2799 ex-

102 2811 221 2862 primi
254 2811 428 2852 videtur.
490 2813 650 2852 Vellem
681 2813 810 2867 igitur
841 2828 940 2854 sane
971 2816 1110 2861 πλέον,
1132 2816 1243 2867 quod
1275 2814 1469 2854 Reiskius
1501 2815 1610 2855 inter

103 2867 224 2906 ἐδόκει
246 2872 287 2906 et
309 2868 408 2906 εἶναι
428 2868 665 2908 addendum
686 2883 776 2908 esse
797 2870 986 2922 conjecit.
1011 2870 1196 2910 eodieum
1227 2870 1484 2911 auctoritate
1515 2886 1608 2926 pro-

100 2920 201 2960 bari.
237 2922 558 2963 BENSELER.
582 2924 632 2963 sle
653 2924 770 2964 hiatu
792 2940 829 2977 p.
854 2931 921 2976 67.
