1914 3184
262 115 304 154 xl
883 117 1145 158 REISKII

261 223 424 272 Insignis
445 231 500 260 est
521 223 692 260 defectus
714 225 823 274 liujus
844 225 1020 260 editionis
1034 225 1261 265 Wolfianae‚
1278 225 1378 272 quod
1400 225 1523 260 indice
1542 225 1774 263 Graecitatis

260 286 586 324 Demosthenicae
616 296 732 324 caret.
791 289 915 324 Credo
944 288 1135 335 equidem,
1154 287 1352 329 VVolfium,
1379 300 1400 323 a
1426 288 1600 324 laborum
1629 289 1772 326 Demo·

260 350 519 387 sthenicorum
545 351 790 387 multitudine
812 360 849 387 et
869 351 1123 399 perpetuitate
1144 351 1302 393 victum,
1324 363 1401 386 non
1425 352 1594 399 potuisse
1615 353 1772 402 agendis

260 415 438 450 omnibus
460 416 644 455 sufficere,
663 428 757 462 quae
779 416 816 450 in
839 415 1025 463 ejusmodi
1046 422 1203 450 auctore
1223 415 1445 462 peragenda
1464 415 1601 451 editori
1622 416 1770 452 incum-

259 478 368 513 bunt.
429 479 569 514 Verum
592 479 755 526 primum
779 478 932 526 quidem
953 478 1088 526 viginti
1110 478 1185 514 duo
1207 479 1308 520 anni,
1332 491 1426 526 quos
1450 479 1487 514 in
1509 479 1771 516 Demosthene

258 542 437 591 fingendo
465 550 503 578 et
532 543 753 591 refingendo
779 543 1000 582 consumsit,
1023 550 1186 590 tempus,
1210 543 1358 590 opinor,
1381 551 1468 578 sunt
1489 544 1578 579 satis
1599 556 1770 580 commo-

258 605 362 646 dum,
386 619 460 653 quo
482 607 655 653 quamvis
683 618 841 655 magnus
870 606 979 642 labor
1008 606 1197 656 profligari
1227 614 1389 654 poterat.
1448 607 1545 642 Mihi
1567 607 1719 654 quidem
1741 607 1772 642 si

256 677 314 704 tot
340 682 458 705 annos
485 670 550 704 uni
576 670 830 706 Demostheni
857 670 1082 717 expoliendo
1111 670 1248 719 largita
1278 679 1377 706 esset
1407 670 1576 706 secunda
1604 670 1770 712 fortuna,

257 746 354 780 quac
378 734 438 769 vix
461 734 754 782 quadriennium
785 734 902 775 dedit,
932 742 969 770 et
996 747 1043 769 ne
1072 734 1168 770 illud
1194 734 1347 781 quidem
1378 735 1581 784 integrum,
1606 735 1772 780 (interea

255 798 437 845 temporis
458 799 558 833 enim
580 799 693 834 etiam
714 797 921 834 Aristidem
942 798 987 833 ad
1009 797 1144 834 MStos
1165 799 1387 847 recognovi,
1406 806 1443 834 et
1465 798 1637 840 editioni,
1655 811 1769 845 quam

256 864 334 910 ejus
368 874 474 909 paro,
505 862 807 903 accommodavi,
833 870 875 897 ut
907 862 998 897 alias
1032 862 1360 909 interpellationes
1392 866 1573 908 taceam,)
1602 875 1624 897 o
1655 875 1769 909 quam

256 926 347 960 mihi
367 926 498 962 videor
528 939 613 962 eum
646 925 864 962 absolutum
895 933 933 960 et
961 925 1130 961 numeris
1160 925 1336 960 omnibus
1370 925 1583 973 perfectum
1614 926 1770 962 daturus

254 989 392 1025 fuisse!
451 990 518 1027 Me
539 1002 629 1026 vero
649 991 918 1039 ingravescens
946 997 1061 1030 aetas,
1085 997 1123 1025 et
1143 989 1409 1024 decrescentes
1436 989 1475 1024 in
1496 988 1576 1025 dies
1598 989 1705 1030 vires,
1732 997 1771 1025 et

255 1054 495 1101 impatientia
523 1055 561 1089 in
592 1055 726 1090 eodem
755 1054 886 1089 labore
916 1053 1146 1090 diutiuscule
1174 1054 1451 1096 commorandi,
1474 1063 1512 1090 et
1538 1054 1769 1090 desiderium

194 1127 243 1151 XL
256 1118 447 1153 studiosae
475 1118 671 1166 juventuti
702 1126 778 1154 tam
815 1130 968 1166 gravem
1006 1126 1215 1158 auctorem,
1247 1126 1324 1153 tam
1360 1118 1630 1159 necessarium,
1663 1121 1770 1167 cujus

256 1181 441 1217 editiones
468 1190 557 1217 sunt
578 1195 689 1229 quam
722 1182 931 1217 rarissimae
962 1190 999 1216 et
1029 1182 1258 1223 carissimae,
1282 1194 1356 1228 quo
1379 1190 1506 1217 tamen
1534 1195 1662 1218 carere
1689 1183 1769 1218 sine

253 1246 393 1281 damno
414 1247 579 1282 maximo
600 1255 727 1296 potest
751 1259 866 1282 nemo
889 1246 1000 1295 paulo
1021 1246 1235 1287 humanior,
1259 1258 1373 1293 quam
1394 1246 1560 1293 primum
1580 1246 1660 1281 fieri
1681 1259 1768 1294 pos-

253 1318 323 1351 set,
355 1324 473 1358 parvo
503 1312 724 1359 parabilem,
757 1320 793 1347 et
823 1311 935 1346 facile
965 1310 1203 1359 gestabilem,
1231 1318 1268 1345 et
1300 1310 1535 1345 ornamentis
1569 1322 1646 1345 non
1677 1322 1767 1346 con-

253 1375 470 1411 temnendis
499 1375 742 1418 instructum,
766 1389 843 1411 non
867 1375 1046 1411 omnibus
1067 1374 1231 1422 quidem,
1254 1382 1312 1410 tot
1333 1382 1462 1409 tamen
1487 1374 1560 1409 illis
1583 1383 1620 1410 et
1641 1375 1767 1417 tantis,

253 1447 345 1485 quot
375 1447 413 1474 et
434 1448 576 1486 quanta
604 1439 712 1475 nulla
740 1439 815 1474 alia
845 1439 1083 1486 superiorum
1114 1438 1325 1474 editionum
1357 1438 1537 1479 dedisset,
1563 1439 1601 1473 in
1632 1450 1768 1474 manus

252 1502 379 1543 dandi,
402 1501 580 1538 festinare
603 1511 824 1551 coegerunt,
844 1511 882 1538 et
904 1503 1028 1538 minus
1050 1501 1264 1550 perfectum
1288 1515 1382 1549 opus
1405 1502 1527 1543 edere,
1546 1515 1659 1549 quam
1681 1501 1768 1538 nul-

251 1566 344 1606 lum,
373 1566 500 1607 malle,
522 1574 733 1608 verentem,
766 1580 813 1602 ne
843 1567 879 1602 in
912 1575 1051 1602 conatu
1083 1566 1370 1614 superstitiosae
1401 1566 1617 1614 diligentiae
1647 1565 1767 1601 fatum

251 1643 312 1665 me
346 1630 586 1678 opprimeret,
618 1644 847 1678 mecumque
886 1631 1048 1666 lectores
1081 1629 1207 1666 fructu
1242 1641 1350 1665 meae
1386 1642 1523 1677 operae
1561 1629 1768 1671 fraudaret,

252 1694 398 1730 Deinde
421 1695 504 1742 quis
533 1703 666 1730 auctor
695 1695 775 1737 tibi,
799 1695 848 1730 nii
867 1695 993 1736 Wolfi,
1015 1694 1085 1730 fuit
1114 1702 1192 1730 tam
1223 1693 1328 1729 stulti
1357 1694 1518 1735 consilii,
1540 1702 1583 1729 ut
1608 1694 1763 1730 Aethio·

253 1771 336 1806 pem
368 1757 543 1794 lavares?
603 1759 809 1807 Ulpianum
839 1771 906 1794 cur
927 1759 1105 1794 Latinum
1134 1757 1285 1794 fecisti?
1344 1758 1439 1801 Quis
1462 1758 1603 1807 jussit?
1636 1767 1714 1799 aut,
1738 1759 1767 1794 si

251 1822 334 1869 quis
349 1823 475 1871 jussit,
497 1835 564 1858 cur
584 1823 880 1870 obsequebaris?
931 1823 1107 1858 Debebas
1129 1822 1337 1869 sapientior
1358 1834 1454 1861 esse,
1478 1835 1591 1869 quam
1613 1822 1766 1869 ineptus

248 1886 436 1928 librarius,
460 1887 524 1934 qui
546 1900 584 1922 se
610 1900 631 1922 a
655 1888 773 1922 stulto
801 1899 906 1922 more
937 1887 1090 1928 saeculi,
1114 1887 1160 1922 ab
1182 1887 1409 1934 importunis
1441 1894 1629 1921 emtorum
1658 1887 1765 1936 flagi-

250 1950 457 1986 tationibus
478 1951 563 1986 duci
584 1959 793 1998 pateretur.
849 1951 1022 1987 Debebas
1044 1950 1193 1986 fortiter
1212 1951 1410 1989 resistere;
1443 1950 1609 1985 debebas
1630 1950 1759 1986 biblio-

248 2014 421 2061 polarum
454 2015 637 2050 stultitiae
667 2023 704 2050 et
738 2014 1021 2062 importunitati
1053 2027 1277 2062 responsare
1313 2014 1471 2054 duriter,
1503 2027 1579 2049 non
1610 2014 1763 2055 servire,

248 2091 325 2113 non
360 2079 547 2114 cervicem
585 2079 823 2114 submittere.
884 2079 1039 2114 Poteras
1074 2078 1207 2113 melius
1243 2079 1332 2126 quid
1369 2091 1493 2127 agere.
1554 2077 1765 2125 Ulpianum

249 2141 429 2176 Latinum
451 2142 534 2188 quis
561 2143 680 2190 legit?
712 2151 852 2189 quotus
874 2143 1034 2189 quisque
1060 2151 1129 2183 est,
1153 2143 1343 2178 Graecum
1366 2143 1429 2190 qui
1458 2141 1588 2191 legat?
1619 2141 1762 2177 nedum

247 2212 291 2238 ut
312 2205 504 2240 Latinum.
562 2206 718 2252 Ulpiani
745 2214 811 2241 tua
835 2206 973 2241 Latina
1002 2206 1268 2253 interpretatio
1290 2218 1443 2253 prorsus
1473 2205 1536 2240 illa
1557 2212 1625 2245 est,
1649 2217 1764 2252 quam

248 2275 439 2303 nostrates
468 2269 670 2315 proverbio
694 2272 855 2317 Jactant,
879 2269 1013 2315 quinta
1039 2281 1171 2304 currus
1202 2276 1296 2309 rota,
1324 2269 1432 2304 labor
1461 2269 1652 2304 incassum
1680 2280 1763 2316 per-

249 2339 367 2372 actus,
388 2333 494 2379 cujus
516 2343 629 2366 nemo
651 2332 717 2366 tibi
737 2332 876 2380 gratias
898 2332 1025 2367 habet.
1085 2334 1156 2368 Pro
1177 2332 1250 2368 ista
1269 2333 1588 2380 interpretatione
1618 2332 1762 2368 bonum

250 2395 442 2430 Graecum
472 2394 635 2430 indicem
665 2395 912 2435 condidisses,
942 2395 1148 2431 addidisses
1180 2395 1544 2443 Harpocrafflonem,
1566 2404 1632 2431 aut
1661 2396 1763 2431 aliud

249 2457 349 2504 quod
380 2457 613 2494 rhetoricum
642 2457 790 2493 lexicon
821 2458 1020 2499 ineditum,
1043 2459 1260 2508 digessisses
1290 2459 1401 2494 istam
1433 2466 1539 2494 tuam
1568 2459 1761 2494 horridam

249 2529 286 2556 et
315 2521 551 2556 inconditam
582 2522 726 2570 sylvam
745 2522 974 2557 variantium
1005 2530 1041 2557 et
1071 2522 1379 2563 annotationum,
1403 2530 1440 2558 et
1464 2522 1695 2558 concinnum
1723 2523 1763 2558 in

249 2584 420 2620 ordinem
441 2584 674 2634 redegisse83
706 2586 826 2621 multo
848 2585 899 2620 sic
924 2588 1105 2635 majorem
1136 2586 1295 2634 gratiam
1326 2598 1347 2621 a
1376 2586 1585 2621 lectoribus
1614 2585 1760 2628 irfisses,

249 2656 287 2683 et
308 2649 427 2684 multo
450 2649 584 2684 melius
606 2661 738 2684 eorum
760 2649 970 2685 commodis
991 2649 1232 2697 providisses.
1285 2650 1385 2685 Vitio
1414 2651 1485 2686 hoc
1508 2661 1660 2697 quoque
1682 2648 1762 2685 dari

249 2712 388 2747 &Volfio
413 2715 498 2761 jure
528 2720 665 2760 potest,
691 2714 804 2761 quod,
827 2726 942 2761 quum
979 2714 1211 2749 decrevisset
1244 2713 1451 2749 editionem
1485 2726 1561 2748 non
1593 2713 1760 2760 aliquam

250 2775 493 2810 vetustiorem
528 2776 689 2811 fideliter
723 2777 893 2820 reddere,
926 2777 990 2813 sed
1027 2778 1326 2813 Demosthenem
1362 2778 1407 2812 ad
1448 2785 1614 2812 mentem
1654 2788 1759 2811 suam

251 2839 515 2879 constitutum,
539 2852 560 2874 a
579 2852 618 2874 se
640 2839 887 2875 reformatum
909 2840 1010 2881 dare,
1034 2840 1401 2888 praestantissimum
1432 2850 1559 2876 tamen
1589 2840 1759 2875 codicem

172 2910 235 2932 xm
251 2900 421 2941 MStum,
445 2915 555 2948 quem
579 2903 680 2938 domi
702 2916 820 2950 paene
851 2916 939 2939 suae
969 2904 1139 2945 liaberet,
1164 2904 1198 2940 in
1220 2904 1312 2940 urbe
1334 2904 1486 2952 quidem
1509 2916 1588 2945 sua,
1611 2903 1649 2938 in
1670 2902 1755 2938 bibe
