1914 3184
234 116 321 153 222
542 116 621 155 DE
656 117 732 156 RE
767 118 1029 158 PUBLJOA
1063 119 1434 161 ORDINANDA.

296 219 389 266 166,
414 230 449 257 2.
472 220 662 272 ποιεῖσθε]
688 221 801 259 Male
823 221 893 260 alii
915 221 1008 260 libri
1031 227 1189 262 ποιεῖτε.
1221 228 1348 262 ποιεῖν
1371 225 1592 272 ἐκκλησίαν,
1613 240 1740 279 popa-

234 273 316 311 lum
336 274 380 312 in
400 275 616 313 concionem
647 289 803 328 ceam-e,-
838 279 1034 315 ποιεΐσθαι
1064 279 1286 326 ἐκκλησίαν,
1309 278 1353 317 in
1374 279 1550 318 concione
1570 294 1654 328 esse,
1679 283 1738 320 ἐκ-

235 327 470 377 κλησιάζειν,
493 330 768 377 βουλεύεσθαι.
831 330 1164 370 SCHAEFER.

299 384 386 429 166,
409 396 447 435 3.
472 384 750 432 ἐπιτιμήσαντα
771 388 851 426 τοῖς
872 385 1050 437 νέμουσι]
1079 386 1238 425 Aneod.
1261 386 1392 426 Bekk.
1414 402 1453 439 p.
1477 391 1567 440 136,
1595 403 1659 439 14.
1683 390 1740 429 sie

233 437 393 490 scripta
414 438 546 478 citant
565 453 572 476 :
608 439 886 488 ἐπιτιμήσαντα
906 444 986 480 τοῖς
1007 441 1120 482 νέοις.
1183 441 1514 482 SCHAEFER.

298 494 390 540 166,
419 506 477 531 11.
503 493 581 544 καὶ]
613 493 659 531 F.
683 493 717 542 ἢ.
780 494 1113 535 SGHAEFER.

290 548 532 599 περιουσίας]
598 548 707 587 Vide
757 563 808 588 ne
857 549 1121 589 scribendum
1171 551 1225 590 sit
1272 553 1497 602 παρουσίας,
1536 554 1645 605 quod
1692 568 1741 594 ex

235 602 312 641 hac
346 602 536 641 oratione
571 603 716 643 citavit
739 603 928 652 Photius,
962 605 1051 644 coll.
1087 611 1173 645 not.
1205 605 1259 646 ad
1290 621 1330 658 p.
1360 608 1447 653 168,
1482 609 1519 645 6.
1583 608 1742 648 Eodem

234 658 357 695 modo
382 658 506 697 Plato
529 658 734 698 comicus:
770 660 819 700 ὡς
851 660 912 698 καὶ
945 665 1013 699 νῦν
1035 661 1178 712 ἔχομεν
1199 663 1423 709 παρουσίας.
1486 662 1540 701 V.
1566 663 1740 703 Porson.

233 712 289 751 ad
312 712 499 765 Euripid.
526 713 639 752 Med.
662 728 702 766 p.
725 725 793 766 35.
816 714 879 753 ed.
905 714 1017 767 Lips.
1040 720 1139 755 tert.
1201 715 1532 756 SOHAEFER.
1568 758 1572 760 ι

296 769 386 815 166,
416 780 607 820 14.--15.
643 769 794 808 Confer
815 770 999 809 Androt.
1034 785 1074 823 p.
1098 773 1195 821 607,
1219 783 1258 823 5.
1296 772 1393 819 608,
1430 783 1493 822 24.
1557 772 1670 813 Infra
1700 788 1739 826 p.

241 823 332 873 169,
359 835 394 861 2.
457 823 630 862 DOBR.

297 879 386 925 166,
416 880 477 917 16.
502 878 689 931 Respicit
712 879 881 932 Olynth.
907 880 939 918 I.
963 895 1002 932 p.
1030 894 1091 930 14,
1117 893 1182 932 27.
1245 880 1417 920 DOBR.

296 936 389 983 167,
416 946 449 971 1.
482 934 611 985 ἑορτὴ]
640 935 662 983 ἡ
685 935 796 984 ἑορτὴ
819 935 1070 984 Felicianus,
1093 936 1214 975 male.
1277 936 1433 975 Orator
1453 936 1562 976 enim
1591 937 1631 976 in
1654 938 1741 977 uni-

234 1002 397 1027 versum
430 988 627 1040 loquitur.
690 989 867 1029 Sensus:
900 991 936 1029 si
967 1005 1057 1030 vero
1091 997 1126 1030 et
1160 992 1241 1030 dies
1264 992 1366 1043 sesti
1397 998 1431 1030 et
1464 993 1624 1044 quaevis
1655 994 1742 1033 alia

233 1043 380 1082 occasio
389 1044 547 1095 facient
564 1044 743 1084 idoneum
755 1051 1006 1097 praetextam
1023 1046 1237 1099 capiendae
1248 1047 1454 1099 pecuniae.
1487 1047 1739 1087 SOHAEF.

297 1100 386 1148 167,
409 1110 445 1137 2.
469 1099 554 1140 τοὺς
570 1100 731 1151 λόγους]
763 1100 812 1138 Id
833 1104 898 1139 est
918 1103 984 1141 τὰς
1000 1101 1258 1150 παραινέσεις.
1291 1115 1337 1140 πο
1351 1101 1639 1142 adhortationes
1655 1104 1741 1156 qai-

231 1153 318 1192 dem
327 1154 519 1206 faciendi
539 1168 596 1201 ea,
619 1169 717 1207 qaae
728 1162 939 1206 praeterea
944 1157 1050 1208 fieri
1066 1170 1147 1209 pat·
1166 1163 1231 1203 est,
1249 1156 1365 1195 meris
1385 1156 1510 1196 'verbis
1531 1165 1740 1210 conceptas,

231 1223 353 1262 neque
383 1210 491 1248 altra
513 1209 628 1249 verba
650 1210 914 1262 procedentes,
935 1211 1160 1264 tradamque
1184 1212 1276 1257 vim,
1299 1211 1451 1251 nullam
1483 1214 1740 1253 necessitatem

229 1265 487 1311 admoventes,
511 1264 675 1304 ‹zm-ibus
701 1266 876 1318 accipere
903 1267 1111 1306 sustinetis.
1144 1267 1340 1306 REISK.
1405 1267 1506 1306 Plus
1536 1268 1741 1321 significa-

234 1324 316 1358 tur.
379 1321 434 1359 V.
457 1335 493 1359 v.
518 1322 556 1359 6.
578 1335 609 1359 s.
672 1320 1006 1361 SGHAEFER.

298 1377 389 1425 167,
410 1391 448 1424 4.
487 1377 686 1428 νομίσητε]
728 1376 821 1415 Νο11
852 1391 955 1429 opus
991 1377 1204 1417 subaudiri
1237 1392 1329 1417 cum
1358 1378 1528 1418 Reiskio
1562 1380 1742 1430 ὕστερον,

234 1444 330 1469 011111
351 1432 626 1483 praecesserit
645 1431 820 1481 μήποθ’,
842 1446 894 1472 ne
915 1433 1111 1485 quando,
1175 1432 1506 1473 SCHAEFER.

292 1487 554 1538 θορυβήσητε]
609 1490 804 1537 θορυβεῖν,
851 1487 949 1527 alibi
990 1488 1040 1527 (le
1081 1488 1398 1528 assentientium
1438 1489 1585 1542 plausu
1625 1504 1741 1529 usur-

232 1545 391 1593 patum,
414 1542 454 1580 h.
477 1541 500 1580 l.
525 1541 735 1595 significat
756 1542 1022 1595 reprobcm‘ttem
1043 1542 1268 1596 obstrepere.
1331 1544 1399 1583 Sic
1426 1559 1465 1597 p.
1490 1546 1558 1593 60,
1582 1557 1646 1596 27.
1680 1547 1746 1585 καί

230 1613 298 1645 ,μοι
318 1597 369 1646 μὴ
391 1597 590 1647 θορυβήσῃ
610 1599 753 1646 μηδεὶς,
777 1599 866 1648 πρὶν
888 1598 936 1637 ἂν
957 1600 1116 1653 ἀκούσῃ.
1180 1599 1293 1638 Infra
1322 1614 1362 1652 p.
1393 1613 1482 1649 170,
1505 1612 1544 1652 5.
1577 1602 1679 1642 ὅπως
1701 1603 1741 1640 δὲ

231 1652 285 1701 μὴ
307 1652 505 1702 θορυβήσῃ
526 1669 590 1701 μοι
610 1653 751 1702 μηδεὶς,
773 1654 863 1703 πρὶν
884 1654 932 1693 ἂν
953 1654 1106 1693 ἅπαντα
1127 1655 1231 1693 εἴπω.
1294 1653 1625 1694 SCHAEFER.

300 1710 386 1758 167,
403 1709 440 1746 6.
465 1709 676 1757 ἐκκλησίαν
698 1709 966 1761 ἀπεδώκαμεν]
995 1709 1278 1749 Observentur
1299 1710 1410 1749 modi
1432 1710 1649 1763 loquendi:
1683 1712 1741 1750 ἐκ-

231 1764 401 1810 κλησίαν
422 1764 645 1811 ἀποδοῦναι,
668 1768 794 1803 ποιεῖν
813 1762 836 1812 ἢ
857 1768 1066 1810 ποιεῖσθαι,
1086 1764 1282 1816 συνάγειν,
1302 1766 1527 1816 συλλέγειν,
1547 1767 1738 1816 γίνεσθαι,

229 1819 287 1858 εἰς
304 1819 514 1867 ἐκκλησίαν
532 1819 739 1868 ἀναβῆναι.
775 1819 963 1858 WOLF.
1027 1819 1304 1873 Intelligenda
1324 1820 1482 1868 concio,
1498 1834 1638 1861 coram
1660 1836 1741 1874 qua

233 1872 335 1912 haec
358 1873 492 1912 oratio
514 1874 657 1913 haberi
678 1874 862 1927 fingitur.
926 1875 1257 1914 SGHAEFER.

295 1931 386 1979 167,
418 1942 477 1968 11.
500 1929 568 1968 τὸν
589 1930 714 1981 δεῖνα]
745 1930 861 1969 Conf.
887 1930 1056 1983 Olynth.
1082 1931 1164 1970 HI.
1187 1945 1227 1983 p.
1250 1932 1317 1984 38,
1343 1943 1407 1970 21.
1469 1931 1644 1971 DOBR.

296 1986 387 2035 167,
415 1986 477 2023 16.
518 1984 635 2024 Conf.
660 1985 830 2037 Olynth.
856 1985 938 2024 III.
960 2001 1000 2038 p.
1024 1987 1091 2038 38,
1113 2000 1152 2035 4.
1177 2000 1266 2039 sqq.
1330 1986 1500 2026 DOBR.

289 2039 376 2080 τοὺς
406 2041 479 2087 μὲν
515 2041 558 2078 ἐν
592 2040 738 2092 ἡλικίᾳ]
779 2042 815 2079 οἱ
847 2042 889 2080 ἐν
923 2041 1052 2094 ἡλικίᾳ
1084 2046 1181 2081 sunt
1212 2042 1396 2094 juvenes,
1427 2056 1603 2095 quorum
1635 2042 1740 2081 mili-

232 2094 335 2132 taris
371 2100 435 2133 est
470 2099 600 2133 aetas.
666 2095 790 2134 Unde
824 2096 1020 2135 Ovidius:
1059 2097 1166 2146 Quae
1198 2096 1290 2136 bello
1325 2104 1379 2137 est
1414 2097 1570 2144 laabim,
1604 2098 1742 2137 Veneri

230 2163 378 2200 qaoque
417 2150 590 2189 convenit
630 2156 747 2189 aetas.
815 2151 944 2204 Turpe
981 2166 1094 2192 senex
1132 2153 1257 2200 miles,
1292 2159 1403 2205 tarpe
1442 2153 1577 2192 smilis
1615 2167 1738 2192 amor.

237 2204 423 2242 WOLF.

289 2260 580 2310 στρατιωτικὸν]
611 2259 704 2298 Scil.
729 2261 921 2310 ἀργύριον.
960 2262 1057 2300 velat
1080 2262 1120 2301 in
1148 2263 1356 2302 mercedem
1377 2277 1514 2315 operae
1536 2263 1738 2311 militaris,

229 2327 351 2365 quam
389 2327 547 2365 corpore
581 2314 742 2366 quisque
775 2329 842 2354 sae
882 2317 926 2355 in
965 2317 1105 2355 eastris·
1136 2324 1328 2369 praestat.
1374 2318 1565 2357 REISK.
1628 2318 1740 2358 Bene

233 2368 426 2407 Reiskius
442 2369 553 2407 velut.
601 2369 680 2408 Est
701 2369 809 2408 onim
825 2370 927 2410 haec
945 2372 1200 2411 constructio
1222 2372 1272 2411 de
1288 2387 1439 2425 genero
1459 2387 1618 2419 earum,
1638 2387 1740 2426 quas

231 2424 368 2476 vulgo,
409 2424 481 2462 sed
521 2423 608 2463 sine
647 2438 809 2473 caussa,
845 2426 1039 2478 supplent
1073 2427 1356 2466 subaudiendo
1392 2428 1639 2480 particulam
1676 2430 1737 2470 ὡς.
1769 2459 1775 2463 .

231 2478 562 2519 SOHAEFER.

295 2536 383 2585 167,
431 2545 492 2584 17.
530 2534 615 2575 τοὺς
656 2533 685 2572 δ’
727 2536 822 2585 ὑπὲρ
863 2536 930 2574 τὸν
971 2536 1208 2588 κατάλογον]
1264 2537 1487 2585 Emeritos,
1528 2539 1630 2577 rude
1669 2539 1739 2577 do-

232 2594 369 2636 natos,
391 2589 460 2641 qui
482 2603 636 2628 annum
657 2589 810 2628 aetatis
831 2604 899 2643 45.
923 2596 1202 2631 excesserunt.
1266 2592 1454 2632 WOLF.

290 2644 553 2695 ἐξεταστικὸν]
599 2644 804 2697 Proponit
839 2645 916 2684 hoc
950 2661 1110 2694 nomen,
1144 2651 1205 2695 ut,
1240 2647 1271 2686 si
1305 2647 1484 2699 placeat,
1515 2662 1597 2686 non
1633 2649 1738 2688 male

233 2699 477 2738 conveniens
509 2699 710 2751 pecuniae
743 2699 810 2747 illi⁷
835 2715 957 2753 quam
979 2706 1127 2741 auctor
1147 2707 1211 2741 est
1233 2702 1322 2741 dari
1355 2702 1509 2742 civibus
1531 2703 1739 2755 stipendia

231 2753 429 2798 emeritis
453 2754 601 2806 quibus
621 2768 696 2806 per
716 2759 901 2794 aetatem
917 2757 1036 2796 venia
1051 2761 1115 2796 est
1136 2757 1320 2795 munium
1337 2758 1623 2804 castrensium,
1642 2759 1737 2806 ὑπὲρ

232 2814 298 2848 τοῦ
320 2808 525 2857 ἐξετάζειν,
542 2823 616 2861 pro
638 2823 764 2861 opera,
784 2810 838 2849 ab
861 2811 959 2863 ipsis
981 2812 1186 2859 navanda,
1204 2817 1251 2851 ut
1267 2812 1434 2851 videant
1456 2817 1498 2851 et
1520 2817 1734 2864 quaerant,

232 2878 329 2902 num
355 2863 556 2914 juniores,
580 2878 753 2915 quorum
786 2879 874 2904 sors
910 2871 973 2905 est
1006 2867 1047 2905 in
1077 2871 1215 2906 castra
1246 2867 1433 2914 exeundi,
1457 2872 1532 2906 aut
1563 2867 1602 2905 in
1634 2866 1735 2905 urbe
