1950 3210
667 116 781 155 PRo
814 115 1066 156 CORONA.
1541 117 1613 156 471

167 233 263 273 331,
283 233 346 260 22.
372 222 487 274 οὕτω]
518 221 638 272 Quod
657 220 749 260 dico
768 235 832 260 me
854 222 1018 269 πολίτην
1032 220 1149 270 φύσει
1169 219 1338 270 μέτριον.
1373 218 1527 259 SCHA
1537 220 1624 258 EF.

166 289 262 330 331,
289 289 353 330 23.
376 281 442 316 τοῦ
466 277 666 329 γενναίου]
710 276 755 315 ld
778 281 843 316 est.
864 278 928 325 τῆς
950 277 1233 326 γενναιότητος.
1276 274 1469 314 REISK.

167 334 210 371 ἐν
236 334 310 381 μὲν
340 338 424 374 ταῖς
457 333 649 382 ἐξουσίαις
666 331 740 386 -]
777 332 870 371 Duo
906 331 990 379 illa,
1024 345 1130 384 quae
1166 331 1295 370 civem
1327 331 1432 385 frugi
1471 331 1625 371 habere

108 387 260 427 debere
281 388 397 436 dicit,
419 395 527 435 sunt,
553 388 620 427 ubi
644 403 717 442 per
745 403 881 428 reruni
911 387 1190 427 conditionem
1223 387 1358 435 liceat,
1381 392 1626 426 constanter

108 443 258 497 eligere
281 445 390 498 quod
412 459 659 498 generosum
682 444 735 483 sit
759 449 801 484 et
822 444 978 497 primns
1007 448 1164 496 partes,
1185 443 1295 482 omni
1319 457 1415 481 vero
1437 450 1625 496 tempore

107 514 274 540 servare
306 501 648 540 benevolentiam.
712 500 818 540 Sunt
842 501 1013 549 ἐξουσίαι
1038 504 1276 552 opportuna
1307 504 1530 546 momenta,
1555 499 1624 538 ubi

107 555 230 596 liceat
251 558 297 595 τὰ
325 561 494 606 πρωτεῖα
525 556 729 609 persequi,
754 555 1102 608 quemn‹lmodum
1125 569 1252 608 supra
1274 554 1377 594 ‹licit
1398 556 1462 594 ὅτε
1483 557 1555 605 μὲν
1578 557 1623 609 τῇ

107 613 221 651 πόλει
243 614 289 650 τὰ
309 612 505 660 βέλτιστα
528 612 690 651 ἑλέσθαι
710 614 847 662 παρῆν.
890 611 1118 651 DISSEN.

163 679 261 720 331,
287 680 350 718 27.
384 669 572 707 δύνασθαι
601 668 662 707 καὶ
689 668 859 720 ἰσχύειν]
900 667 1012 706 Nota
1043 666 1346 707 abundantiam
1381 666 1620 706 oratoriam.

110 722 177 762 Sic
202 726 293 762 νοῦν
315 725 377 762 καὶ
398 723 546 774 φρένας
568 738 604 776 p.
627 735 723 777 332,
748 736 808 762 20.
854 722 1106 763 SCHAEF.

164 779 324 831 ταύτην]
364 778 488 818 Redit
510 779 563 818 ad
587 781 754 818 εὔνοιαν.
808 779 860 817 V.
885 794 923 831 p.
945 791 1041 831 332,
1064 792 1102 832 3.
1149 778 1401 818 SCHAEF.

165 847 262 887 331,
293 846 355 885 29.
389 835 671 888 ἐξαιτούμενος]
719 834 786 874 Ab
821 835 1067 874 Alexandro
1108 843 1204 887 post
1239 849 1404 874 eversus
1442 834 1622 873 Thebas.

110 890 334 930 DISSEN.

161 945 487 997 Ἀμφικτυονικὰς
508 948 615 988 δίκας
637 946 882 1000 ἐπαγόντων]
910 945 1111 1000 Intelligit
1136 945 1458 986 Macedonicam
1479 946 1623 985 factio—

106 1016 213 1041 nem.
277 1001 479 1041 Videmus
519 1007 661 1042 autem
701 1003 815 1056 apud
856 1002 1186 1055 Amphictyones
1231 1002 1336 1042 adeo
1381 1007 1624 1041 accusatum

108 1058 449 1105 Demosthenem,
488 1059 598 1111 quod
639 1058 767 1098 etiam
806 1058 1034 1098 Aeschines
1075 1058 1295 1098 confirmat
1332 1072 1370 1111 p.
1408 1060 1472 1108 76.
1541 1058 1623 1097 Sed

107 1128 229 1168 quem
264 1118 530 1167 praetextum
570 1117 863 1167 sumpserunt}
925 1114 1082 1167 Nempe
1116 1119 1283 1167 poterat
1320 1114 1505 1153 accusari
1547 1114 1624 1153 lJe-

106 1170 357 1217 mosthenes,
382 1171 492 1223 quod
515 1185 607 1210 cum
630 1170 850 1224 Philippus
872 1170 1056 1223 Apollini
1080 1170 1282 1223 Delphico
1311 1184 1430 1222 opem
1461 1170 1624 1209 laturus

106 1226 287 1266 venisset
317 1225 372 1266 ad
403 1226 724 1280 Amphissenses
756 1226 997 1280 puniendos,
1026 1231 1069 1266 et,
1099 1226 1176 1266 hac
1210 1240 1328 1266 sacru
1358 1225 1623 1279 expeditione

107 1286 335 1336 occupatus
376 1288 497 1329 esset.
540 1282 628 1336 ipse
671 1282 1041 1336 Amphissensibus
1089 1282 1368 1322 mercenarios
1408 1282 1622 1329 clocas-set,

107 1339 219 1392 quod
240 1338 348 1378 fecel
349 1343 410 1386 ab,
431 1343 477 1378 ut
501 1353 626 1392 supia
647 1339 977 1379 memolaximus.
1023 1338 1254 1377 DISSEN.

164 1407 260 1449 332,
283 1407 321 1447 3.
345 1394 488 1444 rea—{g
511 1394 645 1448 ἀρχης]
678 1395 720 1433 τὸ
744 1394 806 1434 ἀπ’
827 1395 948 1447 ἀρχης
969 1409 1007 1447 p.
1032 1395 1126 1437 668.
1154 1407 1217 1446 25.
1262 1392 1516 1434 SCHAEF.

170 1462 269 1502 332,
301 1453 338 1489 6.
377 1467 443 1492 τας
484 1450 883 1504 εὐδοξίας-αὔξειν]
936 1450 1052 1490 Citat
1090 1450 1272 1490 Thomas
1311 1450 1369 1489 M.
1404 1465 1439 1489 v.
1479 1451 1622 1499 αὔξειν.

107 1506 302 1546 REISK.

163 1565 231 1604 τὰς
266 1568 361 1615 post
394 1562 566 1612 εὐδοξίας
594 1561 755 1602 omittit
785 1562 968 1603 Thomas
993 1562 1053 1601 M.
1087 1576 1180 1601 cum
1211 1562 1330 1601 codd.
1361 1561 1622 1614 quibusdam.

109 1618 361 1659 SCHAEF.

171 1686 268 1727 332,
303 1685 339 1724 7.
382 1675 449 1713 οὐκ
492 1675 554 1713 ἐπὶ
593 1674 1020 1727 μὲν-περιέρχομαι]
1079 1673 1197 1715 Citat
1239 1673 1429 1714 Tiberius
1471 1688 1511 1726 p.
1554 1685 1622 1726 33.

109 1729 358 1770 SOHAEF.

163 1797 260 1839 332,
286 1786 323 1825 8.
348 1785 601 1838 εὐτυχήμασι]
634 1786 797 1836 ἀγαθοῖς
819 1785 1026 1825 TiberiUS.
1072 1784 1324 1826 SCHAEF.

164 1853 260 1894 332,
288 1854 351 1895 15.
385 1842 455 1891 ἔξω
488 1843 528 1880 δὲ
559 1841 773 1894 βλέπουσι]
807 1842 903 1894 Spes
937 1855 1032 1880 secas
1064 1841 1107 1880 in
1142 1841 1286 1880 caeteris
1315 1845 1480 1893 ponunt.
1557 1839 1624 1879 Sic

108 1897 324 1936 Plutarch.
348 1898 473 1936 Arat.
497 1910 531 1936 c.
555 1909 615 1949 15.
646 1901 729 1938 ταῖς
758 1899 916 1936 ἐλπίσιν
939 1897 1009 1946 ἔξω
1030 1897 1207 1947 βλέπων.
1271 1896 1380 1935 Vide
1400 1895 1624 1949 XVyttenb.

107 1953 162 1993 ad
185 1952 398 2040 Plutarch.
425 1952 533 1991 Mor.
557 1966 596 2004 p.
622 1953 687 1999 80,
711 1967 745 1991 e.
789 1952 1017 1992 DISSEN.

251 2020 351 2055 ..20
377 2011 468 2048 νοῦν
491 2008 552 2047 καὶ
573 2007 735 2060 φρένας]
769 2008 933 2047 Passim
957 2008 1193 2062 junguntur
1218 2007 1320 2047 haec
1349 2006 1529 2054 nomina,
1555 2006 1624 2057 (cf.

110 2022 416 2118 WVytt’enbach.
456 2063 679 2104 Animadv.
716 2064 770 2104 ad
808 2064 957 2104 Plutm
960 2064 1021 2103 ch
1061 2078 1101 2117 p.
1137 2065 1252 2116 209.)
1290 2061 1628 2116 amplificationis

109 2135 269 2161 caussa.
311 2119 541 2159 DISSEN.

165 2187 260 2230 332,
286 2188 351 2216 21.
385 2177 542 2225 ἐξώλεις
568 2175 629 2214 καὶ
650 2175 860 2229 προώλεις]
892 2175 1082 2215 solennis
1102 2174 1293 2214 formula.
1355 2173 1423 2213 Sic
1448 2174 1498 2213 de
1521 2174 1626 2214 falsa

107 2232 232 2286 legat.
248 2244 398 2285 p.395.
423 2232 568 2280 ἐξώλης
586 2232 804 2281 ἀπολοίμην
819 2232 879 2271 καὶ
896 2233 1086 2282 προώλης.
1134 2229 1623 2283 Aristoph.Nub.1139.

107 2292 182 2330 πᾶς
202 2289 368 2327 ἀπολεῖν
388 2287 436 2336 μέ
457 2292 556 2338 φησι
579 2287 773 2336 κάξολεῖν.
818 2286 1046 2327 DISSEN.

165 2355 262 2396 332,
288 2355 352 2392 24.
384 2341 652 2396 Subscriptus
684 2342 726 2381 in
749 2342 798 2382 B.
822 2342 863 2382 S.
886 2357 1082 2383 numerus
1103 2356 1296 2382 versuum
1327 2342 1449 2394 2768.
1477 2340 1626 2381 intelli-

108 2399 267 2452 gendus
298 2398 473 2438 exclusis
504 2413 609 2452 quae
640 2398 736 2439 huic
772 2399 951 2440 orationi
984 2399 1142 2440 inserta
1173 2406 1269 2438 sunt
1301 2397 1408 2438 actis
1438 2396 1623 2452 publicis

112 2454 166 2494 V.
189 2454 243 2494 ad
265 2469 303 2508 p.
329 2466 416 2506 130.
444 2466 505 2493 20.
