1914 3184
321 132 376 173 86
744 134 1144 175 OLYNTHIAOA
1177 135 1412 175 TERTIA.

317 238 425 278 Eum
462 238 592 293 igitur
629 240 747 294 quasi
784 240 824 279 in
858 241 1074 294 palaestra
1110 247 1400 287 exercuerant.
1433 245 1479 281 ut
1513 245 1660 281 tantus
1695 241 1829 282 fieret.

318 295 529 335 SAUPP.

371 354 440 404 36,
472 364 529 404 13.
566 353 1001 408 ἰσχυρὸς-Φίλιππος]
1038 353 1329 407 Hermogenes
1364 353 1389 393 l.
1417 367 1453 393 c.
1494 353 1651 405 ἰσχυρὸς
1683 353 1705 403 ἢ
1741 353 1828 405 παρ’

315 408 421 457 ἡμῶν
444 407 569 447 αὐτῶν
591 408 732 459 γέγονε
754 409 963 450 Φίλιππος.
1025 409 1219 449 REISK.

372 465 440 516 36,
474 476 530 515 15.
566 463 740 516 φαύλως]
775 464 935 517 Repete
968 479 989 504 e
1023 465 1293 520 sequentibus
1327 466 1422 518 ἔχει.
1484 464 1538 503 V.
1572 465 1626 505 ad
1655 465 1830 506 Hesiod.

315 531 412 572 327.
476 519 806 559 SCHAEFER.

374 580 442 629 36,
470 579 530 615 16.
555 575 621 628 ἂν]
648 575 692 624 δὴ
714 575 952 629 Dionysius.
1014 577 1208 618 REISK.

374 633 442 672 τὰς
464 630 643 680 ἐπάλξεις
665 649 698 670 κ.
721 648 752 670 τ.
775 633 834 684 λ.]
873 633 919 671 Ρ.
945 633 1040 687 689,
1058 646 1122 687 23.
1147 635 1310 686 δημοσίᾳ
1341 633 1370 673 δ’
1392 634 1500 683 ὑμεῖς
1532 633 1557 673 ἃ
1585 634 1658 683 μὲν
1686 635 1831 674 οἰκοδο-

314 690 421 736 μεῖτε
439 689 501 727 καὶ
524 690 687 735 κονιᾶτε,
706 689 755 729 ὡς
774 691 890 739 μικρὰ
912 690 972 728 καὶ
992 690 1180 741 γλίσχρα,
1200 691 1368 741 αἰσχύνη
1388 689 1538 740 λέγειν,
1554 703 1660 743 quae
1681 694 1834 730 auctor

316 757 376 782 or.
411 756 471 796 13.
506 758 545 796 p.
578 756 621 794 17
630 756 666 796 5,
700 757 739 796 3.
774 744 836 784 ita
869 744 911 783 in
944 760 1064 785 usum
1096 760 1215 785 suum
1242 745 1472 785 convertit:
1507 747 1671 799 δημοσίᾳ
1702 748 1774 796 μὲν
1809 748 1832 797 ἡ

315 800 430 839 πόλις
450 800 556 849 ἡμῶν
577 801 645 840 τὰς
666 800 777 842 ὁδοὺς
799 802 933 854 ἀγαπᾷ
956 801 1294 849 κατασκευάζουσα
1325 802 1385 841 καὶ
1409 801 1547 852 κρήνας
1569 802 1630 841 καὶ
1653 801 1830 852 κονιάμα-

315 870 364 893 τα
385 856 447 894 καὶ
467 855 620 906 λήρους.
685 856 869 896 Videtur
900 857 1031 912 igitur
1054 857 1244 897 Eubulus
1277 857 1504 911 aliquando
1530 856 1667 910 pinnis
1694 872 1831 898 muro-

315 924 408 949 rum
430 925 581 951 novum
597 912 823 952 tectorium
846 913 1125 954 inducendum
1147 913 1371 962 curavisse,
1389 927 1540 953 vanam
1561 913 1628 952 ille
1650 913 1831 966 speciem

315 971 515 1007 sectatus.
578 967 687 1008 Nam
721 969 775 1008 ad
807 969 1019 1009 Eubulum
1050 970 1153 1010 haec
1184 969 1324 1010 omnia
1355 970 1574 1009 referenda
1606 983 1696 1009 esse
1726 970 1831 1011 satis

316 1023 538 1063 verisimile
572 1029 648 1071 est,
672 1039 798 1078 quum
833 1040 925 1065 eum
959 1026 1140 1066 sciamus
1174 1025 1255 1065 illis
1283 1025 1545 1079 temporibus
1574 1026 1660 1065 fere
1691 1026 1830 1067 omnia

314 1093 443 1131 opera
474 1080 642 1133 publica
663 1081 884 1121 curavisse.
948 1082 1180 1122 Aeschines
1213 1097 1252 1135 p.
1275 1093 1343 1135 57,
1369 1095 1433 1134 25.
1467 1084 1529 1122 διὰ
1563 1083 1604 1121 δὲ
1636 1082 1705 1132 τὴν
1735 1083 1831 1133 πρὸς

316 1134 525 1185 Εὔβουλον
547 1137 764 1187 γενομένην
784 1138 916 1178 πίστιν
948 1140 1038 1188 ὑμῖν
1059 1140 1095 1178 οἱ
1117 1139 1178 1178 ἐπὶ
1200 1138 1242 1177 τὸ
1265 1138 1450 1190 θεωρικὸν
1471 1139 1832 1190 κεχειροτονημένοι

312 1191 436 1244 ἦρχον
456 1192 657 1242 μὲν-τὴν
678 1197 745 1233 τοῦ
766 1195 1038 1246 ἀντιγραφέως
1054 1195 1192 1247 ἀρχὴν,
1210 1194 1333 1246 ἦρχον
1355 1195 1395 1234 δὲ
1412 1194 1481 1244 τὴν
1502 1198 1578 1233 τῶν
1594 1195 1829 1244 ἀποδεκτῶν,

315 1248 378 1287 καὶ
406 1249 567 1299 νεώριον
599 1250 658 1288 καὶ
689 1250 927 1300 σκευοθήκην
956 1249 1188 1304 ᾠκοδόμουν,
1212 1250 1331 1299 ἦσαν
1352 1252 1397 1290 δὲ
1428 1251 1499 1289 καὶ
1532 1251 1739 1290 ὁδοποιοὶ
1768 1252 1830 1291 καὶ

314 1303 460 1355 σχεδὸν
481 1304 550 1354 τὴν
571 1306 670 1354 ὅλην
692 1306 882 1355 διοίκησιν
903 1307 1012 1359 εἶχον
1033 1309 1099 1356 τῆς
1120 1308 1284 1349 πόλεως.
1347 1307 1406 1346 Cf.
1427 1306 1472 1346 C.
1490 1306 1538 1346 Ο.
1565 1306 1756 1346 Mueller.
1778 1307 1831 1346 de

314 1359 583 1400 munimentis
607 1361 710 1401 Ath.
734 1377 776 1415 p.
804 1375 867 1411 24.
891 1378 951 1416 sq.
1015 1362 1228 1402 SAUPP.

369 1418 437 1468 36.
468 1428 526 1467 17.
563 1418 691 1471 ὁδοὺς]
728 1419 787 1458 Cf.
814 1418 1035 1459 Aeschinis
1064 1419 1089 1459 l.
1112 1419 1164 1463 d..
1189 1433 1310 1473 quem
1342 1433 1435 1458 cum
1465 1418 1652 1458 versibus
1683 1419 1829 1459 comici

315 1472 543 1525 cujusdam.
577 1473 645 1526 qui
681 1480 779 1514 sunt
812 1476 925 1528 apud
949 1476 1223 1516 Plutarchum
1257 1479 1471 1528 praecept.
1505 1475 1610 1528 reip.
1644 1476 1754 1516 adin.
1787 1490 1828 1529 p.

315 1527 409 1568 811.
436 1528 494 1567 F:
532 1530 730 1583 Μητίοχος
760 1533 832 1581 μὲν
859 1534 933 1583 γὰρ
965 1536 1187 1583 στρατηγεῖ,
1212 1533 1413 1584 Μητίοχος
1441 1533 1481 1571 δὲ
1503 1534 1571 1574 τὰς
1593 1531 1716 1579 ὁδοὺς,
1742 1535 1828 1581 Μη-

313 1586 445 1637 τίοχος
480 1584 509 1624 δ’
544 1586 680 1636 ἄρτους
710 1588 857 1639 ἐπωπᾷ,
883 1590 1082 1640 Μητίοχος
1115 1590 1157 1627 δὲ
1185 1589 1368 1637 τᾶλφιτα,
1393 1587 1572 1628 contulit
1594 1587 1647 1627 A.
1670 1587 1830 1628 Boeck-

314 1640 406 1680 hius
428 1655 570 1681 oecon.
593 1643 706 1695 publ.
731 1644 833 1682 Ath.
866 1657 898 1683 1.
921 1659 959 1697 p.
987 1645 1080 1684 218.
1141 1644 1354 1683 SAUPP,

373 1697 528 1750 κρήνας]
567 1699 787 1752 Aquarum
815 1706 858 1740 et
888 1700 1067 1740 fontium
1094 1715 1194 1740 cura
1226 1715 1351 1754 quam
1373 1700 1514 1754 gravis
1545 1699 1671 1740 fuerit
1695 1700 1829 1740 Athe-

315 1752 389 1797 nis.
414 1768 590 1805 quarum
613 1755 745 1794 solum
767 1756 931 1795 aridum
949 1762 1042 1796 erat
1063 1761 1106 1796 et
1128 1756 1416 1809 scaturigenes
1432 1756 1656 1810 pleraeque
1676 1756 1826 1805 salsae,

318 1808 499 1848 Leakius
517 1810 621 1863 Top.
640 1811 743 1851 Ath.
771 1827 809 1864 p.
834 1824 906 1863 177
933 1827 994 1865 sq.
1016 1818 1059 1852 et
1086 1828 1126 1866 p.
1143 1823 1227 1866 524
1249 1827 1337 1866 sqq.
1361 1813 1424 1852 ed.
1449 1825 1484 1852 2.
1507 1812 1705 1852 ostendit.
1762 1813 1828 1853 De

313 1865 582 1905 curatoribus
615 1882 821 1921 aquarum
858 1869 907 1907 cf.
942 1869 985 1909 C.
1020 1868 1204 1908 Sintenis
1237 1869 1292 1908 ad
1316 1869 1428 1909 Plut.
1453 1868 1655 1908 Themist.
1687 1883 1722 1908 c.
1754 1882 1823 1922 31.

315 1920 510 1974 Apparet
541 1922 671 1975 igitur
695 1924 904 1963 Eubulum
939 1924 1043 1964 satis¹
1077 1925 1182 1965 levia
1214 1925 1424 1965 curavisse
1450 1939 1590 1978 opera,
1614 1925 1687 1964 sed
1719 1939 1826 1979 quae

316 1977 376 2016 vel
398 1992 505 2018 vana
528 1979 664 2031 specie
686 1980 747 2019 vel
771 1981 977 2020 communi
1000 1981 1185 2021 utilitate
1207 1996 1250 2021 se
1281 1981 1434 2034 populo
1456 1981 1825 2021 commendarent:

316 2048 556 2087 quanquam
579 2050 661 2075 non
683 2037 787 2076 satis
804 2037 966 2090 justum
988 2052 1076 2077 esse
1093 2037 1296 2091 judicium
1320 2037 1629 2084 Demosthenis,
1652 2037 1827 2077 Aeschi-

315 2089 377 2128 nis
400 2089 425 2129 l.
450 2090 490 2130 d.
514 2095 556 2130 et
575 2091 778 2132 Dinarchi
802 2108 840 2146 p.
863 2105 941 2133 102
966 2093 1022 2132 H.
1046 2094 1107 2133 St.
1130 2094 1352 2133 ostendere
1369 2093 1574 2133 videntur.
1610 2093 1822 2133 SAUPP.

370 2148 437 2198 36.
467 2148 528 2186 18.
553 2148 613 2186 καὶ
634 2148 794 2201 λήρους]
821 2149 1114 2202 Compluribus
1145 2150 1270 2189 rebus
1292 2149 1546 2190 enumeratis
1568 2149 1630 2189 vel
1662 2149 1739 2189 hoc
1761 2150 1823 2189 vel

313 2200 446 2240 simile
468 2204 713 2242 vocabulum
736 2205 920 2251 additur,
944 2220 1025 2258 quo
1047 2205 1174 2245 etiam
1206 2205 1348 2259 priora
1372 2220 1454 2245 non
1475 2205 1672 2259 graviora
1694 2205 1824 2245 videri

314 2256 609 2311 intelligamus.
671 2260 818 2299 Alexis
852 2261 1063 2301 Athenaei
1097 2263 1133 2300 8.
1170 2276 1211 2315 p.
1248 2263 1344 2314 336.
1381 2262 1441 2301 F:
1476 2264 1515 2301 τί
1542 2265 1660 2301 ταῦτα
1693 2266 1825 2312 ληρεῖς

314 2314 538 2364 φληναφῶν
559 2315 638 2354 ἄνω
662 2316 773 2362 κάτω,
799 2317 975 2362 Λύκειον,
997 2316 1273 2366 Ἀκαδήμειαν,
1296 2317 1484 2364 Ὠιδεῖον,
1509 2319 1660 2363 Πύλας,
1683 2317 1824 2368 λήρους

314 2371 546 2418 σοφιστῶν;
578 2370 664 2410 οὐδὲ
688 2372 731 2410 ἓν
762 2372 907 2411 τούτων
930 2374 1064 2412 καλόν.
1127 2372 1335 2413 Lucianus
1358 2373 1519 2413 Timon.
1542 2388 1575 2412 c.
1599 2387 1648 2424 9:
1683 2373 1824 2423 ἀρετήν

312 2440 398 2462 τινα
434 2425 496 2463 καὶ
528 2426 715 2475 ἀσώματα
747 2428 808 2466 καὶ
838 2427 978 2477 λήρους
1007 2427 1160 2482 μεγάλῃ
1192 2431 1237 2483 τῇ
1269 2429 1380 2482 φωνῇ
1410 2430 1675 2479 ξυνειρόντων.
1709 2429 1822 2469 Plat.

312 2479 441 2530 Gorg.
464 2495 504 2533 p.
522 2495 617 2531 490.
636 2482 680 2521 C.
702 2484 788 2533 περὶ
804 2485 908 2522 σιτία
930 2483 1062 2534 λέγεις
1085 2485 1146 2524 καὶ
1167 2487 1266 2523 ποτὰ
1284 2485 1345 2524 καὶ
1368 2485 1517 2536 ἰατροὺς
1532 2486 1594 2524 καὶ
1615 2486 1820 2536 φλυαρίας.

314 2535 525 2574 SAUPP.
590 2537 710 2577 Haec
732 2539 922 2592 exempla
944 2539 1165 2579 Dobraeus
1187 2540 1339 2593 aliique
1361 2546 1723 2594 comparaverant.

370 2593 437 2643 36.
466 2605 527 2644 19.
562 2594 603 2632 ἐκ
624 2595 808 2647 πτωχῶν]
845 2595 893 2634 P.
918 2597 1013 2647 690.
1037 2599 1105 2635 νῦν
1126 2595 1156 2636 δ’
1180 2598 1216 2636 οἱ,
1235 2598 1307 2644 μὲν
1328 2599 1375 2636 τὰ
1397 2600 1507 2637 κοινὰ
1528 2600 1758 2639 διοικοῦντες
1779 2598 1820 2636 ἐκ

313 2650 480 2699 πτωχῶν
517 2648 684 2700 εὔποροι.
718 2665 757 2703 p.
786 2652 887 2690 106:
934 2651 1130 2703 τοιγάρτοι
1163 2653 1307 2692 τούτων
1340 2655 1413 2702 μὲν
1449 2654 1490 2692 ἐκ
1522 2654 1690 2705 πτωχῶν
1726 2653 1821 2692 ἔνιοι

311 2703 409 2754 ταχὺ
426 2706 610 2744 πλούσιοι
631 2707 833 2757 γίγνονται
856 2708 916 2746 καὶ
939 2709 979 2756 ἐξ
1001 2709 1212 2758 ἀνωνύμων
1235 2709 1296 2748 καὶ
1312 2710 1460 2758 ἀδόξων
1478 2708 1628 2758 ἔνδοξοι
1645 2709 1706 2748 καὶ
1722 2710 1821 2760 γνώ-

310 2775 424 2808 ριμοι.
490 2759 665 2801 lsoerat.
688 2776 729 2814 p.
749 2764 839 2805 184..
866 2762 921 2802 H.
941 2763 1001 2803 St.
1021 2778 1028 2801 τ
1064 2765 1442 2813 ὁρῶντες-τούτους
1463 2763 1491 2804 δ’
1518 2766 1587 2817 (SC.
1607 2764 1693 2806 τοὺς
1712 2765 1819 2815 ῥήτο-

309 2815 393 2864 ρας)
416 2816 456 2853 ἐκ
478 2816 653 2866 πενήτων
673 2819 886 2860 πλουσίους
908 2821 1200 2870 γεγενημένους.
1255 2820 1399 2860 Verba
1418 2819 1711 2860 Demosthenis
1732 2820 1820 2860 sine

312 2869 438 2908 dubio
461 2871 501 2909 in
523 2873 746 2912 admodum
770 2874 922 2913 multos
945 2889 1085 2914 eorum
1116 2875 1429 2924 conveniebant,
1453 2876 1521 2930 qui
1542 2891 1608 2916 res
1630 2876 1818 2930 publicas

310 2929 398 2963 tum
421 2928 623 2978 gerebant
645 2946 654 2971 ς
690 2929 747 2967 sic
773 2930 960 2969 norimus
984 2931 1224 2972 Demadem.
1252 2932 1512 2972 Aeschinem.
1538 2932 1815 2986 Phrynonem,
