1935 3205
842 639 876 683 Ῑ.

444 762 596 813 OLY
608 762 769 813 NTH
784 764 959 815 IACA
1011 765 1276 816 PRIMA.

682 923 1043 948 οιψαὴ

166 1034 212 1074 Ρ.
236 1050 273 1087 9,
305 1048 449 1074 1—10.
484 1035 712 1075 Exordium
746 1035 892 1076 leviter
922 1042 1129 1076 mutatum
1157 1035 1308 1089 legitur
1336 1037 1444 1077 inter
1468 1037 1619 1079 Prooe-

106 1090 189 1131 mia
210 1107 248 1145 p.
276 1104 392 1142 1420.
456 1091 653 1132 Imitatus
689 1097 751 1132 ost
790 1091 997 1132 Lus-ianus
1033 1092 1128 1131 Jov.
1164 1092 1288 1145 Trag.
1323 1108 1355 1133 c.
1392 1106 1451 1146 15.
1510 1094 1620 1135 Ἀντὶ

104 1152 267 1187 πολλῶν
307 1147 368 1194 ἂν,
411 1147 439 1187 ὦ
481 1149 617 1199 ἄνδρες
658 1149 752 1194 θεοὶ,
795 1149 1001 1201 χρημάτων
1041 1150 1137 1198 ὑμᾶς
1184 1150 1347 1189 ἑλέσθαι
1393 1151 1545 1200 νομίζω,
1587 1153 1620 1191 εἰ

106 1205 281 1254 φανερὸν
316 1203 468 1255 γένοιτο
501 1206 590 1254 ὑμῖν
625 1205 647 1243 ὅ
685 1222 720 1244 τι
753 1205 894 1254 δήποτε
929 1206 1004 1254 ἄρα
1036 1207 1151 1244 τοῦτό
1188 1207 1296 1244 ἐστιν
1338 1205 1399 1257 ἐφ’
1434 1208 1507 1259 ὅτῳ
1550 1211 1620 1247 νῦν

104 1260 350 1312 ξυνελέγητε.
423 1259 522 1299 “Ore
563 1261 693 1300 τοίνυν
737 1260 842 1300 ταῦθ’
886 1263 1004 1302 οὕτως
1045 1261 1140 1313 ἔχει,
1182 1261 1369 1312 προσήκει
1416 1264 1619 1313 προθύμως

104 1317 324 1368 ἀκροᾶσθαί
351 1333 424 1366 μου
445 1316 647 1368 λέγοντος.
708 1315 758 1357 ‘O
788 1318 860 1366 μὲν
890 1318 958 1356 οὖν
985 1318 1119 1368 παρὼν
1146 1317 1286 1367 καιρὸς,
1311 1316 1340 1357 ὦ
1363 1319 1456 1363 θεοὶ,
1479 1336 1619 1368 μονον-

104 1374 192 1426 ουχὶ
211 1372 322 1423 λέγει
343 1373 478 1424 φωνὴν
500 1373 627 1423 ἀφιεὶς
659 1373 716 1412 ὅτι
748 1377 824 1412 τῶν
848 1373 1084 1424 πραγμάτων
1107 1373 1330 1424 ἐρρωμένως
1360 1375 1620 1425 ἀντιληπτέον

103 1430 193 1479 ἡμῖν
225 1430 344 1474 ἐστιν,
366 1429 473 1478 ἡμεῖς
504 1430 545 1468 δὲ
575 1428 677 1469 πάνυ
708 1430 906 1480 ὀλιγώρως
938 1430 1045 1482 ἔχειν
1074 1446 1139 1479 μοι
1171 1432 1358 1479 δοκοῦμεν
1389 1431 1483 1481 πρὸς
1509 1431 1617 1471 αὐτά.

104 1487 302 1534 Βούλομαι
337 1486 378 1524 δὲ
411 1485 602 1535 ἤδη-καὶ
635 1487 710 1536 γὰρ
743 1486 934 1525 ἐπιλείπει
964 1502 1012 1535 με
1043 1487 1063 1524 ὁ
1088 1485 1499 1536 Δημοσθένης-αὐτὰ
1530 1489 1619 1537 ὑμῖν

105 1544 276 1592 δηλῶσαι
309 1542 448 1592 σαφῶς
482 1545 560 1581 etc.
623 1541 862 1581 Artificium
899 1541 1151 1582 rhetoricum
1188 1542 1381 1595 exposuit,
1416 1543 1617 1598 Hermog.

103 1598 191 1649 περὶ
217 1598 382 1646 μεθόδου
403 1598 622 1647 δεινότητος
643 1612 676 1637 C.
698 1609 761 1649 29.
784 1597 861 1637 vol.
877 1611 917 1650 3.
940 1613 978 1652 p.
997 1611 1093 1651 435.
1115 1598 1178 1637 ed.
1208 1597 1343 1638 XVaIZ.
1390 1601 1426 1639 οἱ
1456 1601 1617 1640 παλαιοὶ

107 1655 217 1693 κοινὰ
247 1653 434 1705 λέγοντες
462 1653 700 1703 διανοήματα
732 1652 924 1708 ὁμολογίᾳ
952 1656 1018 1704 τῆς
1053 1655 1268 1704 κοινότητος
1300 1657 1378 1694 ἴδια
1403 1655 1499 1695 αὐτὰ
1531 1673 1615 1696 ποι-

106 1711 334 1749 οῦσαι-ἐν
361 1711 402 1748 δὲ
424 1713 505 1751 τοῖς
536 1711 808 1752 Ὀλυνθιακοῖς
846 1710 1103 1760 Δημοσθένης
1137 1712 1180 1750 ἐν
1204 1712 1265 1762 (ἐν
1293 1725 1372 1750 om.
1395 1711 1534 1763 codd.)
1565 1712 1615 1766 τῷ

103 1767 238 1819 πρώτῳ
259 1766 366 1819 λόγῳ
384 1765 579 1817 (delenda
599 1767 724 1806 verba
747 1767 790 1805 ἐν
810 1767 862 1820 τῷ
884 1768 1018 1819 πρώτῳ
1041 1768 1146 1819 λόγῳ
1168 1767 1221 1806 ab
1243 1766 1412 1807 librario
1433 1768 1614 1821 adjeeta.

103 1825 170 1861 τοῦ
199 1822 350 1873 πρώτου
381 1823 503 1873 λόγου
533 1821 756 1876 adscripsit
788 1822 962 1876 Gregor.
985 1823 1172 1862 Corinth.
1195 1823 1235 1862 in
1268 1823 1423 1863 scholio
1448 1825 1501 1864 ad
1527 1825 1566 1864 h.
1590 1824 1615 1864 l.

104 1877 181 1917 vol.
201 1890 237 1928 7.
260 1893 298 1931 p.
323 1880 462 1930 1317.)
496 1879 694 1930 χρώμενος
726 1881 837 1932 κοινῷ
871 1879 1108 1928 διανοήματι,
1132 1881 1183 1932 τῷ
1217 1880 1303 1918 ἀντὶ
1330 1885 1492 1919 πολλῶν
1518 1898 1613 1932 χρη-

104 1933 236 1983 μάτων
257 1935 394 1976 αὐτοὺς
421 1933 655 1985 αἱρήσεσθαι
681 1935 722 1973 τὸ
752 1937 859 1988 κοινῇ
888 1935 1104 1986 συμφέρον,
1129 1936 1173 1974 οὐ
1199 1937 1337 1987 χρῆται
1359 1939 1402 1985 τῇ
1424 1935 1616 1990 ὁμολογίᾳ

104 1993 169 2039 τῆς
201 1992 433 2039 κοινότητος,
463 1991 558 2030 διότι
588 1994 818 2041 πανουργῶν
848 1993 999 2043 χρῆται,
1031 1992 1091 2030 καὶ
1115 1993 1350 2041 παραλείπει
1375 1992 1445 2041 τὴν
1475 1994 1615 2042 ὁμολο-

103 2047 205 2096 γίαν,
229 2045 581 2096 προκατασκευάζει
609 2047 650 2084 δὲ
672 2048 733 2085 διὰ
761 2049 827 2085 τοῦ
855 2048 1055 2096 προοιμίου
1077 2049 1123 2086 τὰ
1145 2049 1308 2097 θεωρικὰ
1333 2047 1509 2099 χρήματα
1531 2051 1613 2088 δεῖν

103 2102 313 2141 ἀποδοῦναι
347 2105 425 2142 τοῖς
460 2103 724 2151 στρατιώταις.
776 2104 810 2141 εἶ
847 2104 920 2152 μὲν
952 2103 1020 2142 οὖν
1057 2104 1252 2153 ὡμολόγει
1287 2103 1356 2152 τὴν
1398 2105 1611 2154 κοινότητα,

105 2158 255 2208 ἔφασκε
291 2159 331 2197 δὲ
368 2161 594 2197 λυσιτελεῖν
625 2159 685 2197 καὶ
721 2159 820 2211 αὐτῷ
855 2160 990 2203 εἰπεῖν,
1019 2160 1275 2198 ὑπωπτεύετο·
1325 2163 1394 2199 νῦν
1428 2161 1469 2199 δὲ
1501 2163 1614 2215 κοινῷ

104 2213 349 2265 χρησάμενος
390 2212 615 2263 διανοήματι
665 2215 725 2254 καὶ
765 2215 899 2253 λαθὼν
949 2214 1086 2256 αὐτοὺς
1123 2216 1412 2264 ὁμολογοῦντας
1451 2218 1615 2267 ὕστερον

105 2270 240 2311 αὐτοὺς
279 2269 560 2320 ἀναμιμνήσκει
592 2271 798 2320 αἱρεῖσθαι,
832 2271 1140 2323 αἰσχυνομένους
1179 2271 1266 2322 περὶ
1306 2275 1382 2311 τῶν
1422 2275 1615 2323 θεωρικῶν

104 2325 323 2378 χρημάτων.
365 2327 426 2365 διὰ
447 2329 559 2365 τοῦτο
587 2326 647 2366 καὶ
675 2327 996 2378 ἐπεσφραγίσατο
1019 2328 1061 2366 ἐν
1083 2327 1181 2378 ἀρχῇ
1209 2327 1279 2377 τὴν
1301 2328 1476 2368 διάνοιαν
1497 2330 1615 2371 οὕτως

106 2387 129 2403 “
151 2382 215 2420 ὅτε
251 2382 381 2421 τοίνυν
418 2381 520 2421 τοῦθ’
554 2383 672 2423 οὕτως
704 2381 824 2435 έχει.”
867 2383 954 2424 ἔθος
985 2384 1026 2422 δὲ
1060 2383 1337 2433 Δημοσθένους
1369 2385 1491 2432 ἐστὶν,
1519 2386 1614 2424 ὅταν

104 2454 138 2476 τι
179 2437 414 2487 διοικήσηται
456 2439 576 2491 ἑαυτῷ
617 2438 822 2490 χρήσιμον,
856 2439 907 2488 μὴ
948 2441 1137 2490 πρότερον
1178 2440 1422 2490 ἀφίστασθαι
1461 2441 1552 2491 πρὶν
1590 2439 1613 2489 ἦ

106 2495 450 2545 ἐπισφραγίσηται.
502 2495 686 2542 πεποίηκε
719 2496 758 2534 δὲ
789 2498 900 2534 τοῦτο
935 2496 978 2534 ἐν
1006 2495 1164 2546 τέτρασι
1195 2497 1341 2546 λόγοις·
1378 2498 1419 2535 ἐν
1447 2499 1497 2550 τῷ
1526 2497 1612 2546 περὶ

104 2552 170 2588 τοῦ
207 2549 419 2598 στεφάνου,
446 2551 487 2589 εἰ)
520 2551 571 2604 τῷ
606 2553 701 2589 κατὰ
732 2551 907 2596 Μειδίου,
939 2552 981 2590 ἐν
1012 2553 1063 2604 τῷ
1097 2553 1192 2590 κατὰ
1212 2551 1545 2601 “Αριστοκράτους,
1571 2553 1613 2591 ἐν

105 2607 154 2658 τῷ
190 2606 324 2657 πρώτῳ
366 2609 441 2644 τῶν
474 2604 763 2656 Ὀλυνθιακῶν,
820 2606 1009 2646 Breviter
1033 2606 1243 2646 Maximus
1274 2607 1449 2647 Planud.
1473 2607 1549 2646 vol.
1571 2620 1610 2659 5,

105 2675 142 2712 p.
164 2662 260 2710 464.
306 2663 356 2714 τῷ
375 2660 461 2711 παρ’
486 2662 601 2700 αὐτοῦ
621 2661 859 2711 ῥηθήσεσθαι
879 2662 1067 2711 μέλλοντι
1089 2663 1157 2710 τὴν
1183 2666 1258 2701 τῶν
1290 2664 1487 2712 ἀκροατῶν
1518 2680 1612 2712 συμ-

104 2716 317 2766 περιέλαβε
341 2717 478 2765 κρίσιν.

163 2785 260 2823 9.1.
307 2772 391 2811 ἀντὶ
434 2772 1101 2827 πολλῶν-χρημάτων--ἑλέσθαι]
1156 2773 1338 2826 Thucyd.
1376 2788 1407 2819 1,
1437 2787 1502 2827 33.
1564 2774 1612 2823 ἢν

106 2829 209 2876 ὑμεῖς
231 2828 278 2867 ἂν
300 2828 372 2878 πρὸ
396 2832 557 2867 πολλῶν
584 2827 790 2880 χρημάτων
813 2830 873 2867 καὶ
905 2828 1061 2880 χάριτος
1084 2829 1319 2878 ἐτιμήσασθε
1342 2831 1502 2878 δύναμιν
1523 2832 1612 2879 ὑμῖν

105 2883 407 2934 προσγενέσθαι.
455 2883 522 2923 ubi
560 2883 737 2923 oratoris
774 2884 897 2923 verba
932 2884 1185 2937 comparavit
1220 2885 1453 2926 scholiasta.
1517 2886 1611 2926 Alia
