1914 3184
268 129 349 167 112
724 127 1075 168 PHILIPPICA
1112 127 1321 166 PRIMA.

320 248 389 285 49,
414 246 478 287 23.
511 234 586 273 ἀπὸ
608 237 683 273 τῶν
704 232 1194 286 ὑμετέρων-συμμάχων]
1229 231 1394 271 Insulae
1416 236 1458 271 et
1479 231 1669 272 civitates
1691 245 1774 271 1na0

264 289 443 337 ritimae,
473 304 648 342 quarum
678 288 835 328 incolae
866 293 1145 328 mercaturam
1176 287 1216 326 in
1241 287 1379 327 Ponto
1401 287 1567 327 Euxino
1598 293 1640 327 et
1671 287 1774 327 mari

265 347 439 399 Aegaeo
470 345 691 391 faciebant,
721 344 940 397 pleraeque
974 358 1067 383 cuni
1089 343 1418 383 Atheniensibus
1451 343 1651 384 societate
1681 357 1775 382 con-

260 401 432 454 junctae
455 405 587 440 erant.
650 400 721 439 SA
731 400 862 438 UPP.

322 470 389 509 49,
410 460 472 496 28.
496 455 707 509 Γεραιστῷ]
734 454 1075 495 Promontorium
1096 455 1280 495 australe
1298 460 1341 494 et
1363 455 1562 509 oppidum
1579 455 1776 495 Euboeae

266 527 360 552 cum
393 517 516 565 portu
548 516 859 565 peropportuno
890 511 954 559 iis,
977 511 1046 563 qui
1079 526 1131 551 ex
1154 511 1260 550 Asia
1283 511 1477 551 Athenas
1498 511 1773 564 trajicerent;

269 568 370 607 Eur.
394 568 502 621 Cycl.
529 580 622 619 295.
684 567 837 607 Strabo
866 580 927 606 10.
950 582 989 620 p.
1007 569 1103 617 446.
1166 565 1380 607 SAUPP.

321 637 389 676 49,
416 636 479 675 29.
520 623 692 675 ἐξέλεξε]
725 623 933 677 ‘Magnam
964 622 1045 662 vim
1077 622 1277 676 pecuniae
1309 638 1335 662 a
1367 622 1670 662 mercatoribus
1698 622 1776 662 illis

266 680 419 733 exegit,
442 679 590 732 quibus
613 693 656 718 se
677 693 834 732 suaque
856 678 1121 718 redimerent.
1183 677 1397 718 SAUPP.

322 749 389 787 50,
422 750 451 774 1.
485 734 797 788 ἱερὰν-τριήρη]
833 735 1101 774 Salaminiam
1134 739 1177 774 et
1202 735 1399 774 Paralum
1429 733 1552 773 fuisse
1586 734 1776 774 triremes

266 790 439 831 theoriis
467 790 718 831 deducendis
749 792 803 830 ab
826 791 1155 830 Atheniensibus
1177 791 1409 830 destinatas
1441 790 1615 843 ideoque
1637 805 1776 830 sacras

266 852 435 886 vocatas
457 851 634 887 constat.
698 847 779 886 Sed
796 847 883 900 jam
901 846 1200 886 Demosthenis
1216 846 1474 900 temporibus
1495 847 1623 886 etiam
1640 847 1777 899 plures

265 903 389 943 fuisse
413 918 537 943 naves
566 917 706 942 sacras
730 903 965 942 Boeckhius
991 904 1042 942 de
1073 903 1197 942 rebus
1219 903 1432 942 navalibus
1455 902 1777 941 Atheniensium

265 974 303 1012 p.
331 961 380 1011 76
413 974 503 1013 sqq.
524 960 629 998 bene
652 959 815 998 videtur
836 958 1080 998 ostendisse.
1142 958 1224 998 Hic
1249 959 1446 998 Paralum
1469 958 1778 1012 intelligendam

265 1030 354 1055 esse
380 1015 626 1054 Philochoro
648 1020 691 1054 et
715 1015 978 1054 Androtione
1000 1015 1242 1054 auctoribus
1266 1014 1548 1067 Harpocratio
1575 1014 1698 1054 docet
1722 1017 1776 1066 (s.

266 1086 300 1111 v.
326 1073 409 1122 ἱερὰ
430 1071 614 1122 τριήρης).
676 1070 742 1110 De
764 1070 925 1110 theoria
949 1071 1091 1110 Delica
1121 1070 1389 1124 cogitandum
1419 1085 1511 1110 esse
1539 1070 1776 1122 conjeceris,

266 1127 510 1167 recordatus
544 1141 686 1167 eorum
718 1141 824 1180 quae
856 1127 967 1180 apud
1001 1127 1125 1165 schol.
1151 1126 1365 1179 Sophoclis
1395 1126 1468 1179 (ad
1491 1126 1539 1165 Ο.
1564 1126 1608 1165 O.
1638 1128 1776 1178 1047.)

267 1184 319 1223 de
350 1182 564 1223 sacrificiis
590 1183 842 1222 Marathone
874 1198 900 1222 a
923 1182 1120 1222 Deliastis
1151 1182 1257 1222 actis
1290 1186 1577 1222 na1²rantur.—
1591 1182 1673 1221 Sed
1704 1196 1778 1222 nec

266 1240 317 1278 de
348 1240 425 1278 hoc
451 1238 633 1292 Philippi
654 1238 835 1278 facinore
858 1253 990 1291 neque
1012 1239 1061 1278 de
1095 1238 1144 1277 iis
1167 1252 1273 1291 quae
1304 1243 1430 1279 antea
1451 1242 1778 1278 commemorata

266 1300 365 1335 sunt
397 1296 509 1348 apud
540 1295 665 1334 alium
698 1295 943 1348 scriptorem
977 1309 1085 1334 nunc
1118 1294 1387 1347 superstitem
1419 1294 1576 1334 mentio
1608 1298 1776 1334 exstat:

266 1366 363 1390 nam
385 1351 495 1414 quod
519 1351 728 1390 Diodorus
752 1351 831 1390 Sic.
859 1354 916 1398 16,
942 1364 1007 1390 21.
1031 1351 1081 1390 (le
1103 1350 1245 1390 insulis
1267 1350 1357 1389 istis
1379 1366 1404 1390 a
1426 1349 1599 1389 Rhodiis
1620 1364 1779 1389 eorum-

267 1422 346 1460 que
379 1407 500 1446 soclis
537 1406 710 1459 diieptis
746 1421 844 1445 1111111·
846 1412 903 1453 ;,tt
926 1407 1005 1445 huc
1037 1421 1119 1445 non
1151 1405 1277 1445 videri
1309 1406 1525 1446 reserenda
1555 1420 1644 1445 esse
1675 1406 1780 1446 bene

267 1463 432 1503 statuit.
496 1462 533 1500 V
539 1463 669 1502 oemel
693 1463 853 1516 l'roleg.
876 1478 916 1515 p.
943 1475 961 1513 7
968 1475 1006 1515 3
1072 1463 1133 1501 De
1165 1468 1352 1515 tempore
1372 1468 1471 1502 ante
1492 1462 1599 1501 hanc
1628 1462 1780 1502 oratio-

269 1534 361 1558 nem
384 1518 573 1572 proximo
594 1519 716 1572 cogit
709 1519 863 1557 andum
889 1532 978 1557 esse
999 1518 1163 1557 videtur
1183 1533 1234 1557 ex
1260 1517 1482 1557 Aeschinis
1504 1532 1560 1556 or.
1587 1530 1623 1557 2.
1646 1533 1685 1572 p.
1707 1529 1778 1571 37.

271 1578 366 1628 (251
398 1575 467 1624 R.)
492 1575 630 1613 doceri
653 1588 786 1627 posse.
849 1574 1061 1613 SAUPP.

325 1643 393 1683 50,
416 1646 453 1681 4.
485 1632 772 1679 Παναθηυαίων
799 1630 954 1684 ἑορτὴν]
985 1630 1047 1669 De
1072 1630 1380 1669 Panathenaeis
1411 1644 1637 1682 eorumque
1665 1644 1780 1670 cura-

269 1687 442 1734 toribus,
466 1686 609 1725 decem
630 1685 889 1733 athlothetis,
913 1692 956 1725 et
978 1686 1028 1724 de
1052 1685 1262 1738 Dionysiis
1285 1685 1445 1739 magnis
1468 1686 1610 1738 iisque,
1630 1685 1781 1738 quibus

270 1757 369 1782 cura
390 1757 532 1781 eorum
550 1741 629 1781 rite
646 1742 989 1781 celebrandorum
1007 1741 1226 1781 commissa
1242 1746 1346 1790 erat,
1361 1742 1561 1781 archonte
1578 1756 1781 1795 eponymo

269 1804 312 1838 et
354 1799 495 1838 decem
537 1798 800 1837 curatoribus
849 1799 1136 1849 (ἐπιμεληταῖς)
1181 1797 1232 1836 cf.
1277 1797 1322 1837 G.
1366 1797 1416 1837 F.
1460 1797 1605 1836 Herm.
1649 1797 1780 1850 antiq.

272 1856 308 1907 ξ.
339 1857 427 1902 161,
454 1867 488 1893 2.
513 1865 550 1905 7.
596 1867 682 1906 ¹50³
713 1867 745 1892 1.
773 1853 1012 1906 3—Quum
1043 1868 1139 1892 vero
1170 1853 1235 1892 hic
1268 1855 1304 1892 οἱ
1338 1854 1635 1903 ἐπιμελούμενοι
1667 1858 1781 1893 sorte

270 1910 399 1950 creati
422 1925 510 1949 esse
532 1910 736 1955 dicantur,
756 1915 797 1949 et
819 1909 897 1948 hoc
920 1914 1050 1962 patet,
1069 1909 1119 1948 de
1141 1909 1283 1948 decem
1304 1908 1382 1948 illis
1405 1910 1652 1959 ἐπιμεληταῖς
1673 1909 1782 1963 cogi-

270 1966 351 2006 tari
389 1981 469 2005 non
506 1980 626 2019 posse
662 1966 731 2016 (cf.
766 1965 984 2004 Demosth.
1022 1979 1060 2018 p.
1091 1978 1188 2018 519,
1219 1966 1314 2015 14.),
1352 1965 1424 2004 sed
1457 1965 1783 2005 Demosthenem

272 2022 567 2075 Dionysiorum
589 2036 729 2061 curam
758 2021 828 2059 uni
861 2021 1053 2061 archonti
1081 2020 1276 2067 tribuere,
1301 2025 1344 2060 ot
1372 2020 1470 2059 illud
1502 2021 1781 2073 consequitur,

271 2079 417 2117 ἀθλοθέ
403 2095 487 2119 τας
518 2082 630 2117 soite
656 2092 724 2116 cn
727 2082 820 2117 atos
848 2092 949 2116 esst.
1013 2077 1133 2127 Quod
1161 2091 1287 2129 quum
1311 2076 1579 2116 Hcrmannus
1610 2082 1784 2130 propter

270 2134 403 2173 locum
429 2134 538 2173 l'lut
565 2133 699 2173 l‘cricl
738 2147 807 2172 1.1
825 2147 856 2183 1.
879 2148 967 2185 new·
961 2138 1066 2177 aret
1088 2132 1266 2172 Pollucis
1288 2133 1420 2171 locum
1445 2136 1502 2183 (ὅ,
1523 2134 1589 2184 87.
1594 2133 1609 2183 )
1633 2132 1782 2195 corrigi

270 2190 410 2229 voluit.
473 2190 555 2229 Sed
578 2161 873 2228 Demosthenis
894 2164 1148 2228 auctoritate
1172 2188 1351 2227 Pollucis
1372 2187 1659 2227 testimonium
1681 2189 1783 2229 satis

270 2247 543 2285 confirmatur
572 2250 614 2284 et
638 2244 890 2284 Plutarchus
912 2244 973 2283 vel
1000 2258 1067 2283 e11
1069 2259 1202 2283 ‘tvlsse
1230 2244 1442 2296 putandus
1464 2243 1537 2291 xel,
1561 2244 1672 2296 quod
1697 2259 1783 2284 ma-

270 2301 352 2349 lim,
384 2301 444 2341 ita
478 2301 749 2340 statuendum
785 2305 861 2347 est,
896 2305 943 2339 ut
977 2299 1177 2339 Periclem
1214 2300 1268 2339 ad
1303 2299 1521 2353 dirigenda
1556 2300 1784 2340 certamina

270 2357 429 2396 musica
450 2362 539 2396 tum
561 2356 740 2409 primum
771 2355 968 2395 instituta
996 2360 1117 2395 extra
1138 2355 1327 2394 ordinem
1348 2360 1535 2394 creatum
1556 2369 1644 2395 esse
1666 2361 1783 2409 putc-

271 2427 374 2452 111118.
408 2412 620 2452 SAUPP.
682 2412 799 2451 Conf.
824 2411 1097 2450 Schoemann.
1121 2411 1268 2463 Antiq.
1292 2410 1403 2464 publ.
1426 2425 1464 2463 p.
1491 2413 1584 2450 260.

328 2481 398 2521 50,
424 2474 460 2507 8.
494 2466 928 2520 τοσαῦτα-χρήματα]
963 2467 1125 2520 Olymp.
1160 2478 1226 2519 92,
1260 2480 1298 2519 3.
1331 2465 1579 2505 athlothetis
1612 2480 1662 2506 ex
1696 2466 1784 2506 the-

272 2539 397 2564 sauro
442 2524 657 2563 Minervae
690 2522 872 2562 Poliadis
913 2523 966 2562 ad
1006 2523 1304 2562 Panathenaea
1344 2536 1496 2575 magna
1537 2522 1785 2562 celebranda

274 2581 454 2634 quinque
487 2579 648 2620 talenta
681 2584 723 2618 et
756 2578 865 2617 mille
899 2579 1118 2618 drachmas
1155 2582 1328 2632 erogata
1364 2592 1453 2617 esse
1489 2577 1662 2631 legimus
1697 2588 1783 2630 147,

275 2640 312 2676 6.
346 2636 559 2676 SAUPP.
623 2635 674 2673 V.
701 2635 974 2674 Schoemann.
999 2634 1146 2686 Antiq.
1170 2634 1282 2687 publ.
1305 2649 1342 2686 p.
1365 2634 1460 2686 306.

331 2692 645 2753 50,99.6'><)x011]n
666 2690 728 2730 De
759 2690 983 2737 choreutiS,
1005 2689 1258 2737 tibicinibuS,
1294 2689 1496 2742 choreois,
1530 2688 1784 2742 gymnasiar-

275 2747 375 2793 chis,
398 2747 590 2786 omnibus
621 2746 670 2785 iis
703 2746 771 2799 qui
803 2746 857 2786 ad
879 2746 993 2785 varia
1024 2745 1253 2785 certamina
1283 2744 1500 2798 prodiient
1521 2744 1582 2783 xel
1613 2758 1785 2797 pompas

276 2802 826 2855 (1111916111.101011106111111111
848 2810 923 2841 est.
955 2818 1179 2852 παρασκευη
1202 2816 1299 2840 vasa
1330 2799 1641 2853 pretiosissima,
1664 2800 1784 2839 vesti-

276 2865 378 2900 tum.
401 2858 748 2898 exercitationum
771 2857 883 2897 varia
904 2871 1068 2910 genera,
1091 2856 1173 2896 alia
1193 2856 1496 2909 complectitur.
1558 2855 1769 2894 SAUPP.

332 2927 399 2965 50,
432 2928 489 2966 19.
523 2913 789 2965 τριηράρχους]
830 2913 893 2951 De
915 2912 1161 2952 trierarchia
1182 2911 1491 2951 accuratissime
1513 2910 1704 2963 exposuit
1730 2912 1782 2950 A.
