1934 3179
292 119 376 159 370
849 119 964 159 PRO
996 119 1246 161 CORONA.

292 221 381 275 lege
411 222 514 262 dicit
542 228 689 263 contra
711 223 894 277 Ctesiph.
917 239 955 278 p.
979 225 1045 277 85.
1070 230 1112 264 et
1139 224 1356 264 contendit
1383 238 1425 264 se
1451 229 1540 264 tum
1570 225 1802 278 probassse,

293 277 452 318 civitati
476 278 693 332 sexaginta
715 280 896 332 quinque
918 280 1095 320 celerum
1121 280 1285 320 navium
1306 280 1558 320 trierarchos
1581 281 1659 320 hoc
1679 282 1803 321 modo

293 339 471 387 ereptos.
534 335 615 374 Sed
638 335 803 375 videtur
824 336 951 375 etiam
979 336 1045 376 hic
1065 336 1326 376 mendacium
1347 337 1526 383 subesse,
1549 351 1597 376 ac
1618 337 1805 390 suspicor

293 388 420 429 istum
451 390 583 429 locum
612 396 701 430 tum
728 391 894 430 demum
924 391 1138 440 insertum,
1161 407 1253 431 cum
1280 392 1473 432 ederetur
1497 392 1549 432 ab
1579 407 1626 432 eo
1652 393 1801 433 oratio.

294 444 401 484 Nam
424 446 727 485 Demosthenes
758 460 852 485 eum
885 447 1231 501 ignorat—Erat
1261 448 1509 488 trierarchia
1538 447 1706 502 liturgia
1735 463 1803 488 ex-

290 501 573 540 traordinaria
593 501 806 554 pertinens
827 503 881 542 ad
902 518 1027 543 naves
1048 504 1225 544 bellicas.
1280 504 1530 557 Accipiebat
1550 504 1803 544 trierarchus

292 570 438 596 navem
474 557 525 596 de
565 557 730 610 publico
765 558 1041 606 aedificatam,
1077 560 1257 600 debebat
1292 573 1388 599 vero
1423 564 1522 599 ante
1553 560 1616 598 Ol.
1642 573 1732 612 105,
1762 573 1802 613 3.

290 617 551 652 armamento
576 627 668 652 cam
692 613 897 654 instruere
919 621 962 655 et
983 615 1104 662 tueri,
1128 630 1201 655 nec
1232 630 1315 655 non
1345 615 1588 668 conquirere
1612 616 1801 669 remiges.

291 668 436 722 Atque
468 668 586 709 initio
609 669 775 722 quidem
796 684 938 710 omnes
960 671 1066 711 cives
1094 671 1135 710 in
1157 671 1434 725 quadraginta
1456 676 1562 718 octo,
1585 676 1681 724 post
1703 671 1802 712 Olis-

290 724 458 764 thenem
492 739 587 765 vero
623 726 664 764 in
697 725 1000 780 quinquaginta
1036 727 1276 767 naucrarias
1309 727 1426 766 divisi
1463 732 1595 770 erant,
1627 742 1803 781 quarum

291 780 438 833 cuique
478 795 560 820 una
601 781 716 820 navis
756 782 1024 822 tribuebatur
1064 784 1260 823 curanda.
1321 783 1482 823 Deinde
1522 787 1675 829 tamen,
1709 798 1801 822 cum

289 841 515 889 augeretur
535 837 689 885 classis,
712 838 824 877 aucti
857 843 954 878 sunt
979 839 1197 878 trierarchi
1221 844 1263 879 et
1285 839 1419 879 vocati
1442 839 1609 878 omnino
1631 839 1802 879 ditiores

289 891 397 931 cives
429 892 484 932 ad
515 893 591 931 hoc
622 908 783 933 munus.
845 895 910 934 Ac
935 895 1114 948 primum
1143 895 1424 949 unusquisque
1454 909 1529 948 per
1553 909 1709 934 annum
1730 910 1802 935 na-

289 962 380 987 vem
411 963 555 987 curare
589 949 781 998 debebat,
808 950 946 1002 paullo
978 955 1074 1003 post
1105 955 1245 991 tamen
1275 951 1521 1004 permissum
1552 955 1615 990 est
1644 956 1690 990 ut
1718 951 1801 991 (luo

289 1004 542 1056 conjunctim
574 1004 652 1044 hoc
683 1020 786 1044 onus
817 1008 985 1053 ferrent,
1010 1006 1077 1058 qui
1101 1007 1398 1059 συντριήραρχοι
1419 1006 1530 1045 dicti.
1594 1006 1801 1047 Memora-

289 1064 360 1098 tur
394 1074 460 1098 res
496 1060 675 1113 primum
703 1061 764 1100 Ol.
797 1074 865 1114 92,
892 1076 944 1113 3.,
973 1061 1136 1102 videtur
1166 1067 1307 1102 tamen
1333 1063 1421 1115 jam
1449 1062 1513 1101 Ol.
1542 1074 1608 1113 92,
1632 1076 1664 1101 1.
1694 1067 1800 1103 orta.

291 1115 370 1155 Vel
392 1115 449 1154 sic
472 1130 564 1154 cum
586 1131 667 1155 non
691 1116 794 1156 satis
821 1118 940 1157 multi
966 1118 1173 1165 adessent,
1198 1118 1260 1158 Ol.
1287 1132 1378 1171 105,
1401 1131 1439 1171 3.
1462 1118 1640 1170 primum
1661 1119 1800 1158 volun-

288 1171 384 1210 tarii
410 1171 628 1211 trierarchi
659 1173 818 1212 evocati
851 1178 960 1219 sunt,
984 1179 1031 1213 ut
1057 1188 1182 1227 supra
1203 1174 1390 1213 vidimus.
1454 1174 1556 1213 Inde
1578 1188 1674 1213 vero
1695 1188 1801 1227 sym-

286 1227 443 1266 moriae
471 1227 703 1267 institutae.
766 1228 900 1269 Electi
930 1230 1039 1269 enim
1068 1235 1166 1270 sunt
1196 1230 1306 1269 mille
1333 1234 1377 1269 et
1402 1229 1571 1268 ducenti
1600 1229 1707 1269 cives
1730 1231 1799 1284 qui

287 1282 492 1329 ditissimi,
516 1283 556 1322 hi
579 1284 792 1324 distributi
816 1285 857 1324 in
878 1285 1022 1339 viginti
1056 1286 1299 1338 symmorias
1329 1285 1548 1338 sexaginta
1576 1285 1799 1325 hominum.

286 1338 315 1377 J
320 1353 386 1378 am
408 1339 441 1378 si
464 1339 686 1392 symmoria
707 1355 789 1380 una
810 1341 1028 1380 duodecim
1050 1356 1173 1381 naves
1195 1342 1380 1388 curabat,
1406 1341 1586 1393 quinque
1614 1341 1800 1381 homines

286 1395 341 1433 ad
376 1409 501 1434 unam
537 1409 682 1434 navem
715 1397 1049 1442 contribuebant„
1076 1397 1144 1450 qui
1172 1401 1373 1438 συντελεῖς
1404 1396 1515 1443 dicti,
1549 1401 1591 1436 et
1623 1396 1800 1437 societas

288 1452 519 1496 συντέλειας
556 1451 588 1490 si
612 1451 752 1491 decem
775 1467 910 1499 naves,
930 1467 1003 1491 sex
1021 1458 1223 1494 συντελεῖς
1244 1453 1313 1491 uni
1336 1452 1431 1492 navi
1453 1452 1648 1492 attributi
1666 1458 1799 1493 erant.

288 1505 445 1545 Postea
485 1521 681 1546 numerus
717 1507 867 1546 civium
905 1513 1054 1548 auctus
1088 1509 1251 1548 videtur
1285 1509 1339 1548 ad
1374 1508 1484 1547 mille
1520 1509 1722 1548 ducentos
1757 1514 1800 1549 et

286 1562 512 1615 octoginta,
541 1568 588 1601 ut
619 1577 888 1616 unaquaeque
925 1565 1149 1617 symmoria
1184 1564 1404 1617 sexaginta
1435 1569 1635 1618 quattuor
1671 1564 1800 1604 homi-

286 1631 385 1656 num
406 1622 526 1663 esset,
550 1618 659 1657 unde
681 1618 713 1657 si
737 1633 819 1658 una
850 1620 1073 1672 symmoria
1094 1624 1295 1672 quattuor
1323 1634 1446 1659 naves
1475 1621 1662 1667 curabat,
1686 1621 1800 1660 sede-

287 1673 369 1711 cim
402 1673 589 1712 homines
620 1675 943 1715 contribuebant
972 1677 1025 1714 ad
1057 1690 1181 1715 unam
1213 1690 1358 1715 navem
1389 1676 1629 1715 curandam.
1692 1676 1799 1716 Erat

286 1743 382 1767 vero
414 1729 541 1768 etiam
572 1729 694 1769 aliter
724 1730 909 1770 minutus
940 1736 1141 1784 sumptus,
1165 1731 1499 1784 quandoquidem
1527 1731 1566 1770 hi
1598 1736 1800 1774 συντελεῖς

288 1784 448 1823 nonnisi
471 1799 666 1837 reparare
688 1800 834 1825 navem
856 1787 1026 1839 ejusque
1047 1792 1308 1826 armamenta
1329 1787 1550 1826 debebant.
1606 1787 1687 1826 Sed
1706 1801 1799 1826 cum

286 1840 347 1879 vel
379 1841 436 1879 sic
466 1840 636 1880 ditiores
663 1855 706 1879 se
733 1842 1029 1882 subtraherent
1058 1843 1171 1881 oneri
1205 1843 1328 1896 idque
1359 1842 1401 1881 in
1428 1842 1638 1882 tenuiores
1665 1848 1798 1882 trans-

286 1895 454 1943 ferrent,
487 1911 552 1935 res
584 1896 740 1936 navalis
771 1902 911 1937 autem
946 1897 986 1936 in
1019 1899 1185 1937 tristem
1221 1903 1379 1937 statum
1410 1897 1604 1946 venisset,
1629 1899 1798 1938 tandem

288 1951 604 1999 Demosthenes,
631 1966 723 1990 cum
752 1957 861 1992 esset
894 1954 1098 2003 ἐπιστάτης
1124 1957 1191 1993 τοῦ
1222 1957 1411 2001 ναυτικοῦ,
1435 1953 1636 2006 optimam
1666 1955 1798 2007 legem

286 2007 396 2054 tulit,
420 2008 471 2046 (le
493 2022 574 2060 qua
600 2023 707 2047 nunc
728 2008 851 2048 dicet.
916 2009 1113 2049 Abolitac
1144 2015 1241 2048 sunt
1272 2010 1530 2062 symmoriae„
1554 2015 1596 2048 et
1616 2010 1670 2049 ad
1692 2024 1798 2049 com-

286 2077 451 2102 nnmem
478 2063 627 2102 civium
653 2078 820 2103 censum
852 2070 1047 2104 revocata
1074 2065 1333 2105 trierarchia.
1395 2065 1680 2104 Constitutum
1702 2079 1799 2104 vero

286 2123 351 2157 est
378 2123 425 2158 ut
452 2119 519 2171 qui
551 2119 604 2158 ad
637 2120 891 2171 praestanda
920 2135 1092 2160 numera
1123 2121 1287 2173 publiea
1315 2120 1456 2159 decem
1489 2120 1658 2160 talentis
1689 2126 1799 2160 esset

286 2188 446 2221 census,
469 2174 503 2212 is
527 2189 648 2214 unam
671 2175 882 2214 triremem
905 2181 1082 2223 curaret,
1107 2177 1175 2230 qui
1198 2176 1355 2229 viginti,
1379 2176 1481 2215 duas
1503 2176 1705 2220 triremes,
1729 2176 1797 2230 qui

284 2229 472 2282 triginta,
496 2234 582 2268 tres
603 2230 793 2269 triremes
815 2236 857 2270 et
878 2231 1085 2284 navigium
1105 2232 1351 2271 actuarium.
1414 2231 1599 2280 Quorum
1621 2231 1797 2284 denique

286 2298 431 2323 census
461 2285 501 2322 in
532 2285 697 2324 tabulas
725 2286 881 2325 relatus
912 2287 1046 2325 minor
1067 2287 1207 2325 decem
1235 2286 1404 2326 talentis
1431 2292 1551 2333 esset,
1575 2292 1622 2326 ut
1650 2287 1796 2325 horum

286 2340 463 2379 totidem
483 2340 537 2378 ad
560 2354 684 2378 unum
708 2354 856 2392 corpus
873 2342 1160 2394 jungerentur,
1185 2356 1315 2394 usque
1339 2342 1436 2380 dum
1458 2342 1599 2381 decem
1620 2342 1797 2381 talento-

286 2408 374 2433 rum
413 2409 573 2434 summa
608 2396 806 2435 confieret
844 2411 893 2435 ex
929 2397 1114 2449 pecunia,
1146 2412 1226 2449 qua
1257 2397 1367 2436 censi
1403 2402 1534 2436 erant.
1598 2399 1796 2450 Sumptus

284 2454 427 2488 autem
461 2450 502 2488 in
539 2464 683 2489 navem
716 2452 942 2490 curandam
978 2452 1240 2504 impendendi
1273 2452 1465 2491 videntur
1496 2452 1621 2492 fuisse
1658 2452 1794 2498 iidem,

286 2519 389 2556 quos
422 2505 668 2558 symmoriae
702 2507 1015 2558 praestiterant.
1078 2509 1220 2559 Atque
1253 2507 1354 2546 haec
1391 2507 1555 2561 quidem
1592 2508 1795 2547 sufficient

284 2560 338 2599 ad
367 2565 608 2613 sequentem
639 2560 773 2599 locum
794 2562 1094 2614 explicandum.
1157 2562 1275 2602 Dixit
1295 2563 1607 2602 accuratissime
1629 2563 1678 2602 de
1699 2563 1795 2603 trie-

286 2616 449 2655 rarchia
478 2616 710 2655 Boeckhius
741 2615 783 2654 in
812 2616 904 2656 libr.
931 2617 981 2656 de
1004 2617 1155 2656 Oecon.
1182 2618 1337 2657 Athen.
1364 2618 1440 2657 vol.
1472 2631 1506 2656 2.
1535 2633 1573 2670 p.
1606 2629 1656 2670 79
1679 2632 1792 2672 seqq.

287 2670 511 2710 DISSEN.
572 2671 695 2710 Adde
718 2671 897 2711 Boeckh.
920 2672 1082 2726 Proleg.
1100 2673 1152 2712 ad
1175 2673 1294 2712 inser.
1313 2687 1403 2712 nav.
1422 2688 1460 2726 p.
1485 2674 1573 2725 189.
1598 2678 1640 2712 et
1662 2673 1795 2713 Boeh-

285 2725 402 2765 neck.
422 2726 591 2776 Quaest.
611 2726 686 2765 vol.
712 2740 742 2764 1.
767 2741 804 2779 p.
827 2739 905 2777 477
927 2741 1016 2781 sqq.

345 2783 437 2828 260,
463 2784 498 2819 8.
527 2782 627 2831 ὁρῶν
647 2783 721 2832 γὰρ
743 2784 785 2820 τὸ
815 2783 993 2821 ναυτικὸν
1021 2784 1122 2831 ὑμῶν
1151 2782 1460 2836 καταλυόμενον]
1498 2784 1595 2822 Cum
1625 2783 1795 2822 viderem

286 2850 368 2875 rem
402 2835 582 2875 navalem
615 2835 795 2876 laborare
829 2838 1000 2876 marimo
1035 2845 1069 2876 et
1104 2838 1275 2877 dissolvi.
1343 2839 1669 2877 Demosthenem
1704 2843 1792 2878 tum

287 2891 498 2939 ἐπιστάτην
525 2895 591 2930 τοῦ
624 2895 801 2931 ναυτικοῦ
830 2891 955 2931 fuisse
987 2893 1122 2932 diseas
1153 2908 1203 2932 ex
1232 2893 1429 2932 Aeschin.
1453 2899 1584 2933 contr.
1609 2893 1790 2945 ctesiph.
