1950 3210
673 133 784 173 l‘Ro
817 130 1066 173 CORONA.
1542 128 1625 167 827

112 243 277 284 auisset..
340 244 477 294 Quare
511 258 591 283 non
617 243 862 288 dissimulat,
885 247 931 282 at
961 241 1123 294 culpam
1156 253 1296 279 morae
1327 238 1511 277 ostendit
1544 252 1623 275 non

112 314 229 340 suam
250 300 389 339 fuisse.
426 299 651 339 DlssEN.
718 299 763 338 In
785 304 927 338 annot.
953 297 1045 336 crit.
1070 296 1122 335 ad
1146 296 1377 345 ὡμολόγησε
1402 307 1476 346 pro
1500 300 1623 332 “ver-

113 371 203 395 sum
223 355 288 409 53*
310 356 470 409 corrige
494 365 517 377 ⁸*
533 370 693 394 versum
716 355 774 393 εἶ’

172 414 265 463 236,
289 425 350 450 10.
382 414 484 453 ὅπως
515 409 861 463 μὴ-ποιήσαιτο]
901 409 1045 449 Citant
1071 407 1229 447 Λυσι-(1.
1259 405 1387 445 Bekk.
1412 420 1449 458 p.
1478 417 1563 456 129,
1586 419 1624 454 4.

115 467 365 507 SCHAEF.

172 525 265 577 236,
292 537 351 562 11.
376 524 567 575 ἀπίωμεν]
605 524 746 571 ἄπιμεν
770 521 928 561 Anocd.
957 520 1085 559 Bekk.

174 581 266 632 236,
293 582 351 618 16.
384 581 515 628 ὥσπερ
541 581 729 629 πρότερον
762 578 954 617 κλείσαιτε
987 577 1056 615 τὸν
1083 575 1275 626 πορθμόν]
1320 573 1439 623 Quod
1470 572 1626 611 factum

115 635 178 674 Ol.
208 637 295 681 106,
319 649 372 685 4.,
405 636 454 674 cf.
483 634 650 673 1⁷)iodor.
683 637 740 681 16,
763 635 843 685 38.,
879 632 1096 672 Demosth.
1131 630 1307 683 Philipp.
1342 629 1372 668 l.
1402 643 1438 682 p.
1467 642 1549 678 44..
1577 627 1628 667 de

114 690 204 730 sals.
238 690 366 743 legat.
398 705 436 743 p.
469 692 564 742 367.
639 690 702 728 Ac
744 703 851 727 nunc
893 692 1090 741 poterant
1130 686 1321 726 similiter
1361 684 1629 737 praecludere

115 745 352 793 transitum,
375 760 467 785 cuni
489 751 662 799 praetor
685 745 901 783 Proxenus
923 758 1015 783 cuni
1037 743 1167 782 classe
1187 742 1240 782 ad
1259 744 1411 780 Oreum
1432 740 1628 779 Euboeae

115 803 260 841 urbem
289 806 537 849 versaretur,
562 803 606 841 cf
624 800 818 840 Aeschin.
841 800 891 839 de
917 799 1006 839 fals.
1032 799 1157 852 legat.
1185 812 1223 851 p.
1247 809 1313 849 45.
1344 796 1556 835 Demosth.
1580 795 1630 834 de

115 857 205 898 fals.
229 858 352 911 legat.
375 872 414 910 p.
436 859 531 909 389.
577 856 801 896 DISSEN.

176 915 268 966 236,
294 915 360 952 26.
395 915 486 962 ἀξιῶ
518 914 558 952 δὲ
574 913 643 965 -]
681 911 921 951 Alexander
950 911 1112 950 Rhetor
1139 909 1190 948 de
1221 908 1363 962 Figur.
1387 923 1424 960 p.
1452 919 1515 946 22.
1539 907 1562 945 l.
1587 907 1629 946 h.

115 969 249 1009 citans
274 968 470 1008 nonnulla
496 968 619 1008 aliter
640 967 804 1013 recitat,
828 972 874 1007 ut
896 981 1015 1006 versu
1043 969 1106 1005 26.
1129 980 1161 1004 s.
1185 968 1297 1004 τοῦτο
1318 964 1518 1013 μέμνησθε
1542 961 1628 1012 παρ’

115 1026 212 1064 ὅλον
234 1026 301 1063 τὸν
322 1026 467 1075 ἀγῶνα,
490 1030 533 1064 et
561 1039 600 1077 p.
625 1037 717 1076 237,
746 1036 778 1062 2.
803 1037 878 1076 pro
902 1024 1015 1072 κάμοὶ
1035 1022 1111 1061 dat
1138 1037 1185 1070 με
1215 1025 1258 1060 et
1279 1021 1374 1070 πρὸς
1397 1020 1439 1059 ἓν
1466 1019 1632 1057 ἕκαστον

115 1085 191 1120 τῶν
223 1080 433 1130 εἰρημένων
463 1080 619 1131 βραχέα
654 1079 993 1129 ἀπολογήσασθαι.
1063 1076 1317 1116 Scholiastes
1352 1073 1631 1128 Hermogenis

117 1151 156 1189 p.
182 1139 274 1188 236,
300 1138 365 1175 26.
391 1150 467 1189 pro
499 1139 611 1175 τοῦτο
644 1138 861 1184 μεμνῆσθαι
893 1134 968 1173 dat
1003 1135 1138 1172 τούτου
1170 1149 1281 1181 μεμν.
1311 1137 1353 1171 et
1390 1145 1465 1184 pro
1499 1131 1633 1169 τούτου

118 1207 157 1244 p.
183 1204 275 1244 237,
301 1204 336 1230 2.
361 1192 435 1231 dat
457 1193 542 1231 τότε
564 1196 607 1230 et
628 1203 667 1243 3.
691 1191 986 1240 ἀποκρίνασθαι.
1038 1188 1231 1228 REISK.

178 1250 273 1300 236,
300 1259 361 1299 27.
384 1247 497 1299 ὑμᾶς]
538 1247 641 1285 Post
672 1249 891 1295 μεμνῆσθαι
923 1245 961 1283 in
995 1244 1111 1284 libris
1149 1243 1335 1297 pluribus
1368 1242 1521 1281 lectum
1554 1255 1633 1279 non

119 1303 249 1343 habet
272 1302 484 1356 Syrianus.
528 1301 778 1342 SCHAEF.

180 1360 272 1411 236,
299 1359 363 1399 28.
387 1359 526 1398 οὐδένα
548 1372 628 1397 non
651 1357 779 1397 habet
803 1356 1013 1409 SyrianuS.
1059 1354 1312 1395 SCHAEF.

181 1426 273 1467 237,
297 1428 334 1464 4.
357 1415 459 1455 τίνες
481 1415 549 1453 οὗν
562 1414 636 1467 —]
681 1413 749 1452 Ad
772 1412 990 1465 sequentia
1011 1412 1060 1451 de
1082 1411 1248 1450 historia
1269 1409 1421 1449 adhibe
1444 1410 1562 1448 Orat.
1586 1407 1637 1446 de

121 1469 227 1509 falsa
256 1469 379 1523 legat.
402 1485 441 1523 p.
462 1482 558 1521 347.
580 1473 679 1522 364.
703 1474 745 1508 et
768 1468 1075 1507 westermann.
1101 1467 1150 1506 de
1182 1465 1324 1506 litibus
1356 1463 1572 1504 Demosth.
1597 1478 1636 1517 p.

121 1527 189 1575 46.
213 1525 281 1564 ubi
304 1526 422 1578 plura
443 1525 493 1566 de
522 1525 585 1564 his
613 1525 736 1565 rebus
761 1529 1040 1577 exponuntur.
1102 1521 1301 1561 Proditos
1324 1521 1563 1560 Phocenses
1584 1519 1638 1559 ab

125 1581 333 1620 Aeschine
359 1595 409 1620 ne
431 1581 594 1629 dubita,
615 1595 663 1620 ao
685 1580 777 1619 vide
799 1594 923 1633 quam
954 1579 1136 1618 breviter
1164 1578 1252 1630 ipse
1283 1577 1359 1616 has
1390 1591 1456 1616 res
1487 1580 1638 1628 tangat

123 1641 271 1676 contra
289 1637 549 1690 Ctesiphont.
571 1652 610 1690 p.
633 1639 698 1689 65.
743 1634 965 1674 DISSEN.

183 1703 276 1743 237,
301 1694 337 1731 8.
361 1697 467 1732 δυοῖν
489 1693 586 1745 etc.]
623 1692 738 1732 Citat
761 1691 962 1731 Priscian.
987 1705 1028 1744 p.
1054 1691 1172 1743 1185.
1192 1689 1256 1729 ed.
1284 1688 1456 1728 Putsch.
1495 1686 1639 1726 TAY-

184 1814 279 1857 237,
305 1817 365 1843 10.
396 1805 440 1844 οὐ
464 1806 538 1855 γὰρ
559 1805 607 1842 τὰ
627 1803 778 1854 ῥήματα
800 1821 832 1842 κ.
847 1819 878 1841 τ.
896 1803 953 1856 λ.]
985 1802 1132 1843 citant
1162 1801 1416 1854 Harpocrat.
1441 1814 1476 1838 v.
1500 1797 1640 1848 ὀνομά-

123 1864 208 1905 ζων.
273 1859 559 1913 Hermogenes
580 1873 618 1912 p.
646 1870 738 1911 245.
761 1860 937 1897 τοιοῦτόν
958 1875 993 1897 τι
1019 1857 1183 1908 (durum
1215 1861 1318 1910 puta
1346 1857 1638 1908 asperumque)

127 1916 188 1953 καὶ
209 1915 252 1953 τὸ
274 1917 378 1965 παρὰ
401 1915 648 1963 Δημοσθένει
667 1913 783 1965 ῥηθέν
804 1930 845 1953 τε
867 1915 961 1963 ὁμοῦ
985 1914 1046 1952 καὶ
1068 1914 1262 1962 θεωρηθὲν
1282 1910 1343 1950 ὑπ’
1365 1912 1494 1950 αὐτοῦ.
1536 1910 1642 1960 λέγω

126 1972 181 2008 τό·
216 1970 260 2008 οὐ
280 1972 355 2020 γὰρ
375 1972 422 2009 τὰ
446 1969 596 2019 ῥήματα
623 1971 691 2010 τὰς
721 1970 955 2018 οἰκειότητας
984 1969 1059 2018 ἔφη
1087 1970 1294 2017 βεβαιοῦν.
1338 1966 1419 2005 εἶτα
1440 1967 1462 2015 ἡ
1485 1967 1638 2016 θεωρία·

126 2025 235 2074 μάλα
256 2029 407 2074 σεμνῶς
428 2025 639 2074 ὀνομάζων.
701 2024 817 2064 Citat
839 2024 939 2063 item
961 2023 1087 2063 schol.
1113 2022 1369 2075 Hermogen.
1393 2036 1432 2074 p.
1454 2033 1550 2074 392,
1578 2033 1642 2060 21.

189 2147 282 2189 237,
308 2149 367 2189 13.
392 2136 652 2187 ἀναλγησίας]
694 2135 755 2175 De
782 2136 1007 2187 ἀναλγησίᾳ
1037 2139 1080 2173 et
1111 2134 1349 2185 ἀναισθησίᾳ
1378 2132 1644 2179 Boeotorum,

128 2205 209 2244 quo
245 2191 427 2244 pertinet
463 2191 590 2230 etiam
622 2191 799 2230 formula
831 2191 995 2229 Βοιωτία
1026 2190 1080 2235 ὗς,
1111 2189 1216 2228 conf.
1237 2188 1367 2227 Wolf.
1390 2188 1445 2228 ad
1476 2187 1643 2241 Leptin.

128 2262 168 2299 p.
190 2260 289 2298 490,
310 2260 349 2300 5.
374 2246 556 2285 Boeckh.
579 2246 632 2285 acl
656 2246 825 2285 Pindar.
849 2245 914 2285 Ol.
937 2249 975 2284 6.
998 2260 1037 2298 p.
1063 2247 1151 2284 162.
1194 2243 1422 2283 DISSEN.

190 2314 283 2354 237,
307 2315 369 2354 15.
396 2302 572 2350 ἀσμένως
591 2303 692 2343 τινὲς
713 2302 853 2351 ἤκουον
875 2301 1011 2354 αὐτοῦ]
1046 2300 1277 2340 Aeschines
1309 2299 1391 2339 ista
1413 2299 1539 2338 verba
1560 2298 1648 2337 dix-

129 2362 221 2397 erat
254 2358 291 2396 d.
324 2358 385 2396 16.
429 2357 613 2410 Sciroph.
647 2357 688 2395 in
719 2356 914 2403 comitiis,
940 2356 980 2395 d.
1011 2368 1077 2409 23.
1123 2355 1312 2408 Sciroph.
1340 2360 1481 2394 autem
1512 2354 1648 2393 debel-

126 2412 232 2452 latio
266 2413 543 2452 Phocensium
579 2418 752 2465 peracta
783 2412 875 2458 fuit.
908 2412 958 2451 cf.
982 2411 1204 2450 Demosth.
1234 2411 1285 2450 de
1320 2410 1412 2450 fals.
1446 2410 1570 2463 legat.
1610 2424 1648 2462 p.

131 2481 225 2521 359.
251 2468 388 2507 collat.
414 2482 452 2520 p.
476 2480 572 2521 379.
634 2468 796 2507 Deinde
827 2468 996 2507 decreto
1028 2466 1383 2519 Amphictyonum
1407 2465 1470 2504 ol.
1495 2468 1584 2512 108,
1608 2479 1648 2517 3.

132 2524 255 2562 urbes
288 2523 565 2562 Phocensium
597 2523 743 2576 viginti
779 2524 885 2562 duae
921 2527 1091 2575 praeter
1123 2522 1243 2561 Abas
1274 2535 1454 2565 eversae,
1486 2520 1649 2559 moenia

132 2578 276 2618 diruta
306 2583 350 2617 et-
382 2577 617 2617 Phocenses
650 2579 691 2617 in
725 2580 850 2627 κώμας
881 2576 1096 2617 distributi
1129 2584 1238 2621 sunt.
1272 2577 1321 2615 cf.
1345 2575 1470 2614 Diod.
1497 2578 1554 2622 16,
1583 2577 1649 2614 60.

132 2633 231 2686 ibiq.
253 2633 445 2681 XVesseL,
469 2633 688 2673 Demosth.
711 2634 761 2672 de
783 2633 876 2673 fals.
900 2633 1029 2685 legat.
1053 2647 1089 2684 p.
1113 2633 1210 2684 361.
1254 2630 1478 2669 DISSEN.

193 2699 286 2741 237,
311 2701 372 2738 ¹9·
401 2688 564 2729 Φωκέας
591 2702 641 2728 ex
669 2687 709 2727 S.
731 2687 841 2727 edidi
874 2702 949 2740 pro
981 2686 1150 2740 vulgato
1182 2687 1449 2735 ταλαιπώρους
1475 2685 1648 2730 Φωκέας,

132 2744 248 2796 quod
271 2743 432 2782 illatum
454 2743 619 2782 videtur
640 2758 690 2782 ex
713 2758 751 2796 p.
779 2755 873 2792 240,
896 2756 932 2793 9.
960 2754 1055 2794 275,
1081 2755 1140 2780 11.

195 2811 288 2852 237,
315 2810 378 2837 21.
411 2803 677 2849 σκευαγωγεῖν
703 2800 744 2837 ἐκ
777 2802 852 2836 τῶν
879 2798 1024 2849 ἀγρῶν]
1062 2797 1394 2843 ἀνασκευάζεσθαι
1425 2798 1472 2834 τὰ
1503 2797 1544 2834 ἐκ
1576 2799 1652 2834 τῶν

135 2856 279 2906 ἀγρῶν.
324 2854 376 2893 V.
401 2853 549 2892 Pollux
575 2867 634 2901 10,
659 2867 720 2903 14.
764 2851 1015 2893 sCHAEF.

196 2922 289 2963 237.
321 2921 386 2949 22.
420 2909 652 2961 ἀπέχθειαν]
691 2909 743 2947 V.
771 2908 824 2948 ad
856 2923 894 2960 p.
925 2909 991 2946 66.
1021 2920 1081 2946 10.
1146 2907 1237 2956 Qua
1269 2906 1306 2945 vi
1343 2906 1382 2945 h.
1417 2906 1441 2945 l.
1475 2905 1651 2953 dicatur7
