1935 3205
638 141 710 180 m«)
745 140 869 180 SYM
883 141 1026 180 Mon!
1043 141 1102 179 lb'.
1545 145 1629 182 2:53

114 259 186 299 per
216 260 259 284 sc
291 244 547 299 intelligitur.
612 245 846 299 Diligenter
873 251 1013 285 autem
1047 250 1175 298 atque
1206 252 1416 293 accurate,
1439 252 1485 285 ut
1510 246 1627 293 solet.

114 301 416 341 demonstravit
444 300 678 340 Boeckliius
701 301 776 340 vol.
804 314 840 340 2.
865 316 904 354 p.
928 314 995 349 41.
1018 316 1198 341 censum.
1226 317 1275 341 ex
1304 316 1385 355 quo
1418 302 1515 341 illud
1547 302 1628 355 pri-

114 372 224 397 mum
248 357 523 397 voluntarium
546 357 751 398 tributum
783 357 889 397 bello
915 357 1268 410 Peloponnesiaco
1289 358 1481 398 collatum
1506 364 1627 405 esset,

113 413 236 453 alium
258 414 383 453 fuisse
405 419 533 466 atque
553 428 658 457 eum.
679 414 747 467 qui
770 429 795 453 a
819 414 967 453 Solone
990 414 1146 467 primus
1168 414 1386 454 institutus
1407 420 1511 454 erat.
1567 414 1628 453 Eo

114 470 221 509 enim
253 475 452 522 tempore,
480 485 560 523 quo
594 470 717 508 Solon
753 470 985 509 universum
1021 470 1214 523 populum
1249 470 1549 511 Atheniensem
1587 471 1626 509 in

115 531 316 580 quattuor
337 541 386 565 ex
409 540 532 565 censu
556 526 765 565 dividcbet
788 526 954 572 classes,
977 527 1100 566 annui
1126 532 1290 567 tantum
1312 542 1362 566 cx
1390 527 1502 579 agris
1524 527 1628 566 redi-

114 588 182 622 tus
203 582 243 621 in
265 596 431 621 censum
456 582 689 622 veni(.=bant.
757 582 864 621 lline
887 582 925 629 ii,
949 583 1016 636 qui
1043 583 1200 635 primae
1222 583 1340 622 classi
1367 583 1628 623 ascribeban-

113 644 195 685 tur,
219 637 315 691 quia
337 652 470 691 agros,
494 639 602 678 unde
625 638 820 692 quingcni
843 639 1067 691 quotannis
1089 639 1283 678 redibant
1305 639 1512 684 mcdimni.
1537 654 1628 692 pos-

114 694 318 740 sidebant.
336 694 774 747 pentacosiomedimni
793 696 1061 743 vocabantur,
1080 695 1246 748 reliquis
1268 701 1409 735 autem
1430 695 1629 735 classibus

113 750 194 790 alia
223 755 343 790 erant
375 750 553 797 nomina,
583 765 688 805 quac
722 765 802 790 non
837 766 887 790 ex
921 765 1092 791 numero
1125 751 1378 790 medimnum
1406 751 1629 804 quotannis

114 806 373 846 redeuntium
396 812 517 846 erant
539 807 687 847 dueta:
722 807 762 846 id
786 807 895 860 quod
922 807 1049 847 etiam
1081 807 1121 846 in
1147 822 1293 847 caussa
1319 814 1381 847 est
1412 822 1484 847 cur
1510 813 1552 847 et
1579 808 1629 847 de

114 862 257 902 ordine
293 862 440 902 harum
474 863 666 902 classium
694 868 738 903 et
763 863 814 902 dc
846 878 1017 903 numero
1049 864 1302 903 medimnum
1335 864 1482 916 cuique
1515 864 1629 903 rede-

114 919 275 959 untium
309 918 505 958 nonnulla-
537 919 591 959 sit
625 919 905 972 discrepantia
935 920 1045 973 apud
1079 919 1303 972 scriptores
1328 925 1502 959 veteres.
1566 920 1627 960 Cf.

115 974 295 1014 Bocckh.
315 975 392 1014 vol.
417 988 451 1014 2.
472 990 511 1028 p.
530 989 598 1028 30.
618 990 708 1029 sqq.
758 976 858 1015 Jam
880 991 972 1015 cum
992 976 1139 1015 Pollux
1164 979 1200 1014 δ’.
1219 990 1252 1015 c.
1276 989 1337 1015 10.
1362 976 1518 1025 tradat,
1543 991 1630 1015 ero-

112 1045 232 1084 gasse
253 1031 724 1084 pentacosiomedimnos
746 1031 786 1070 in
808 1032 1015 1085 publicum
1037 1033 1273 1083 (ἀνήλισκον
1296 1034 1334 1073 ἐς
1356 1032 1398 1070 τὸ
1422 1034 1627 1083 δημόσιον)

114 1087 329 1134 talentum,
353 1087 513 1140 equites
535 1088 710 1141 triginta
736 1088 880 1135 minas.
905 1088 1090 1141 zeugitas
1112 1089 1265 1129 decem.
1289 1088 1431 1127 tlietas
1453 1088 1631 1142 denique

114 1143 227 1191 nihil,
257 1149 379 1182 acute
409 1158 508 1183 sanc
538 1149 667 1197 atque
698 1144 852 1184 acriter
883 1144 1095 1198 perspexit
1125 1144 1359 1183 Boeckliius
1388 1156 1423 1183 2.
1452 1159 1492 1197 p.
1516 1157 1625 1197 32—

113 1213 194 1249 40..
222 1199 281 1239 ita
313 1200 414 1238 hacc
444 1200 623 1240 Pollucis
651 1201 777 1240 verba
810 1200 1077 1253 intelligenda
1110 1214 1210 1248 esse,
1239 1205 1285 1239 ut
1320 1200 1503 1254 singulae
1538 1200 1630 1240 illae

113 1256 381 1308 pecuniarum
414 1270 610 1304 summae,
641 1271 723 1295 non
751 1262 952 1309 quantum
985 1257 1202 1303 tributum.
1231 1256 1302 1295 scd
1334 1256 1385 1295 de
1411 1262 1541 1309 quota
1570 1256 1630 1296 rei

113 1311 325 1351 familiaris
362 1317 481 1364 parte
512 1312 729 1360 tributum,
763 1313 795 1351 si
830 1313 996 1365 quando
1030 1313 1156 1352 fuerit
1187 1327 1302 1365 opus,
1335 1313 1630 1352 conserendum

114 1367 250 1413 fucrit.
274 1368 520 1421 significent.
576 1369 658 1408 Sed
680 1369 791 1422 quod
813 1369 921 1408 idem
947 1369 1154 1409 Pollucem
1178 1384 1238 1413 ea,
1262 1383 1367 1421 quac
1389 1369 1500 1422 apud
1521 1369 1629 1409 anti-

114 1438 217 1476 quos
239 1424 461 1477 scriptores
482 1425 558 1464 hac
581 1425 631 1464 dc
654 1439 697 1464 re
719 1425 935 1471 invenerit,
957 1439 1104 1478 parum
1125 1424 1377 1464 intellexisse
1397 1424 1631 1465 arbitratur

118 1491 153 1518 2.
178 1494 217 1532 p.
241 1493 326 1532 34„
349 1481 389 1519 in
421 1495 469 1520 eo
499 1480 598 1519 mihi
630 1481 717 1534 ipse
741 1480 919 1520 Pollucis
940 1482 1065 1520 verba
1094 1495 1174 1519 11011
1203 1481 1305 1520 satis
1327 1481 1492 1521 videtur
1521 1496 1630 1521 asse-

114 1542 234 1574 cutus
256 1550 357 1576 esse.
423 1536 528 1576 Illud
548 1537 657 1576 enim
686 1537 717 1575 si
748 1537 976 1583 contendit,
1000 1552 1024 1577 a
1046 1537 1329 1577 Demosthene
1350 1552 1481 1591 aeque
1502 1543 1630 1590 atque

114 1606 139 1630 a
174 1591 339 1631 Polluce
370 1593 620 1632 sententiam
654 1607 770 1633 suam
804 1594 855 1632 de
891 1598 1006 1633 certa
1042 1598 1083 1633 et
1115 1593 1288 1633 definita
1324 1593 1381 1633 rei
1416 1593 1629 1633 familiaris

114 1652 246 1700 parte,
270 1648 321 1688 de
342 1663 423 1702 qua
445 1648 649 1689 tributum
671 1650 964 1689 conferendum
992 1650 1130 1697 fuerit7
1153 1664 1235 1688 11011
1265 1649 1518 1689 intellectam
1540 1665 1630 1690 esse

114 1708 277 1744 statuat
304 1719 471 1744 necesse
496 1710 573 1745 est.
638 1705 766 1745 Simili
799 1705 907 1745 enim
940 1706 1064 1745 modo
1091 1721 1139 1746 ac
1170 1705 1318 1744 Pollux
1350 1707 1629 1746 ἀναλίσκειν

116 1761 178 1801 εἰς
206 1760 254 1799 τὸ
283 1763 502 1810 δημόσιον
523 1761 623 1801 dicit
645 1761 698 1804 id,
722 1762 832 1814 quod
854 1769 1013 1815 partem
1042 1763 1100 1801 νιτὶ
1116 1761 1368 1815 ιἴσηιῖῖιάνιῗε,
1392 1762 1438 1801 cle
1456 1776 1534 1815 qua
1556 1763 1627 1802 trz’-
1642 1759 1695 1797 12

115 1814 247 1855 butum
263 1817 469 1868 penditur,
493 1818 534 1856 in
556 1832 709 1857 censum
732 1818 885 1870 defferre
909 1818 1043 1857 vocari
1068 1817 1267 1871 oportuit.
1294 1818 1625 1858 Demosthenesh

117 1871 158 1910 in
182 1872 348 1925 Aphob.
374 1886 405 1911 1.
428 1887 467 1926 p.
492 1875 585 1926 815,
612 1887 672 1913 10.
695 1874 843 1921 verbis.
873 1876 940 1915 Εἰς
967 1877 1041 1925 γὰρ
1070 1876 1139 1923 τὴν
1166 1877 1383 1924 συμμορίαν
1409 1872 1505 1925 ὑπὲρ
1535 1877 1628 1924 ἐμοῦ

117 1928 376 1977 συνετάξαντο
419 1932 530 1969 κατὰ
570 1932 646 1971 τὰς
687 1930 817 1969 πέντε
860 1931 932 1969 καὶ
974 1933 1121 1969 εἴκοσι
1161 1933 1275 1979 μνᾶς
1314 1932 1628 1971 πεντακοσίας

116 1986 319 2036 δραχμὰς
351 1987 604 2035 εἰσφέρειν,
629 1987 799 2036 ὅσονπερ
821 1987 1023 2035 Τιμόθεος,
1047 1987 1067 2025 ὁ
1094 1988 1275 2027 Κόνωνος
1302 1986 1363 2024 καὶ
1387 1987 1423 2025 οἱ
1444 1988 1490 2025 τὰ
1515 1986 1626 2037 μέγι-

116 2055 190 2078 στα
212 2040 433 2089 κεκτημένοι
454 2041 645 2090 τιμήματα
668 2042 887 2092 εἰσέφερον,
910 2056 992 2080 11011
1014 2046 1217 2094 quantum
1239 2041 1457 2088 tributum,
1481 2042 1552 2081 sed
1575 2042 1626 2082 de

117 2100 245 2148 quota
269 2096 328 2136 rei
356 2096 571 2136 familiaris
596 2102 716 2150 parte
745 2102 908 2137 tutores
938 2097 1067 2150 ipsius
1095 2097 1260 2136 nomine
1288 2097 1552 2145 contulerint,
1576 2098 1627 2137 de

118 2150 315 2190 Boeckhii
343 2164 374 2190 2.
393 2167 432 2205 p.
455 2165 524 2206 53.
547 2153 757 2193 sententia
779 2153 977 2193 declarat.
1039 2154 1176 2203 Quare
1197 2153 1288 2206 plus
1311 2168 1434 2206 quam
1456 2154 1539 2193 veri
1563 2158 1627 2194 est

116 2206 246 2246 simile
274 2208 481 2248 Pollucem
513 2209 776 2262 scriptorum,
800 2224 902 2262 quos
934 2209 1134 2262 sequitur.
1163 2209 1253 2262 ipsa
1281 2210 1406 2249 verba
1430 2216 1627 2250 accurate

116 2263 376 2315 expressisse,
403 2279 536 2317 neque
565 2265 761 2304 credibile
783 2270 847 2304 est
869 2267 1098 2305 ἀναλίσκειν
1121 2267 1159 2306 ἐς
1179 2265 1222 2304 τὸ
1244 2267 1431 2314 δημόσιον
1453 2266 1626 2306 locutio-

115 2331 208 2356 nem
229 2333 279 2357 ex
300 2320 402 2360 falso
424 2321 481 2360 rei
505 2321 717 2360 intellectu
735 2326 882 2367 ortam,
903 2322 974 2360 sed
997 2322 1049 2361 ab
1072 2321 1172 2375 ipsis
1194 2321 1301 2359 illius
1322 2321 1476 2361 aetatis
1498 2322 1626 2375 scrip·
1641 2326 1694 2363 13

117 2373 275 2413 toribus
296 2382 539 2429 usurpatam
561 2391 662 2416 esse.
724 2377 929 2426 Quoniam
952 2377 1072 2424 enim.
1091 2382 1137 2417 ut
1158 2377 1393 2416 Boeekhius
1414 2393 1452 2431 p.
1470 2391 1538 2430 34.
1555 2391 1578 2430 3
1584 2391 1623 2430 5.

117 2430 342 2479 contendit,
379 2437 478 2471 ante
517 2432 694 2485 primam
731 2432 842 2472 illam
878 2433 984 2472 bello
1023 2432 1375 2486 Peloponnesiaco
1412 2434 1625 2474 inductam

158 2563 175 2587 ¹¹
201 2566 249 2595 Cf.
267 2574 425 2603 praeterea
450 2568 540 2598 Dem.
561 2569 592 2598 in
614 2569 738 2608 Aplmb.
758 2579 781 2598 1.
807 2580 833 2607 p.

904 2570 996 2607 phol».
1017 2570 1082 2599 fals.
1102 2570 1214 2600 testim.
1233 2580 1263 2608 p.
1280 2569 1351 2604 862,
1373 2568 1485 2607 7.“O·1·1
1501 2581 1627 2599 πεντε-

116 2608 190 2644 815,
211 2608 256 2637 26.
277 2610 384 2643 Δῆλον
398 2609 456 2646 μὲν
471 2610 574 2640 τοίνυν
591 2610 639 2640 καὶ
661 2612 696 2640 ἐκ
716 2611 836 2640 τούτων

903 2612 1056 2641 καίδεκα
1078 2611 1272 2641 ταλάντων
1298 2612 1424 2642 οὐσίας
1452 2624 1503 2647 μοι
1532 2623 1626 2641 κατα.-

117 2649 184 2678 ἐστὶ
201 2650 238 2679 τὸ
253 2652 370 2684 πλῆθος
382 2653 439 2686 τῆς
455 2653 570 2682 οὐσίας.
608 2653 836 2682 Πεντεκαίδεκα

115 2690 276 2721 ταλάντων
287 2693 346 2731 ’γὰρ
356 2694 425 2730 τρία
437 2694 579 2724 τάλαντα
590 2694 718 2731 τίμημα.
750 2694 835 2723 Ταύ-

119 2744 182 2768 την
202 2734 325 2771 ἠξίουν
345 2735 534 2774 εἷο-φέρειν
555 2737 622 2771 τὴν
645 2735 832 2774 εἰσφοράν.

118 2784 144 2803 2.
166 2786 193 2813 p.
215 2776 287 2812 856.
306 2786 353 2811 εις.
367 2776 437 2806 ’Ἑτι
461 2778 493 2807 δὲ
517 2779 566 2808 καὶ
591 2779 682 2808 αὐτὸς
694 2778 834 2816 ’Ἄφοβος

116 2816 249 2851 ἐμφανὲς
273 2819 416 2854 ἐποίησεν
433 2819 571 2856 ἡγεμόνα
589 2833 627 2856 με
644 2822 699 2855 τῆς
716 2832 833 2857 συμμυ-

115 2858 179 2894 ρὶας
202 2860 406 2895 καταστήσας
422 2862 476 2891 οὐκ
494 2862 541 2891 ἐπὶ
565 2863 681 2901 μικροῖς
703 2862 835 2898 τιμήμα-

117 2910 175 2933 σιν,
193 2902 273 2930 ὥστε
297 2901 392 2931 κατὰ
411 2903 474 2933 τὰς
496 2904 607 2933 πέντε
626 2905 688 2934 καὶ
710 2906 835 2934 εἴκοσι

115 2942 201 2976 μνᾶς
220 2944 465 2974 πεντακοσίας
487 2945 684 2984 εἰσφέρειν.
734 2947 771 2975 In
790 2948 833 2975 A-

903 2654 1083 2691 λειφθείσης
1111 2654 1166 2683 τὸν
1189 2653 1246 2688 μὲν
1271 2653 1355 2682 οἶκον
1377 2654 1432 2682 οὐκ
1461 2653 1624 2690 ἐμίσθωσε,

903 2697 977 2724 δέκα
1000 2697 1024 2724 δ’
1042 2697 1097 2730 ἔτη
1119 2695 1199 2731 μετὰ
1221 2697 1284 2724 τῶν
1307 2694 1538 2733 συνεπιτρόπων
1561 2697 1624 2725 δια-

902 2738 1043 2774 χειρίσας
1073 2738 1147 2775 πρὸς
1176 2736 1233 2773 μὲν
1262 2736 1321 2770 τὴν
1349 2737 1519 2775 συμμορίαν
1551 2737 1624 2775 ὑπὲρ

903 2779 1007 2808 παιδὸς
1020 2778 1109 2808 ὄντος
1123 2780 1196 2814 ἐμοῦ
1211 2777 1322 2807 πέντε
1337 2780 1428 2815 μνᾶς
1444 2779 1624 2817 συνετάξατ’

904 2819 1106 2858 εἰσφέρειν,
1129 2822 1261 2860 ὅσονπερ
1279 2821 1423 2856 Τιμόθεος
1446 2823 1462 2850 ὁ
1487 2821 1624 2852 Κόνωνος

904 2862 952 2891 καὶ
978 2863 1007 2891 οἱ
1029 2862 1068 2892 τὰ
1093 2862 1230 2900 μέγιστα
1258 2862 1440 2899 κεκτημένοι
1467 2863 1625 2901 τιμήματα

904 2903 1075 2942 εἰσέφερον.
