1950 3210
655 140 765 179 vm)
797 141 1046 179 ('()lt()N.=X.
1549 143 1631 179 :3253

121 244 263 297 paucis
298 251 397 283 ante
430 259 522 282 cum
562 244 733 297 reperiri
758 251 811 292 (v.
844 243 1164 295 13‹›‹=‹7·1‹11.(5‹›1-p.
1201 242 1324 280 inser.
1355 257 1392 281 n.
1425 244 1511 294 185.
1544 246 1629 293 1:59.

126 314 215 351 ¹9¹·
242 313 329 349 192.
352 311 449 351 477.
474 303 589 350 478.)
614 306 801 339 constet:
837 299 944 338 unde
965 298 1111 350 conjici
1136 299 1358 351 possejam
1389 299 1630 337 Demosthe-

121 356 210 395 nica
233 361 374 395 aetate
397 370 520 409 quum
544 357 757 395 decretum
790 355 928 408 populi
962 354 1170 407 suffragiis
1198 356 1487 394 confirmatum
1522 362 1629 393 esset

119 417 162 450 et
182 417 409 464 antequam
438 412 475 450 in
507 411 716 451 tabulario
746 417 1027 464 lar-poneretur,
1052 425 1176 449 unum
1204 427 1225 449 e
1253 410 1465 460 strategis.
1491 411 1558 462 qni
1583 426 1630 449 eo

119 472 307 520 tempore
329 467 367 506 in
392 468 596 519 strategio
619 467 896 520 praesidebat,
921 467 979 505 vel
1002 482 1077 506 sua
1102 467 1358 506 auctoritato
1392 473 1628 515 rog-annm„

117 523 349 575 adjuverat,
388 523 427 561 in
466 523 630 569 tabella,
664 538 744 575 qua
783 529 971 575 tempora
1015 523 1282 562 notabantur.
1321 537 1439 561 suum
1483 537 1628 561 nomen

117 579 399 631 adscripsisse.
467 579 531 618 lta
557 579 750 632 apposito
778 579 854 618 hoc
882 579 1045 617 nomine
1072 579 1295 618 monstrari
1330 578 1515 632 potuisse
1538 584 1628 617 ram

117 648 195 674 esse
214 635 372 674 decreta
395 640 431 673 ct
451 635 490 673 ite
514 635 714 674 tabulario
735 635 977 686 reponemla.
1044 635 1220 674 Doctum
1253 634 1381 686 igitur
1411 634 1537 682 illum,
1561 635 1627 687 qui

117 704 139 729 e
160 690 370 730 tabulario
395 691 540 730 Attico
560 696 659 730 acta
681 691 845 743 publica
875 690 1165 729 Demosthenis
1187 690 1366 730 orationi
1392 691 1629 736 inseruerit,

117 751 350 798 strategum
372 761 446 799 pro
468 746 670 786 archonte
691 760 894 799 eponymo
916 746 1110 785 habuisse
1133 747 1304 798 ejusque
1336 747 1425 785 loco
1451 747 1630 787 decretis

118 801 447 854 praescripsisse.

176 856 335 897 Eodem
357 858 441 896 fere
464 864 651 910 tempore
673 873 754 911 quo
786 858 887 898 hacc
919 858 1087 911 stu-ipsit
1111 858 1396 898 Boehneckius
1428 859 1533 898 idem
1566 874 1629 898 ar-

115 918 358 965 gumentum
401 928 481 952 non
522 914 656 952 minus
698 915 863 967 copiose
899 915 1169 953 tractandum
1208 915 1285 953 sibi
1323 915 1472 954 sumsit
1502 915 1545 954 J.
1576 915 1627 954 G.

118 968 375 1022 Droysenius
395 969 435 1008 in
453 970 805 1010 connnentatione
822 970 1068 1010 Germanice
1085 970 1254 1024 scripta,
1272 970 1449 1023 primum
1473 971 1629 1011 inserta

115 1023 441 1064 Zimmermanni
462 1025 609 1064 Diario
631 1026 741 1065 stud.
759 1026 890 1079 antiq.
911 1026 1162 1078 (Zeitsclcrfft
1173 1027 1256 1078 fiir
1276 1026 1341 1065 elie
1358 1026 1628 1065 Alter-thams-

114 1079 416 1132 w'e‘ssenschafl)
446 1096 485 1120 a.
516 1082 633 1134 1839.
665 1082 765 1121 fasc.
797 1083 968 1121 6.—10.
1006 1088 1046 1122 ct
1088 1082 1354 1135 postmodum
1400 1083 1627 1135 separatim

115 1135 242 1175 edita.
304 1136 395 1186 Qua
423 1137 601 1189 probare
629 1137 789 1177 studuit
821 1142 917 1177 aeta
948 1138 1113 1190 publica
1144 1138 1236 1177 huic
1262 1138 1442 1177 orationi
1470 1139 1627 1178 inserta

114 1191 170 1230 ad
191 1206 317 1230 unum
339 1193 477 1232 omnia
507 1207 587 1231 non
609 1192 780 1239 fra-udis,
803 1193 874 1232 sed
897 1193 1208 1233 exercitationis
1234 1194 1460 1247 exemplive
1483 1209 1627 1234 caussa

116 1246 157 1285 in
179 1261 299 1286 usum
328 1248 561 1287 scholarum
582 1248 682 1288 ficta
704 1263 793 1288 esse
824 1249 878 1287 ab
908 1249 1073 1288 homine
1104 1264 1185 1288 non
1214 1249 1306 1289 aliis
1332 1264 1406 1289 uso
1435 1250 1628 1289 subsidiis

115 1316 241 1355 quam
268 1303 563 1343 Demosthenis
593 1304 670 1343 hac
702 1303 904 1350 oratione,
928 1319 978 1344 ne
1010 1305 1198 1358 inspecta
1220 1305 1385 1357 quidem
1409 1306 1628 1345 Aeschinis

115 1358 304 1398 oratione
335 1359 589 1398 adversaria.
652 1360 893 1412 Composita
923 1366 1063 1400 autem
1095 1375 1185 1400 esse
1215 1366 1314 1400 ante
1338 1361 1553 1401 Plutarchi
1586 1368 1627 1401 et

116 1413 318 1454 Aristidis
349 1419 552 1467 tempora,
578 1415 646 1468 qui
674 1420 804 1455 testes
835 1421 933 1455 sunt
961 1416 1241 1469 antiquissimi
1271 1417 1467 1456 nonnulla
1488 1432 1538 1456 ex
1565 1417 1628 1456 his

113 1469 221 1509 actis
251 1476 543 1510 memorantes.
606 1470 766 1510 Eadem
798 1471 948 1515 omnia,
972 1478 1019 1511 ut
1047 1477 1144 1511 acta
1171 1472 1432 1512 orationibus
1457 1474 1628 1512 forensi-

113 1525 190 1564 bus
211 1525 382 1571 inserta,
406 1525 457 1565 de
479 1526 628 1578 quibus
656 1527 811 1579 partim
841 1527 983 1566 similis
1004 1533 1065 1567 est
1091 1528 1312 1575 dubitatio,
1336 1528 1376 1567 in
1406 1529 1520 1568 libris
1543 1530 1627 1568 suis

114 1580 225 1620 haud
256 1581 383 1620 dubie
415 1581 605 1635 legerunt
638 1583 891 1622 recentiores
925 1583 1114 1623 rhetores
1145 1589 1189 1624 et
1217 1585 1492 1638 grammatici,
1516 1585 1625 1625 velut

114 1635 442 1689 Harpocration.
504 1637 612 1677 Nam
638 1638 749 1690 quod
776 1643 873 1678 acta
908 1638 948 1677 in
982 1639 1060 1679 hac
1091 1639 1263 1692 aliisque
1294 1640 1553 1680 orationibus
1586 1641 1625 1680 in

113 1691 326 1731 codicibus
347 1693 611 1745 quibusdam,
632 1694 744 1733 velut
766 1695 1019 1747 Augustano
1042 1699 1110 1743 A„
1132 1695 1195 1735 vel
1220 1695 1359 1735 onmia
1381 1696 1442 1735 vel
1472 1697 1626 1749 partim

112 1746 404 1787 desiderantur
424 1762 497 1787 nec
519 1749 816 1802 comprehensa
838 1756 934 1790 sunt
959 1750 999 1789 in
1032 1765 1204 1791 numero
1226 1766 1419 1791 versuum
1439 1753 1625 1806 antiquis

113 1802 325 1842 codicibus
361 1804 597 1857 subscripto
622 1808 678 1855 (v.
700 1805 755 1844 ad
776 1820 815 1858 p.
838 1818 933 1859 332,
959 1809 1056 1858 24),
1085 1807 1235 1846 nullius
1270 1807 1391 1860 plane
1427 1809 1624 1848 momenti

114 1864 191 1905 est,
215 1872 341 1912 quum
370 1859 635 1898 librariorum
666 1860 843 1900 arbitrio
873 1876 922 1901 ea
953 1875 1042 1901 esse
1071 1863 1223 1902 omissa
1250 1863 1525 1903 certissimum
1556 1864 1625 1904 ha-

113 1914 200 1953 beri
223 1914 367 1967 possit.
416 1915 634 1967 Droysenii
657 1915 909 1956 sententiam
931 1916 1231 1971 impugnarunt
1246 1919 1484 1959 Voemelius
1506 1926 1625 1972 quat-

113 1974 210 2009 tuor
226 1970 658 2018 commentationibus,
679 1971 946 2012 Francofurti
963 1973 1017 2011 ad
1038 1974 1237 2012 Moenum
1258 1989 1295 2014 a.
1317 1975 1415 2022 1841
1429 1976 1624 2025 .—1844.

111 2025 247 2072 editis,
265 2031 309 2065 et
328 2025 616 2065 Boelmeekius
635 2026 675 2065 in
697 2027 873 2080 praefat.
891 2028 1131 2078 Quaestion.
1146 2029 1223 2068 vol.
1247 2044 1279 2068 1.
1299 2044 1337 2082 p.
1362 2030 1491 2070 XVI.
1510 2045 1623 2084 seqq.

112 2085 155 2120 et
187 2080 228 2119 in
256 2081 486 2120 Addendis.
547 2081 606 2121 Et
638 2082 925 2122 Boehneckius
953 2084 1118 2136 quidem
1149 2091 1245 2124 acta
1278 2085 1380 2124 haec
1412 2087 1467 2125 ad
1498 2101 1625 2125 unum

111 2136 251 2176 onmia
286 2136 507 2175 defendere
548 2138 742 2190 suscepit,
769 2138 1010 2178 Voemelius
1045 2140 1194 2187 onmia,
1227 2155 1309 2179 uno
1344 2141 1520 2181 fortasse
1556 2157 1625 2181 ex-

111 2197 233 2244 cepto
266 2192 548 2245 psephismate
580 2192 874 2233 Demosthenis
903 2198 962 2247 (p.
988 2196 1066 2234 288
1095 2198 1244 2249 seqq).
1306 2196 1465 2236 Verum
1499 2212 1623 2251 quum

112 2247 252 2299 paullo
287 2252 383 2300 post
422 2247 594 2287 Frankii
634 2249 930 2289 commentatio
966 2250 1017 2289 de
1052 2251 1232 2291 decretis
1269 2252 1624 2306 Amphictyonum

113 2302 206 2341 huic
229 2302 408 2342 orationi
435 2305 489 2355 (p.
518 2305 609 2353 278.
633 2307 742 2357 279.)
767 2304 935 2345 insertis
956 2306 1191 2358 prodiisset.
1216 2307 1317 2346 haec
1340 2322 1504 2361 quoque
1524 2309 1623 2349 ficta

112 2359 165 2397 ab
206 2357 373 2397 falsario
415 2372 503 2398 esse
543 2359 748 2400 concessit
788 2360 830 2399 in
871 2361 1222 2402 commentatione
1253 2362 1400 2415 quinta
1436 2379 1474 2404 a.
1505 2366 1622 2417 1845.

112 2413 237 2453 edita.
307 2413 534 2453 Praeterea
568 2415 806 2455 Voemelius
840 2417 1235 2457 commentationem
1268 2419 1319 2457 de
1355 2419 1621 2473 chronologia

112 2469 260 2508 horum
285 2474 473 2508 actorum
494 2469 625 2510 edidit
645 2470 686 2509 in
706 2470 918 2511 W'elekeri
939 2478 981 2512 et
1006 2473 1221 2513 Ritsehelii
1247 2474 1396 2514 Museo
1420 2475 1622 2514 Rhenano

110 2539 148 2564 a.
174 2525 290 2572 1842.
314 2539 352 2577 p.
375 2535 612 2577 535—574.
635 2526 675 2564 in
698 2541 780 2580 qua
806 2542 908 2580 quos
937 2542 1130 2568 numeros
1161 2528 1313 2582 posuit.
1342 2534 1507 2569 tantum
1540 2544 1620 2569 non

111 2594 254 2619 onmes
284 2580 410 2619 falsos
441 2594 530 2619 esse
555 2581 759 2634 judicavit
791 2582 1078 2622 Boehneckius
1101 2584 1124 2622 l.
1150 2598 1183 2623 c.
1207 2599 1246 2636 p.
1270 2584 1403 2623 XIX.
1464 2585 1623 2625 Contra

113 2634 421 2675 Boehneckium
444 2635 674 2688 disputavit
696 2638 956 2691 Droysenius
979 2639 1020 2677 in
1044 2639 1199 2678 Diariis
1221 2654 1346 2692 supra
1379 2641 1620 2680 memoratis

111 2705 149 2730 a.
175 2691 291 2743 1845.
315 2705 353 2743 p.
377 2704 438 2743 13.
461 2705 574 2744 seqq.
637 2692 760 2740 Mihi,
791 2693 955 2733 etiamsi
983 2694 1075 2746 quis
1106 2709 1152 2734 ea
1185 2695 1334 2740 omnia,
1364 2709 1469 2747 quae
1501 2695 1621 2735 nimis

111 2745 270 2785 incerta
300 2751 396 2786 sunt
427 2751 470 2785 et
501 2746 542 2785 in
568 2747 751 2788 diversas
782 2754 924 2801 partes
955 2749 1179 2803 disceptari
1213 2756 1386 2803 possunt
1415 2751 1476 2789 vel
1504 2751 1620 2803 justo

112 2800 300 2853 cupidius
322 2801 487 2854 objecta
513 2808 625 2850 sunt,
647 2803 785 2856 qualia
816 2804 936 2856 plura
958 2805 997 2843 in
1021 2805 1241 2858 Droysenii
1269 2806 1621 2846 commentatione

107 2856 200 2907 jure
222 2862 423 2896 notarunt
440 2857 678 2897 Voemelius
699 2865 741 2899 et
765 2859 1064 2907 Boehneckius,
1087 2860 1213 2901 missa
1238 2861 1377 2903 faciat,
1401 2866 1467 2901 tot
1488 2876 1619 2902 rema-

114 2925 210 2950 nere
237 2912 432 2952 videntur
467 2927 547 2951 non
585 2914 711 2954 dubia
747 2915 914 2954 serioris
951 2916 1121 2969 originis
1159 2916 1457 2971 imperitaeque
1494 2917 1618 2957 inter-

832 2983 901 3009 Y2
