1934 3179
294 108 379 146 340
856 109 970 148 PRO
1003 108 1254 149 CORONA.

296 215 485 264 tempore
509 211 680 259 absolvi,
703 212 867 252 etiamsi
892 214 1016 253 verba
1039 213 1334 253 Demosthenis
1361 214 1526 268 premis,
1550 216 1637 269 ejus
1663 230 1814 256 nomen

295 267 468 319 quotidie
488 268 573 307 fere
594 268 648 307 ad
664 268 826 321 judices
849 269 1033 308 delatum
1054 283 1156 309 esse.
1199 270 1380 310 Accedit
1394 271 1504 324 quod
1526 272 1753 312 adversarii
1769 277 1814 312 et

300 323 668 363 Macedonicarum
689 324 873 376 partium
906 325 1081 364 studiosi
1106 326 1289 378 primum
1323 341 1405 365 non
1434 327 1510 380 ipsi
1540 333 1687 368 contra
1719 342 1814 367 eum

295 379 551 431 prodierunt,
576 380 648 418 sed
667 379 770 419 alios
791 380 1066 420 immiserunt.
1112 381 1222 421 Pace
1244 381 1353 421 enim
1374 397 1467 422 cum
1491 383 1683 437 Philippo
1704 398 1814 424 com-

296 434 444 487 posita,
469 440 516 475 ut
538 435 593 472 W
597 435 832 476 iniewskius
854 451 892 489 p.
911 440 1002 477 265.
1027 437 1113 490 ipse
1131 438 1378 485 observavit,
1398 439 1663 492 periculosius
1685 440 1814 479 videri

293 490 343 530 iis
371 495 551 543 poterat,
576 491 608 530 si
636 491 712 545 ipsi
735 497 932 546 rectaque
954 493 1019 532 via
1049 493 1091 532 in
1112 493 1245 533 virum
1277 494 1527 534 veherentur
1556 495 1697 549 populi
1729 500 1815 535 stu-

295 546 374 585 diis
394 546 530 586 adhuc
551 547 781 587 florentem.
823 548 920 588 Sine
942 549 1068 588 dubio
1089 549 1140 589 de
1161 549 1224 589 his
1244 551 1369 590 rebus
1390 565 1464 604 per
1480 556 1615 591 totam
1637 551 1815 591 hiemem

294 608 337 642 et
359 616 453 641 vere
475 617 639 656 quoque
660 603 701 642 in
727 604 894 657 judiciis
920 609 1183 645 transactum
1211 610 1287 646 est.
1350 606 1491 647 Etiam
1515 607 1814 647 Winiewskius

295 658 485 698 concedit
507 659 688 711 spatium
709 659 809 699 illud
830 661 996 700 brevius
1023 676 1112 701 esse
1134 676 1258 715 quam
1288 667 1335 702 ut
1366 677 1415 702 eo
1446 677 1588 702 omnes
1619 663 1687 712 illi,
1712 678 1815 716 quos

296 713 603 754 Demosthenes
636 722 842 763 numerat,
872 716 1052 769 impetus
1083 718 1298 770 potuerint
1330 719 1524 772 reprimi:
1568 734 1644 759 nos
1674 734 1725 759 ne
1755 719 1813 759 in-

294 769 453 823 cepisse
474 770 640 823 quidem
673 771 852 825 impetus
881 773 971 813 illos
1003 773 1145 826 primis
1177 775 1338 814 duobus
1367 775 1577 815 mensibus
1608 781 1703 829 post
1734 775 1814 815 cla-

294 826 387 865 dem
423 827 725 867 contendimus.
794 828 932 879 Quare
969 830 1121 869 statuit
1148 831 1321 884 potuisse
1357 831 1642 884 Ctesiphontis
1681 832 1814 885 legem

293 882 419 921 etiam
441 882 545 922 inter
565 883 655 923 illos
677 884 857 938 impetus
878 885 988 932 ferri,
1010 886 1134 924 immo
1156 901 1250 925 eum
1272 887 1313 925 id
1336 902 1435 926 sane
1457 888 1626 927 consilio
1648 888 1812 941 petisse,

294 943 356 986 ut,
377 940 652 992 comprobata
674 941 928 994 praejudicio
950 947 1121 982 senatus
1144 942 1298 983 virtute
1323 943 1631 991 Demosthenis,
1650 944 1813 984 obtrec-

292 999 453 1034 tatores
481 996 568 1048 ejus
589 997 642 1035 ab
666 996 814 1036 invidis
846 997 924 1036 illis
954 998 1177 1051 impetibus
1199 999 1725 1039 deterrerentur0.-Nun1
1747 1014 1811 1039 ve—

293 1050 461 1090 risimile
483 1057 546 1091 est
568 1052 882 1106 Ctesiphontem
906 1069 1024 1093 suum
1056 1055 1323 1108 pshephisma
1354 1055 1630 1109 proposuisse,
1654 1056 1687 1095 si
1714 1070 1813 1095 non-

294 1107 392 1146 dum
427 1108 604 1160 repressi
638 1108 815 1149 fuissent
848 1110 1105 1150 adversarii?
1166 1112 1274 1150 Sane
1308 1116 1507 1164 tempore⁷
1541 1126 1622 1165 quo
1659 1111 1699 1151 hi
1732 1112 1813 1151 De-

294 1163 553 1203 mosthenem
575 1164 887 1219 impugnarunt,
907 1166 972 1205 ille
996 1167 1175 1206 tacuerit
1195 1172 1238 1207 et
1261 1167 1537 1221 opportunius
1558 1175 1724 1222 tempus
1744 1182 1812 1207 ex-

292 1220 556 1272 spectaverit.
618 1221 680 1260 l)e
714 1221 789 1261 hac
824 1237 918 1261 vero
950 1237 994 1261 re
1025 1223 1179 1276 ambigi
1209 1224 1363 1276 nequit,
1388 1238 1482 1263 nam
1506 1224 1812 1264 Demosthenes

293 1275 380 1329 ipse
412 1276 566 1316 diserte
597 1277 717 1317 addit
739 1278 1025 1331 Ctesiphontis
1055 1279 1187 1333 legem
1214 1286 1305 1332 post
1335 1295 1545 1334 repressos
1577 1280 1742 1319 demum
1768 1280 1811 1319 il—

292 1331 352 1370 los
369 1332 700 1372 adversariorum
724 1333 903 1387 impetus
925 1334 1053 1375 latam
1072 1349 1174 1375 esse.
1221 1336 1451 1389 Postquam
1469 1336 1576 1375 enim
1594 1337 1644 1376 de
1661 1341 1811 1377 eventu

293 1388 440 1427 harum
462 1388 596 1428 litium
619 1390 824 1443 exposuit,
848 1391 984 1444 pergit
1006 1406 1045 1444 p.
1069 1405 1165 1445 310,
1189 1405 1234 1444 23
1256 1408 1262 1431 :
1296 1394 1442 1431 τούτων
1469 1394 1538 1431 οὖν
1560 1394 1679 1434 οὕτως
1701 1394 1813 1444 ἐχόν-

293 1461 381 1490 των,
397 1446 437 1483 τί
454 1448 650 1495 προσῆκει·
663 1445 685 1495 ἦ
706 1449 745 1485 τί
764 1448 972 1495 δίκαιουῆν
987 1452 1066 1488 τοῖς
1087 1447 1147 1486 ὑπ’
1166 1449 1258 1497 ἐμοῦ
1280 1448 1567 1499 πεπραγμένοις
1589 1449 1727 1488 θέσθαι
1743 1449 1812 1488 τὸν

296 1504 556 1551 Κτησιφῶντα
578 1504 726 1551 ὅιιομα;
761 1503 833 1555 οὐχ
855 1503 875 1541 ὃ
898 1503 966 1541 τὸν
981 1506 1100 1552 δῆμον
1119 1505 1218 1553 ἑώρα
1239 1504 1454 1553 τιθέμενον,
1471 1505 1543 1556 οὐχ
1565 1504 1584 1543 ὃ
1606 1505 1694 1546 τοὺς
1714 1506 1812 1554 ὀμω-

291 1558 456 1606 μοκότας
478 1560 673 1603 δικαστὰς,
695 1559 766 1610 οὐχ
789 1558 809 1597 ὃ
832 1559 900 1607 τὴν
916 1558 1105 1608 ἀλήθειαν
1120 1562 1223 1610 παρὰ
1244 1563 1341 1599 πᾶσι
1362 1564 1637 1609 βεβαιοῦσαν;
1675 1560 1810 1600 blani-

291 1614 398 1652 festo
420 1612 555 1653 innuit
577 1618 721 1653 orator
748 1629 830 1653 non
862 1630 982 1667 posse
1005 1615 1251 1668 reprehendi
1274 1616 1602 1669 Ctesiphontem,
1627 1616 1695 1670 qui
1718 1631 1810 1655 sen-

292 1668 447 1708 tentias
464 1669 653 1720 judicum
675 1676 717 1709 et
739 1671 878 1723 populi
902 1671 941 1709 iu
966 1671 1182 1724 rogatione
1204 1687 1279 1711 sua
1300 1672 1527 1725 repetierit.

809 1773 1094 1826 Arymnflntecm
1124 1774 1295 1812 tortivum.

352 1844 374 1859 ‘⁸
394 1838 568 1877 Omnem
602 1838 941 1891 probahilitatem
972 1839 1139 1879 excedit
1160 1839 1478 1893 Ctesiphontem
1509 1839 1660 1879 scitum
1692 1854 1810 1878 suum

292 1894 558 1946 In‘oposuisse
593 1894 879 1948 l'yanepsione
906 1895 971 1933 01.
1000 1908 1086 1942 110,
1117 1909 1169 1948 3„
1198 1910 1323 1948 quum
1355 1895 1571 1948 Philippus
1602 1896 1737 1935 adhuc
1768 1896 1810 1934 in

293 1950 470 1989 Graecia
485 1956 735 1990 versaretur.
786 1951 889 1990 Post
911 1966 1058 2004 pacem
1079 1956 1305 1991 auctumno
1327 1958 1505 1991 exeunte
1526 1951 1709 1991 redierat
1723 1951 1810 2005 qui—

292 2006 384 2045 dem
420 2006 724 2046 Demosthenes
760 2008 963 2051 Athenas,
1003 2008 1075 2046 sed
1115 2007 1257 2060 primis
1299 2007 1556 2060 tenuioribus
1596 2009 1810 2058 ὑπότρομος

293 2068 384 2102 erat
406 2067 449 2102 et
471 2063 650 2111 ἀσθενής,
675 2068 717 2102 et
749 2063 780 2102 si
814 2064 895 2102 tale
919 2063 1017 2116 quid
1049 2064 1099 2102 de
1131 2078 1178 2103 eo
1204 2063 1449 2103 honorando
1472 2063 1735 2116 Ctesiphonti
1768 2063 1809 2102 in

293 2123 474 2158 mentem
496 2119 690 2163 venisset,
719 2124 832 2159 certe
866 2119 906 2158 id
937 2119 1070 2158 :unico
1102 2119 1378 2159 dissuasisset.
1442 2119 1574 2158 Porro
1601 2119 1810 2158 Demades

294 2174 405 2214 circa
426 2174 524 2214 illud
548 2180 712 2227 tempus
743 2175 979 2228 psephisma
1012 2190 1131 2214 suum
1164 2175 1204 2214 iu
1236 2176 1435 2215 honorem
1460 2175 1642 2228 Philippi
1669 2180 1809 2227 pertu-

291 2230 388 2269 lisse
410 2230 586 2270 videtur.
637 2231 809 2270 Mutata
829 2237 970 2271 autem
993 2236 1113 2270 erant
1138 2236 1327 2284 tempora
1348 2236 1575 2271 auctumno
1597 2231 1808 2283 sequentis

291 2286 400 2331 anni,
427 2286 706 2325 Athenienses
739 2292 837 2325 tunc
871 2288 1005 2333 rebus,
1036 2302 1142 2339 quae
1175 2288 1394 2326 novissime
1426 2287 1678 2329 acciderant,
1702 2287 1808 2326 male

294 2342 493 2381 contenti.

795 2434 1083 2485 Arqmmmtum
1105 2439 1302 2486 (μιανΐιιφιι.

356 2509 621 2562 “Objecerat
654 2510 958 2550 Demosthenes
990 2511 1191 2550 Aeschini
1224 2511 1332 2564 quod
1366 2510 1573 2550 actionem
1607 2511 1733 2550 studii
1766 2511 1806 2550 in

294 2565 579 2604 Alexandrum
617 2566 856 2605 ostentandi
895 2581 1039 2605 caussa
1077 2567 1342 2607 instituisset.
1410 2568 1505 2605 Hoc
1536 2566 1807 2619 opprobrium

336 2713 350 2729 v
367 2707 507 2736 Aesrlrc
529 2708 601 2736 Cres
628 2719 655 2745 p.
669 2707 741 2737 610.
761 2708 809 2737 καὶ
823 2708 902 2737 κατὰ
919 2710 1015 2743 τῆσδε
1085 2710 1210 2740 sthenes
1227 2710 1284 2738 ho«-
1300 2710 1331 2738 in
1351 2720 1406 2738 sua
1422 2710 1562 2739 oratione
1577 2710 1691 2739 diserte
1715 2709 1805 2743 dixit,

293 2750 347 2782 τῆς
375 2748 500 2787 κρίσεως
531 2749 616 2779 εὐθὺς
641 2749 812 2788 ἀρχόμενος
837 2752 893 2780 τοῦ
918 2750 1015 2787 λόγων
1084 2754 1135 2781 sed
1152 2759 1231 2782 tecte
1247 2752 1424 2790 significare
1435 2752 1559 2781 videtur
1574 2762 1602 2790 p.
1620 2761 1691 2791 3¹9⁷
1710 2753 1738 2781 8.
1756 2751 1807 2780 καί

292 2790 378 2827 Φέρει
393 2790 462 2820 τινὰ
487 2790 598 2829 αἰτίαν,
614 2790 717 2829 λέγων
733 2793 771 2822 ὡς
792 2793 853 2830 ἐγὼ
869 2793 927 2827 τὴν
942 2804 1015 2831 ’γρα-
1083 2806 1132 2830 μοι
1150 2795 1248 2824 δοκεῖς
1266 2795 1300 2823 ἐκ
1314 2792 1445 2829 τούτων,
1458 2793 1606 2831 Αἰσχίνη,
1620 2793 1725 2830 λόγων
1742 2792 1806 2822 ἐπί-

293 2833 355 2869 φὴν
386 2834 445 2870 οὐχ
478 2832 551 2870 ὑπὲρ
581 2835 637 2868 τῆς
668 2834 785 2863 πόλεως
822 2834 1013 2873 ἐγραψάμην,
1083 2837 1174 2874 δειξίν
1190 2848 1259 2865 τινα
1275 2835 1324 2866 καὶ
1340 2835 1516 2874 φωνασκίας
1532 2834 1723 2871 βουλόμενος
1738 2847 1804 2864 ποι-

294 2875 367 2903 ἀλλ’
399 2875 626 2912 ἐνδεικνύμενος
657 2876 847 2914 Ἀλεξάνδρῳ
879 2878 926 2906 διὰ
956 2878 1014 2912 τὴν
1082 2877 1216 2913 ήσασθαι
1246 2879 1358 2907 τοῦτον
1387 2877 1573 2916 προελέσθαι
1605 2878 1661 2907 τὸν
1690 2877 1804 2914 ἀγῶνα,

294 2918 364 2953 πρὸς
389 2918 481 2946 αὐτὸν
508 2917 630 2956 ἔχθραν.
682 2919 747 2947 Nec
773 2927 876 2948 tamen
898 2920 1012 2948 Domo-
1082 2921 1136 2949 οὐκ
1155 2919 1337 2957 ἀδικήματος
1356 2920 1477 2949 οὐδενὸς
1494 2920 1605 2953 λαβεῖν
1621 2919 1775 2957 τιμωρίαν.
