1914 3184
271 156 354 195 154
783 154 863 193 DE
900 152 1274 193 HALONNESO.

270 259 439 313 negotia
481 259 740 312 procurabat
781 264 823 297 et
866 258 983 311 eujus
1025 257 1199 310 legatos,
1237 256 1522 311 negotiatores
1558 270 1781 310 omnesque

269 315 378 355 eives
400 316 630 368 adjuvabat
656 314 840 365 (IIamlel
858 314 1023 365 consul).
1067 313 1177 353 Vide
1200 313 1380 353 Boeekh.
1404 313 1557 353 000011.
1581 313 1657 352 vol.
1689 328 1718 352 1.
1742 328 1778 366 p.

268 382 336 424 55.
370 371 557 411 VOEM.
620 370 730 409 Add.
753 370 899 409 Meier.
923 370 963 408 in
986 374 1206 409 comment.
1230 370 1280 409 de
1302 368 1503 423 proxenia
1527 369 1782 409 Graecorum

272 427 393 468 Halis
415 427 529 467 edita
551 442 588 467 a.
614 428 730 475 1844.

332 485 397 529 86.
426 497 487 537 13.
520 485 592 532 ἐξω
618 482 806 537 Ἀγορᾶς]
849 481 970 522 Ultra
999 484 1194 535 Aqoram.
1257 481 1335 520 Est
1371 482 1470 520 urbs
1505 481 1778 521 Chersonesi:

268 539 451 579 wsehol.
469 544 511 579 et
529 553 632 591 quos
654 538 764 578 intel
766 542 906 591 pretes
928 538 1062 578 citant
1086 538 1292 578 Herodot.
1315 549 1349 588 7.
1368 539 1437 590 58.
1472 537 1629 590 Seylae.
1652 552 1692 590 p.
1714 540 1779 577 28.

268 555 415 649 Stelle
441 595 538 648 Byz.
562 609 591 633 8.
617 595 656 633 h.
682 609 715 633 v.

327 653 392 697 86
417 665 474 700 ¹4·
492 650 767 705 Ἀπολλωιίδῃ
790 653 840 704 τῷ
866 649 1091 703 Καρδιανῷ]
1128 650 1209 689 Per
1226 663 1347 702 quem
1365 648 1464 688 olim
1483 649 1667 702 (Olymp.
1690 651 1779 696 106

268 710 324 760 4.)
343 706 617 748 Charidemus
632 706 754 746 Orita
771 692 966 760 Pliilippo
981 706 1177 747 Cardiam
1196 705 1361 745 011111111
1363 710 1420 745 at
1456 705 1509 744 V.
1526 719 1562 745 (3.
1574 706 1637 744 Al
1640 705 1779 745 lstoer

272 779 312 817 p.
330 765 426 809 681
448 774 512 815 27.
559 762 781 802 FRANK.

328 821 394 867 86
416 830 479 873 15.
514 820 636 859 καίτοι
657 818 909 870 Χερρονησου
936 821 972 858 οἱ
999 820 1081 889 ὅροι
1104 835 1137 858 κ.
1152 835 1184 857 τ.
1203 817 1263 871 λ.]
1300 816 1555 857 scholiastes
1587 817 1641 857 ad
1674 817 1780 856 Hel—

268 890 432 930 mogen
460 890 498 928 p.
523 888 620 925 401.
647 874 830 926 Τιβέριός
861 881 984 925 φησιν
1014 875 1072 913 ὅτι
1104 874 1286 925 ἐνάργεια
1317 876 1465 925 γίνεται
1498 876 1593 913 κατὰ
1623 875 1695 923 μὲν
1721 873 1779 912 ἔν-

271 949 393 980 νοιαν,
426 932 521 971 ὅταν
550 949 602 981 μη
637 933 759 979 μόνον
792 931 911 998 λέγῃς
947 932 1079 976 τόπον,
1113 931 1219 969 ἀλλὰ
1251 932 1297 969 τὰ
1330 933 1698 980 παρακολουθοῦντα
1728 932 1780 982 τῷ

268 989 371 1041 τόπῳ
398 992 552 1037 σημεῖα.
596 988 679 1027 οἷον
705 989 748 1026 ἐν
775 989 826 1040 τῷ
858 1004 922 1036 της
942 986 1175 1036 Αλονησου·
1215 987 1337 1026 καίτοι
1369 1002 1433 1035 της
1464 985 1714 1036 Χερρονησου
1745 987 1781 1024 οἱ

270 1061 352 1093 οροι
375 1044 477 1084 εἰσὶν
495 1044 562 1083 οὐκ
584 1044 720 1094 ἀγορὰ,
740 1044 846 1082 ἀλλὰ
867 1043 999 1092 βωμὸς
1017 1042 1112 1084 Διὸς
1132 1045 1200 1081 τοῦ
1215 1040 1362 1092 Ορίου.
1406 1059 1465 1081 και
1486 1045 1560 1080 ποῦ
1580 1043 1600 1080 ὁ
1621 1040 1776 1091 βωμόςς

270 1102 310 1142 ὅς
340 1101 424 1139 ἐστι
450 1100 592 1149 μεταξὺ
620 1102 797 1138 Πτελεοῦ
825 1100 885 1138 καὶ
907 1101 1055 1147 Λευκης
1081 1099 1206 1147 ἀκτῆς.
1256 1098 1337 1137 εἶτα
1364 1097 1485 1136 πάλιι
1507 1098 1607 1136 ἀλλο
1634 1114 1780 1147 σημαν-

269 1155 387 1196 τικόν·
422 1157 466 1195 οὗ
488 1157 510 1205 ἡ
531 1155 698 1207 διωρυχὴ
721 1155 968 1205 Χερρονήσου
992 1155 1160 1203 ἔμελλεν
1183 1155 1357 1193 ἔσεσθαι.
1402 1153 1594 1192 REISK.

329 1213 393 1257 86.
419 1213 479 1251 16.
502 1215 568 1250 τοῦ
592 1211 686 1252 Διὸς
706 1215 772 1250 τοῦ
794 1210 914 1263 ὁρίου]
952 1210 1059 1250 Plat.
1086 1210 1184 1263 Les-vg.
1211 1212 1246 1249 8.
1270 1225 1307 1262 p.
1334 1210 1412 1260 842
1435 1209 1525 1248 fin.:
1561 1209 1653 1249 Διὸς
1675 1209 1780 1259 ὁρίου

270 1270 342 1318 μὲν
377 1271 524 1318 πρῶτος
559 1268 623 1306 ὅδε
667 1266 781 1316 νόμος
818 1268 994 1317 εἰρήσθω·
1037 1267 1086 1315 μὴ
1124 1267 1272 1305 κινείτω
1308 1268 1378 1316 γῆς
1415 1266 1500 1315 ὅρια
1540 1266 1669 1314 μηδείς
1700 1268 1779 1304 etc.

272 1324 443 1377 Dion-38.
478 1323 573 1363 Hal
600 1323 789 1367 Α.11.2
815 1335 880 1372 74.
919 1324 1119 1363 Κελεύσας
1136 1339 1224 1391 γαρ
1258 1322 1407 1374 ἑκάστῳ
1439 1320 1681 1372 περιγράψαι
1715 1337 1781 1369 τηι

273 1382 409 1420 ἑαυτοῦ
431 1397 564 1429 κτησιν
587 1397 646 1418 και
669 1382 812 1447 στῆοαι
837 1380 970 1420 λίθους
1000 1379 1062 1417 ἐπι
1092 1383 1169 1419 τοῖς
1195 1379 1311 1428 ὅροις,
1335 1376 1456 1427 ἱεροὺς
1478 1378 1680 1426 ἀπέδειξεν
1705 1380 1779 1429 (80.

274 1436 430 1483 Numa)
455 1438 560 1486 ὁριου
584 1436 678 1477 Διὸς
700 1435 786 1476 τοὺς
807 1437 952 1476 λιθους.
1003 1434 1193 1473 ΥΟΕΜ.

330 1493 394 1538 86,
428 1504 485 1542 17.
522 1490 718 1544 Πτελεοῦ]
755 1491 818 1530 De
852 1491 998 1530 Pteleo
1031 1490 1108 1529 hoc
1145 1490 1258 1529 loeus
1294 1496 1438 1529 noster
1472 1488 1660 1539 singulus
1691 1503 1780 1528 esse

272 1548 447 1588 xidetur.
509 1547 590 1586 Ali
582 1563 607 1587 1
629 1552 726 1586 sunt
748 1547 880 1586 multa
902 1546 1055 1600 oppida
1077 1546 1259 1599 ejusdem
1283 1545 1473 1584 nominis.
1520 1544 1640 1584 ΥΟΕ
1648 1545 1709 1583 Μ.

329 1602 514 1656 διωρυχη]
549 1603 612 1642 De
634 1603 890 1656 perfossione
912 1602 1211 1642 Uhelsonesiv.
1234 1601 1340 1640 Phil.
1359 1601 1415 1640 H.
1435 1616 1473 1654 p
1494 1613 1559 1654 73.
1592 1601 1629 1638 V
1636 1600 1778 1639 OEM.

328 1659 978 1712 86,22.Λευκης]81111111111.ἀκτης.
1010 1658 1126 1709 Qun
1140 1657 1294 1710 ellipsis
1310 1657 1508 1697 notanda
1529 1656 1777 1696 SCHAEF.

329 1716 392 1759 86
419 1727 483 1768 23
503 1714 708 1768 ἀμμορίης]
741 1713 1381 1777 Αμμορίη1Ζιε]11)ιοΐιο,(ἰιε(·ιιΐεο
1405 1713 1430 1752 i.
1451 1712 1673 1765 (1.111111108
1692 1712 1779 1765 qui—

274 1773 350 1811 bus
387 1771 708 1811 011918011081111·
749 1770 959 1842 utlimque¹
1000 1770 1302 1810 (118001.111111’1111·
1380 1768 1598 1808 Genitivus
1638 1774 1778 1808 autem

273 1828 427 1881 pendet
448 1843 473 1867 a
495 1827 759 1867 substantivo
784 1844 916 1877 μεσος,
941 1826 966 1865 i.
989 1842 1026 1880 q.
1049 1828 1220 1875 μεσίτης
1244 1825 1303 1865 ita
1326 1829 1372 1864 ut
1393 1824 1565 1887 Jupiter
1586 1824 1626 1862 11.
1652 1824 1677 1863 l.
1701 1839 1778 1863 me

272 1885 367 1924 (lius
390 1883 560 1923 limitzwz
584 1883 814 1935 (v.Go'lle1-.
837 1883 891 1922 ad
914 1882 1044 1921 Thue.
1059 1896 1097 1932 4
1118 1883 1183 1935 83
1190 1881 1234 1932 )
1225 1896 1249 1920 1.
1267 1896 1301 1920 e.
1324 1880 1485 1921 11111101·
1505 1880 1588 1919 sive
1616 1895 1779 1933 seques—

275 1946 339 1980 ter
369 1939 547 1979 limitum
577 1939 654 1978 die
645 1945 754 1979 1·.11111
797 1938 1016 1978 FhANK.
1084 1939 1223 1989 ἀμορία
1254 1937 1475 1990 disjunctio
1509 1942 1555 1976 ut
1589 1937 1780 1987 συμμορία

273 1995 879 2048 1οημωῑοΐιο.ΞΟΠΑΕΕΕΒ.

333 2054 397 2102 87,
424 2066 454 2091 1.
479 2052 574 2102 πρὸς
593 2050 850 2105 Καρδιανοὺς]
886 2051 979 2090 Non
1001 2051 1198 2090 cohaeret
1220 2064 1313 2089 011111
1336 2050 1573 2094 ἐπιστελλει
1592 2048 1664 2088 sed
1686 2062 1778 2087 cum

275 2108 569 2155 διαδικάζεσθαι.
631 2108 784 2148 Oonstr
788 2107 899 2147 uetio
921 2107 1044 2160 paulo
1071 2106 1308 2146 intricatiffl
1330 2106 1389 2145 ita
1411 2110 1475 2144 est
1498 2104 1776 2174 expedienda:

275 2166 318 2203 ἐν
345 2165 389 2213 τῇ
423 2167 491 2203 νῦν
521 2164 617 2213 πρὸς
647 2165 743 2213 ὑμᾶς
774 2164 995 2217 πεμφθείσῃ
1027 2165 1213 2212 ἐπιστολῇ
1247 2163 1472 2201 ἐπιστελλει
1502 2162 1602 2210 ὑμῖν,
1634 2161 1692 2199 ὅτι
1723 2163 1783 2199 δεῖ

274 2223 368 2268 ὑμᾶς
389 2220 673 2268 διαδικάζεσθαι
694 2220 788 2270 πρὸς
811 2220 1062 2270 Καρδιανοὺς,
1081 2217 1184 2257 vobes
1204 2218 1353 2270 'inflare
1375 2217 1570 2270 ‹zgyemlewn
1591 2230 1666 2255 esse
1688 2230 1778 2255 cum

278 2275 510 2315 Oardianis.
578 2275 684 2314 Tum
720 2289 863 2314 rursus
900 2274 1025 2313 veluti
1062 2273 1277 2327 suspirans
1315 2279 1357 2312 et
1394 2272 1615 2326 indignans
1651 2276 1779 2324 atque

275 2332 454 2370 fremens
494 2330 622 2370 iterat
662 2331 757 2381 πρὸς
796 2331 1043 2381 Καρδιανοὺς,
1080 2344 1166 2368 eum,
1204 2329 1434 2375 Οανᾶίαὶιὶε,
1472 2343 1528 2368 me
1567 2327 1778 2367 miserum!

277 2386 469 2426 REISIx.
533 2386 637 2426 Post
659 2386 1068 2438 διαδικάζεσθαιροηο
1090 2384 1493 2424 subdistinctionem.
1528 2383 1637 2423 SOH
1643 2382 1776 2422 AEF.
1811 2430 1813 2432 1

276 2442 394 2483 Conf.
420 2442 603 2511 Philippi
628 2442 762 2511 Epist.
788 2457 825 2495 p.
849 2443 936 2487 161
963 2454 1027 2479 20.
1057 2444 1285 2491 Καρδιανοῖς
1316 2441 1358 2479 δε
1382 2447 1478 2489 φημι
1509 2443 1682 2488 βοηθεῖν,
1716 2455 1778 2489 γε-

275 2500 399 2549 γονὼς
440 2499 568 2539 αὐτοῖς
607 2498 679 2549 πρὸ
715 2514 779 2546 της
821 2497 970 2546 εἰρήνης
1006 2498 1220 2548 σύμμαχος,
1255 2497 1321 2535 οὐκ
1360 2496 1577 2535 ἐθελόντωι
1613 2493 1642 2533 δ
1676 2496 1779 2544 ὑμῶν

276 2556 409 2594 ελθεῖν
431 2555 485 2595 εἷς
507 2555 644 2604 κρίσιν,
667 2553 857 2594 πολλάκις
884 2555 956 2602 μὲν
979 2554 1071 2602 ἐμοῦ
1100 2552 1313 2600 δεηθέντος,
1337 2552 1403 2590 οὐκ
1430 2550 1603 2601 ὀλιγάκις
1631 2549 1659 2589 δ
1684 2551 1781 2589 ἐκεί-

277 2627 365 2649 νων.
427 2609 546 2660 Quod
569 2610 726 2649 saetum
748 2609 898 2662 olymp.
926 2622 1011 2661 109„
1037 2620 1073 2647 2.
1138 2608 1191 2645 V.
1214 2607 1270 2645 W
1276 2607 1458 2646 iniewsk.
1483 2606 1715 2645 Comment.
1737 2620 1776 2658 p.

282 2677 355 2718 197
377 2680 438 2718 Sq-

334 2721 399 2773 87.
423 2734 460 2773 9.
486 2721 719 2761 Κάλλιππον
743 2720 955 2773 Παιαιιέα]
990 2719 1043 2758 V
1072 2719 1234 2759 Libanii
1262 2723 1555 2771 arsrumentum
1583 2731 1622 2769 p.
1649 2718 1712 2767 76
1736 2730 1776 2766 4.

279 2777 379 2816 Fuit
401 2777 627 2846 discipulus
651 2776 863 2818 Isocratis
888 2790 1008 2829 quem
1031 2791 1066 2815 v.
1089 2775 1140 2814 de
1161 2775 1294 2815 antid
1319 2789 1356 2827 p.
1379 2786 1474 2823 442
1497 2773 1560 2812 ed.
1584 2771 1713 2811 Bekk.

335 2834 399 2880 88
426 2846 457 2871 1.
487 2834 556 2871 τὸι
584 2832 806 2883 ἐγκέφαλοι
833 2850 864 2871 κ.
883 2849 915 2871 τ.
934 2830 993 2884 λ.]
1030 2831 1146 2870 (¹itat
1173 2831 1212 2869 h.
1241 2831 1266 2869 l.
1297 2830 1584 2882 Hermogenes
1614 2842 1653 2880 p.
1685 2838 1774 2879 250.

279 2888 527 2928 Eustathius
563 2888 615 2928 ad
653 2888 769 2928 Iliad.
802 2903 839 2941 p.
874 2901 992 2939 1015,
1019 2900 1083 2937 44.
1126 2886 1313 2925 REISK.
1378 2863 1662 2937 Reprehendit
1695 2895 1775 2920 non
