1935 3205
642 137 715 175 l)l⁴]
749 135 1108 174 sYMMoRlls
1550 138 1633 178 5229

119 242 273 283 tionem
291 242 379 295 ejus
396 241 626 282 faciendam
649 256 737 281 esse
759 241 798 280 in
822 241 899 282 hac
923 242 1110 281 oratione
1133 246 1301 281 censeat
1319 240 1632 287 Demosthenes,

120 299 406 352 explicabitur.
470 298 552 337 Sed
576 298 816 351 priusquam
842 298 895 338 ad
919 312 1021 345 eam,
1046 312 1169 350 quam
1192 297 1321 336 fusius
1343 296 1632 344 tractabimus,

123 355 244 408 hujus
281 354 481 394 orationis
521 360 683 407 partem
724 354 962 401 transimus,
995 354 1207 394 videamus
1242 352 1421 393 strictim
1450 353 1500 392 (le
1532 358 1633 392 10111-

119 425 230 464 pore,
253 425 399 450 caussa
421 415 462 450 et
483 416 730 463 argumento
752 411 873 463 hujus
895 410 1108 450 orationis.

182 466 387 507 Habitam
428 482 515 506 esse
557 467 788 506 orationem
825 467 875 506 de
916 466 1152 519 synnnoriis
1195 465 1396 504 archonte
1434 463 1631 511 Diotimo,

120 523 281 576 Olymp.
310 525 396 567 106,
426 536 465 576 3.
491 526 546 574 (a.
571 523 666 561 Chr.
697 537 736 562 11.
764 525 897 576 354),
929 528 1075 562 narrat
1109 521 1331 574 Dionysius
1362 521 1387 559 l.
1417 535 1450 559 0.
1519 522 1633 569 Quae

118 579 327 619 sententia
358 578 417 618 ita
449 594 474 618 a
507 579 790 618 Demosthene
825 579 914 632 ipso
948 579 1232 624 confirmatur,
1268 582 1314 616 111
1347 577 1509 615 duobus
1545 577 1633 628 ejus

119 635 366 675 testimoniis
387 649 479 674 eam
500 641 595 687 post
619 635 780 688 Ulymp.
804 637 893 681 106,
915 648 951 674 2.
976 639 1016 674 et
1039 642 1136 674 ante
1161 634 1322 686 Ulymp.
1349 644 1437 684 107,
1461 645 1495 671 2.
1518 632 1630 671 habi·

119 697 206 732 tam
235 706 323 731 esse
348 691 563 731 efficiatur.
628 691 674 729 ln
704 690 892 730 oratione
920 691 1027 729 enim
1051 691 1101 729 de
1123 704 1275 729 corona
1296 704 1334 742 p.
1361 702 1453 741 230,
1480 700 1544 740 27.
1566 692 1632 727 τοῦ

121 751 192 799 γὰρ
215 751 390 787 Φωκικοῦ
415 748 630 789 συστάντος
657 747 844 796 πολέμου,
870 746 1015 799 inquit,
1039 747 1082 785 οὐ
1104 745 1148 785 δι’
1174 747 1254 795 ἐμὲ,
1279 746 1321 783 οὐ
1344 747 1417 796 γὰρ
1440 745 1484 793 δὴ
1507 745 1632 795 ἔγωγε

119 805 398 853 ἐπολιτευόμηυ
419 820 476 842 πω
499 805 598 846 τότε,
622 807 774 853 πρῶτον
794 805 866 852 μὲι)
886 805 993 852 ὑμεῖς
1021 805 1117 841 οὕτω
1144 802 1333 841 διέκεισθε
1358 819 1388 839 κ.
1408 818 1440 839 τ.
1458 803 1484 840 ἑ.
1552 802 1633 839 At-

118 859 186 912 qui
216 859 366 899 bellum
393 859 616 898 Phocicum
645 859 728 898 sive
755 873 917 898 saerum
941 858 1003 897 01.
1028 860 1117 905 106,
1146 870 1179 896 2.
1203 862 1341 896 ortum
1368 871 1456 895 esse
1489 856 1633 896 scribit

119 915 331 955 Diodorus
355 917 416 963 16,
434 928 498 967 23.
564 915 676 969 Ergo
700 920 791 968 post
812 915 873 953 01.
898 916 986 960 106,
1010 928 1045 953 2.
1065 914 1116 953 (10
1139 912 1370 966 5)’111111(11·115
1393 912 1631 952 concionem

118 972 264 1012 habuit
287 972 602 1011 Demosthenes.
667 971 781 1010 ldem
804 985 900 1009 vero
923 971 963 1010 in
985 985 1043 1009 or.
1066 985 1141 1023 pro
1164 969 1301 1008 Rhod.
1322 968 1458 1008 libert.
1478 983 1517 1021 p.
1544 980 1631 1019 192.

118 1028 239 1081 hujus
261 1028 322 1068 uti
346 1042 426 1067 11011
450 1028 605 1066 dudum
634 1043 659 1067 a
685 1042 728 1067 se
750 1027 917 1067 habitae
943 1026 1145 1066 orationis
1177 1025 1429 1064 mentionem
1460 1025 1521 1064 ita
1547 1025 1633 1064 fere

117 1083 248 1137 injicit
266 1101 273 1123 ;
307 1086 435 1134 οἴομαι
457 1083 486 1123 δ’
504 1086 609 1133 ὑμῶν
629 1084 886 1133 μνημονεύειν
904 1084 1028 1124 ἐνίους
1050 1084 1120 1127 ὅτι,
1144 1080 1237 1131 ἡνίκ’
1258 1082 1523 1130 ἐβουλεύεσθε
1546 1082 1632 1131 περὶ

117 1144 193 1179 τῶν
213 1144 445 1189 βασιλικῶν,
469 1142 676 1190 παρελθὼν
700 1140 775 1190 ἐγὼ
798 1143 944 1188 πρῶτος
970 1138 1174 1192 παρῄιέσα
1198 1156 1228 1176 κ.
1245 1154 1277 1176 τ.
1294 1139 1324 1176 ἑ.
1387 1137 1631 1176 Orationem

116 1201 256 1236 autem
288 1211 363 1249 pro
391 1196 525 1235 mma.
550 1196 684 1235 libert.
708 1195 890 1234 incidere
919 1200 1085 1234 constat
1116 1194 1156 1232 111
1181 1193 1244 1232 01.
1268 1205 1355 1242 107,
1381 1205 1417 1232 2.
1482 1193 1632 1246 Itaque

116 1258 216 1292 ante.
249 1253 312 1292 ()l.
341 1265 426 1302 107,
458 1264 492 1291 2.
522 1251 847 1291 Demosthenem
883 1251 933 1290 de
969 1249 1201 1303 5)·11111101115
1237 1249 1363 1288 verba
1397 1249 1542 1289 fecisse
1577 1249 1632 1289 ad

116 1309 313 1361 populum
334 1313 521 1361 apparet.

177 1365 239 1404 De
261 1380 316 1411 re,
339 1366 453 1417 cujus
483 1379 629 1404 caussa
660 1364 760 1403 haee
792 1363 937 1403 habita
965 1366 1027 1402 est
1055 1361 1201 1409 0111110,
1227 1361 1326 1400 nihil
1351 1360 1527 1413 amplius
1558 1360 1632 1400 501-

117 1435 220 1465 111115,
244 1435 367 1473 quam
391 1420 501 1473 quod
524 1419 723 1460 Libanius
746 1434 794 1459 ex
817 1419 878 1458 iis.
903 1433 1008 1471 quae
1031 1423 1174 1457 orator
1197 1418 1284 1471 ipse
1311 1417 1456 1456 leviter
1478 1432 1516 1469 p.
1540 1418 1630 1463 180,

123 1490 155 1516 1.
188 1478 273 1529 185,
292 1490 330 1529 5.
358 1478 448 1523 186,
472 1478 509 1515 6.
531 1482 747 1521 111011101111,
773 1475 951 1527 collegit.
1016 1474 1173 1513 Narrat·
1205 1473 1328 1519 enim,
1350 1487 1477 1526 quum
1507 1474 1630 1520 fama,

119 1532 341 1572 Persarum
374 1546 513 1585 regem
546 1532 853 1585 expeditionem
896 1530 1029 1570 moliri
1073 1531 1271 1569 adversus
1308 1531 1503 1575 Graecos,
1542 1544 1632 1582 per-

116 1589 356 1635 crebuisset,
389 1587 584 1641 populum
616 1588 918 1627 Atheniensem
950 1586 1253 1626 tumultuatum
1284 1590 1374 1625 tum
1406 1599 1632 1624 convocare

118 1644 302 1684 Graecos
327 1650 417 1684 tum
442 1644 593 1683 bellum
621 1644 766 1684 statim
797 1643 948 1682 inferre
980 1656 1237 1696 properasse.
1299 1642 1483 1681 Suadere
1505 1641 1634 1694 igitur

117 1700 445 1740 Demosthenem
477 1706 524 1740 ut
557 1715 640 1740 non
672 1700 749 1753 ipsi
782 1699 942 1753 priores
969 1713 1087 1738 arma
1119 1698 1299 1751 capiant,
1328 1698 1400 1737 sed
1429 1698 1527 1736 (111111
1558 1712 1632 1737 1οΧ

117 1757 209 1796 novi
242 1756 338 1809 quid
372 1761 556 1804 conetur,
590 1761 845 1809 exspectent.
912 1756 1013 1795 Jam
1044 1769 1140 1794 vero
1181 1759 1294 1794 reete
1335 1753 1633 1794 animadvertit

117 1812 470 1853 Amersfoordtius
502 1812 543 1851 in
574 1812 727 1852 introd.
757 1812 810 1851 ad
841 1812 881 1851 h.
906 1826 979 1859 01.,
1003 1811 1113 1864 quod
1142 1812 1404 1850 Artaxerxes
1435 1810 1632 1849 Ochus——

117 1868 214 1921 quia
245 1869 412 1915 Chares,
441 1874 612 1922 praetor
643 1867 976 1914 Atheniensium,
1006 1867 1234 1914 Artabazo,
1263 1866 1331 1919 qui
1365 1866 1573 1905 defecerat
1605 1880 1631 1905 a

116 1938 224 1977 rege,
253 1924 480 1978 opitulatus
512 1930 706 1964 erat—se
737 1923 935 1964 trecentis
970 1923 1144 1963 navibus
1177 1923 1333 1962 insulas
1364 1936 1412 1961 eo
1442 1926 1632 1974 tempore

117 1994 209 2019 eum
231 1980 558 2020 Atheniensibus
590 1980 742 2019 bellum
773 1986 967 2033 gerentes
998 1979 1241 2032 adjuturum
1268 1992 1369 2024 esse,
1394 1982 1502 2017 teste
1531 1977 1631 2016 Dio-

117 2036 218 2075 doro
244 2038 306 2085 16,
332 2049 410 2080 22„
437 2037 619 2076 minatus
653 2036 720 2082 511,
750 2036 804 2083 id,
834 2035 1030 2090 quoniam
1060 2035 1115 2074 ad
1144 2035 1207 2073 Ol.
1232 2047 1321 2087 105,
1345 2047 1383 2084 4.
1406 2033 1628 2086 pertineat,

114 2106 258 2132 ansam
279 2093 379 2132 dare
401 2107 482 2131 non
504 2092 688 2145 potuisse
709 2092 846 2144 hujus,
868 2105 974 2145 quae
995 2105 1077 2129 non
1099 2095 1197 2131 ante
1221 2090 1283 2129 Ol.
1307 2091 1396 2137 106,
1419 2102 1459 2142 3.
1483 2089 1630 2129 habita

117 2162 206 2201 esse
225 2148 367 2201 possit,
391 2148 604 2188 orationis.
667 2148 750 2188 Sed
773 2147 841 2200 qui
871 2147 1123 2187 recentiores
1147 2147 1371 2186 Persarum
1401 2149 1631 2199 apparatus

117 2203 144 2242 ii
164 2204 327 2253 fuerint,
351 2219 453 2258 quos
482 2204 569 2257 ipse
597 2204 760 2251 statuit,
784 2218 918 2256 neque
940 2217 961 2242 e
984 2203 1170 2243 Diodoro
1199 2216 1332 2255 neque
1359 2216 1410 2241 ex
1436 2201 1517 2241 alio
1549 2201 1631 2239 his-

117 2259 248 2299 torico
270 2260 585 2300 demonstravit.
647 2260 873 2311 Quaerenti
904 2259 1032 2313 igitur
1056 2259 1170 2304 mihi,
1195 2258 1364 2311 quinam
1389 2257 1543 2296 fuerint
1572 2256 1628 2295 illi

116 2321 355 2368 apparatus,
388 2330 490 2369 quos
526 2316 603 2356 sibi
634 2331 658 2356 a
691 2316 832 2355 Persis
867 2321 1053 2355 metuere
1089 2314 1302 2369 potuerint
1336 2313 1629 2360 Athenienses,

119 2371 215 2410 nulli
247 2372 288 2410 hi
316 2372 508 2412 videntur
527 2373 653 2411 fuisse
678 2372 746 2412 alii
769 2386 893 2425 quam
915 2386 1018 2425 quos
1046 2371 1269 2411 memoriae
1298 2368 1483 2422 prodidit
1505 2368 1629 2407 Diod.

1645 1145 1671 1182 'm

124 2428 185 2473 16,
211 2441 278 2476 40.
311 2427 446 2467 factos
482 2442 571 2468 esse
606 2428 659 2467 ab
694 2442 803 2481 rege,
837 2433 884 2467 ut
918 2428 1159 2481 Aegyptum
1195 2432 1237 2465 et
1271 2424 1541 2465 Phoeniciam
1575 2418 1669 2463 ad6

118 2482 293 2521 officium
314 2484 543 2523 reduceret.
606 2484 726 2534 Quod
748 2483 857 2537 regis
878 2482 1094 2522 eonsilium
1116 2497 1209 2522 eum
1233 2482 1475 2535 ignorarent
1499 2480 1630 2519 Athe-

118 2537 290 2585 nienses,
324 2539 498 2592 injuriae
529 2554 554 2579 a
585 2539 766 2579 Charete
797 2539 884 2593 regi
915 2539 1054 2578 illatae
1091 2538 1169 2578 sibi
1205 2536 1355 2576 conscii
1393 2540 1435 2575 et
1467 2535 1630 2574 illarum

118 2593 226 2647 regis
246 2594 450 2634 minarum
473 2609 688 2637 memores,
711 2595 901 2648 ingentes
929 2594 1018 2633 illos
1041 2594 1265 2633 Persarum
1286 2596 1514 2644 apparatus
1537 2604 1630 2629 eon-

118 2652 186 2689 tra
220 2663 309 2689 sese
343 2650 445 2697 fieri,
478 2650 596 2690 facile
637 2650 714 2690 sibi
754 2650 1006 2703 persuadere
1047 2654 1257 2701 poterant.
1330 2645 1497 2685 Dixerit
1533 2660 1630 2685 vero

117 2704 294 2744 fortasse
325 2705 540 2759 quispiam,
574 2705 664 2745 illos
703 2705 954 2745 Artaxerxis
987 2704 1091 2743 Ochi
1126 2708 1355 2756 apparatus
1396 2700 1541 2740 referri
1575 2702 1630 2741 ab

120 2759 304 2799 Diodoro
336 2761 390 2800 ad
414 2761 476 2800 Ol.
502 2772 590 2814 107,
622 2774 673 2808 2.,
696 2761 765 2814 qui
799 2775 932 2800 annus
967 2773 1050 2798 non
1085 2758 1303 2798 conveniat
1340 2756 1530 2810 tempori,
1564 2756 1630 2795 eui

120 2814 342 2868 Dionysius
368 2816 467 2856 Hal.
489 2817 596 2856 hane
628 2816 838 2856 attribuat
871 2814 1116 2855 orationem.
1178 2814 1260 2853 Sed
1292 2812 1506 2852 Diodorus
1538 2826 1630 2865 syn-

118 2870 424 2917 chronisticam,
450 2886 573 2924 quam
595 2872 750 2919 dicunt,
774 2871 962 2925 sequitur
990 2869 1186 2910 narrandi
1212 2868 1443 2913 rationem;
1479 2881 1560 2921 quo
1580 2868 1629 2907 fit

119 2930 163 2964 ut
192 2939 296 2978 quae
323 2927 376 2966 ad
406 2927 556 2966 bellum
582 2927 774 2981 quodque
804 2927 1031 2981 gerendum
1061 2925 1193 2965 multo
1225 2930 1324 2965 ante
1355 2930 1626 2977 apparantur,
