1935 3205
674 146 1076 185 1'R1x1‹]l‹‘.›x'l*1‹).
1561 147 1624 185 xlv

116 257 325 305 perfectum
349 257 436 304 quid
458 256 575 297 dedit,
599 256 729 303 ecquis
752 269 848 291 unus
871 256 1041 290 oninium
1072 255 1144 290 hoc
1175 255 1211 289 in
1243 267 1382 303 genere
1414 255 1624 302 perfeetum

115 322 204 369 quid
227 321 358 357 enixus
378 329 432 356 est
452 321 464 355 ?
517 321 624 355 Viam
648 320 886 356 monstravit.
948 320 1032 354 Hoc
1053 320 1142 354 satis
1164 319 1208 354 ad
1232 331 1408 367 magnam
1430 320 1623 355 stabilem-

115 398 188 433 que
217 386 390 434 gloriam.
460 385 539 431 Ego
572 385 665 431 ipse,
699 396 930 431 quamquam
963 383 1098 423 multo,
1131 395 1246 430 quam
1276 383 1427 431 Taylor‚
1459 384 1625 431 processi

113 450 276 498 longius,
299 449 442 496 optime
475 456 600 483 tamen
634 448 733 489 novi,
759 461 870 495 quam
903 448 1066 483 multum
1097 447 1222 494 operis
1252 447 1376 482 affecti
1407 447 1624 494 reliquerim

114 514 196 548 aliis
218 512 505 561 perficiendum.
567 512 652 547 Una
673 512 872 547 hominum
901 519 1006 547 aetas
1027 519 1157 546 tantae
1185 511 1235 546 rei
1258 511 1497 560 peragendae
1524 512 1625 547 haud

114 577 265 613 sufficit.
297 577 426 612 Dictio
446 576 603 624 'l'aylori
629 576 763 611 Latina
790 576 890 611 haud
914 576 1061 623 placet:
1086 575 1258 616 obscura,
1282 575 1471 615 affectata,
1494 576 1627 623 putida

114 650 181 677 est.
222 641 294 677 Sed
316 654 458 689 paucos
480 641 567 675 novi
592 640 744 689 Anglos‚
763 641 827 687 qui
851 640 985 675 Latine
1007 640 1172 676 scribere
1196 639 1427 676 didicissent.
1468 640 1626 675 Latinae

114 707 267 754 linguae
298 706 494 754 neglectus
524 704 576 739 illi
607 704 711 751 genti
743 704 956 739 communis
987 712 1056 739 est.
1116 704 1162 738 Et
1195 711 1321 739 tamen
1343 704 1494 752 Taylor‚
1520 705 1549 740 si
1580 705 1626 740 ad

115 771 207 806 alios
228 769 376 819 Anglos
397 776 602 816 spectetur,
625 768 749 803 adhuc
780 768 877 803 bene
908 767 1050 802 scribit.
1109 767 1249 802 Melius
1271 768 1300 802 si
1322 769 1455 804 scisset
1477 769 1626 810 Latine,

116 846 228 881 saepe
264 846 340 868 non
370 833 625 880 vituperasset
657 831 865 872 NVolfiunm
908 845 1022 879 quem
1054 832 1141 867 ideo
1172 832 1416 868 solummodo
1446 845 1627 881 persaepe

115 898 364 933 vehementer
394 897 572 945 exagitat,
600 896 700 944 quod
730 897 906 931 Latinam
930 896 1059 931 Wolfii
1089 896 1297 932 dictionem
1330 897 1376 941 (si
1399 897 1527 931 Wolfii
1557 905 1626 937 est,

116 974 242 1009 neque
263 961 389 1009 potius
410 960 625 997 Sebastiani
647 961 889 1000 Castalionis,
913 969 949 996 at
971 973 992 996 ο
1014 961 1147 1008 quanti
1170 961 1239 995 viri
1259 960 1460 1009 injudicio
1482 961 1626 996 Latini-

115 1026 204 1061 tatis
220 1026 246 1071 !)
279 1026 418 1061 bonam
445 1033 482 1061 et
512 1025 704 1072 propriam
726 1025 806 1072 ipse
829 1037 905 1060 non
928 1025 1173 1073 intelligeret.
1234 1025 1508 1072 Reprehendit,
1531 1037 1627 1071 quae

115 1089 306 1126 laudanda
327 1090 443 1125 etiam
466 1097 605 1130 essent,
629 1098 666 1125 et
686 1102 826 1138 gnarus
848 1090 1008 1136 quisque
1031 1090 1153 1125 bonae
1176 1089 1395 1124 Latinitatis
1420 1089 1628 1124 admiratus

114 1162 224 1190 esset.
258 1154 300 1189 In
323 1154 614 1201 antiquitatibus
636 1152 883 1189 enucleandis
904 1162 960 1188 est
980 1153 1142 1188 nimium
1165 1153 1330 1194 sedulus,
1352 1153 1449 1188 ultra
1472 1153 1627 1188 modum

116 1218 305 1266 copiosus,
328 1217 453 1253 aliena
483 1226 520 1252 et
552 1217 712 1265 protrita
743 1217 882 1266 ingerit
915 1230 990 1252 non
1025 1218 1105 1253 sine
1133 1217 1357 1266 jactatione.
1416 1217 1505 1251 Non
1537 1216 1628 1251 satis

117 1282 222 1317 trivit
245 1280 515 1331 grammaticos
536 1289 573 1316 et
592 1281 803 1316 rhetoricos
824 1290 973 1316 veteres
994 1281 1295 1316 Demosthenem
1320 1280 1533 1328 quibusque
1558 1293 1624 1328 pa·

116 1346 215 1395 ginis
234 1346 448 1381 laudantes.
494 1346 583 1380 Non
606 1345 696 1380 satis
719 1346 926 1380 instructus
948 1353 1028 1380 erat
1049 1345 1167 1392 copiis
1189 1345 1395 1381 lexicorum
1417 1344 1626 1380 rhetorico-

116 1422 213 1445 rum.
273 1409 383 1454 Quae
414 1422 501 1445 eum
523 1410 561 1445 in
582 1410 744 1457 Tayloro
772 1418 874 1452 noto,
898 1410 995 1445 bene
1026 1409 1195 1452 memini,
1220 1409 1352 1445 eadem
1384 1421 1505 1456 paene
1535 1409 1627 1443 milii

117 1473 335 1521 exprobrari
364 1486 486 1520 posse.
545 1474 626 1522 Ego
648 1486 736 1509 vero
758 1486 882 1520 neque
914 1472 1125 1521 perfectum
1149 1473 1239 1520 quid
1270 1473 1450 1520 profiteor
1470 1473 1625 1520 praesti-

117 1546 259 1578 turum,
289 1546 327 1573 et
358 1537 546 1579 festinavi,
577 1545 615 1573 et
646 1550 668 1572 a
698 1537 873 1573 fortunae
906 1537 1105 1585 praesidiis
1133 1537 1336 1572 derelictus
1368 1549 1464 1577 sum,
1489 1545 1525 1572 et
1555 1537 1629 1572 alia
1642 1551 1767 1573 xnvm

116 1602 251 1642 habeo,
274 1614 372 1650 quae
394 1614 585 1637 excusem.
628 1601 703 1637 Sed
725 1614 855 1651 pergo.
895 1601 1079 1650 Persaepe
1101 1601 1181 1638 sine
1203 1614 1338 1637 caussa
1357 1601 1501 1637 bonum
1521 1600 1628 1635 Wol-

117 1666 209 1701 fium
229 1666 369 1714 Taylor
387 1666 498 1706 ridet,
521 1673 645 1708 vexat,
669 1666 849 1715 exagitat,
872 1665 1059 1714 objurgat,
1083 1666 1182 1713 quod
1210 1665 1410 1714 diligentia
1440 1664 1630 1714 paedago-

117 1730 202 1779 gica
230 1731 391 1766 oratoris
420 1730 525 1766 locos
550 1730 736 1778 quosdam
767 1731 989 1772 enuclearit‚
1011 1731 1118 1766 velut
1148 1731 1315 1766 nutrices
1344 1730 1471 1779 pueris
1501 1730 1631 1765 onmia

117 1794 277 1829 minima
296 1806 429 1829 mansa
449 1794 487 1828 in
504 1807 545 1829 os
564 1794 756 1843 ingerunt.
789 1793 864 1829 Sed
883 1806 926 1830 ea
944 1793 1142 1843 diligentia
1162 1794 1266 1829 utilis
1287 1802 1324 1829 et
1344 1794 1631 1841 pernecessaria

119 1866 187 1899 est,
210 1866 248 1894 et
276 1858 360 1905 plus
389 1858 557 1906 prodest,
581 1870 695 1905 quam
725 1857 970 1906 supercilium
1001 1857 1177 1899 aliorum,
1201 1857 1276 1905 qui,
1298 1858 1388 1894 dum
1420 1857 1629 1907 elegantias

117 1922 247 1957 nescio
269 1934 361 1969 quas
391 1921 581 1957 abstrusas
609 1929 646 1957 et
667 1922 871 1969 exquisitas
901 1929 1183 1963 consectantur,
1205 1934 1296 1958 vere
1325 1921 1492 1957 difficilia
1520 1934 1629 1969 prae-

118 1994 271 2021 tereunt
291 1993 328 2021 et
347 1984 602 2028 dissimulant,
624 1985 662 2020 in
690 1985 804 2021 rebus
833 1985 1044 2032 perspicuis
1065 1985 1111 2021 de
1133 1985 1297 2021 tenebris
1318 1993 1540 2032 queruntur,
1563 1997 1628 2020 ex-

117 2049 246 2097 pedita
267 2048 341 2084 suis
362 2048 519 2097 argutiis
538 2048 733 2089 intricant,
756 2049 857 2084 clara
885 2049 1109 2096 perturbant
1131 2058 1168 2084 et
1188 2050 1405 2084 obscurant.
1463 2048 1628 2096 Tayloro

118 2113 148 2147 si
170 2112 378 2147 natandum
402 2112 482 2147 sine
505 2112 647 2148 cortice
669 2112 798 2147 Wolfii
825 2111 970 2153 fuisset,
993 2125 1066 2148 nae
1096 2120 1161 2148 aut
1189 2113 1352 2149 cavisset
1381 2112 1450 2147 sibi
1480 2113 1526 2148 ab
1557 2112 1628 2148 hac

118 2175 328 2218 natatione,
346 2183 411 2210 aut
431 2175 645 2222 periculum
663 2178 743 2224 ejus
765 2188 851 2211 cum
875 2175 1060 2212 dedecore
1081 2189 1148 2212 suo
1170 2175 1334 2212 fecisset.
1365 2177 1506 2224 Ecquis
1527 2176 1628 2212 enim

118 2239 258 2288 Taylor
277 2239 322 2275 ad
345 2239 558 2274 W'olfium?
617 2239 786 2288 Largiar,
808 2240 976 2289 Anglum
1008 2240 1044 2275 in
1072 2243 1157 2289 jure
1180 2239 1312 2276 Attico
1333 2241 1447 2288 paulo
1468 2241 1554 2288 plus
1571 2241 1626 2275 vi-

119 2303 217 2339 disse
248 2303 457 2347 Germano,
490 2303 589 2351 quod
624 2304 763 2339 mirum
795 2316 873 2339 non
907 2312 964 2339 est
993 2312 1080 2352 post
1113 2305 1254 2352 scripta
1284 2304 1411 2346 petiti,
1440 2305 1627 2346 salmasii,

119 2367 313 2403 Maussaci
342 2375 378 2404 et
408 2367 573 2403 maxime
595 2368 739 2403 Valesii
769 2368 815 2404 ad
838 2368 1197 2416 Harpocrationem,
1220 2381 1318 2422 quae
1340 2368 1471 2404 Wolfii
1502 2377 1629 2404 aetate

118 2431 290 2467 nondum
321 2440 413 2467 nata
442 2441 563 2468 erant.
631 2432 787 2481 Largiar
814 2433 887 2468 hoc
917 2445 1083 2480 quoque,
1108 2433 1313 2481 Taylorum
1345 2433 1628 2469 instructiorem

117 2495 232 2531 fuisse
254 2496 372 2543 copiis
392 2496 576 2531 librorum
594 2496 998 2539 Demosthenicorum,
1017 2504 1055 2532 et
1075 2496 1211 2532 melius
1230 2497 1275 2532 iis
1294 2496 1347 2532 uti
1369 2497 1495 2539 scisse,
1514 2510 1626 2544 quam

118 2559 313 2602 VVolfium,
337 2572 451 2606 quem
481 2567 584 2595 aetas
616 2560 704 2595 tulit
732 2561 925 2596 nascentis
955 2561 1078 2596 adhue
1109 2561 1271 2601 critices,
1295 2568 1333 2595 et
1352 2561 1390 2595 in
1411 2560 1630 2596 ordinandis

119 2621 193 2657 illis
221 2623 452 2659 lectionibus
481 2623 595 2659 fuisse
625 2624 906 2673 diligentiorem
937 2633 1052 2672 atque
1083 2623 1334 2660 solertiorem.
1393 2624 1437 2658 In
1468 2625 1629 2659 caeteris

119 2694 249 2721 tamen
281 2687 458 2722 omnibus
494 2687 552 2722 aio
583 2688 767 2723 &Volfium
797 2688 961 2736 Tayloro
995 2687 1298 2724 anteferendum.
1367 2686 1457 2722 Plus
1489 2687 1630 2722 laboris

120 2749 328 2785 exantlavit
346 2750 385 2785 in
410 2750 671 2786 Demosthene
692 2750 993 2798 interpretando,
1016 2751 1152 2786 melius
1181 2750 1409 2786 sententiam
1433 2753 1513 2800 ejus
1543 2763 1629 2798 per-

119 2813 241 2861 spexit
261 2821 299 2848 et
318 2813 495 2855 reddidit,
516 2814 651 2849 melius
672 2814 808 2850 Latine
839 2814 984 2855 calluit,
1006 2815 1179 2862 pluribus
1209 2813 1302 2850 locis
1331 2814 1562 2850 medicinam
1592 2822 1629 2850 et

119 2876 327 2912 feliciorem
350 2877 502 2924 quidem
525 2877 666 2918 attulit,
690 2890 804 2924 quam
825 2877 1024 2925 Taylorus,
1044 2881 1152 2926 cujus
1174 2877 1462 2914 emendationes
1484 2890 1527 2913 ex
1547 2878 1629 2926 ipso

121 2948 233 2976 natae
254 2941 459 2988 pleraeque
480 2949 544 2976 aut
565 2940 764 2981 leviculae,
788 2949 853 2976 aut
874 2941 1076 2977 manifesto
1096 2941 1212 2977 falsae
1234 2950 1334 2982 sunt,
1356 2942 1417 2976 vix
1439 2950 1514 2978 tres
1536 2955 1629 2989 qua-
