1934 3179
314 124 398 163 518
712 121 791 161 DE
826 121 1021 162 FALSA
1055 119 1423 161 LEGATIONE.

310 228 482 283 phorica
509 241 607 268 voce
636 228 734 280 τόκῳ
762 227 869 266 hanc
901 225 1191 278 simpliciorem
1221 229 1263 264 et
1291 224 1532 278 planiorem,
1555 227 1668 279 κακῷ,
1691 224 1819 278 subji-

310 299 415 325 cele.
469 283 662 324 REISK.
715 267 967 322 ‘·Ma1klansli
1018 280 1329 321 distinctionem
1374 281 1636 321 commendat
1678 281 1821 320 similis

309 341 423 381 locus
452 356 492 394 p.
517 353 575 393 13,
601 352 665 378 20.
700 338 900 378 δέδοικα-
907 355 958 387 μη
980 338 1047 376 τοι
1075 337 1191 376 αὐτὸν
1217 338 1372 387 τρόποι,
1397 338 1527 388 ὥσπερ
1550 338 1585 376 οἱ
1607 340 1677 376 δαν
1671 338 1821 387 ἐιζόμε-

311 414 371 437 DOL
389 398 526 450 ῥαδίως
548 413 609 435 ΕἸΤί,
630 399 710 435 Τοῖς
730 393 917 444 μεγάλοις
938 409 1061 434 ΤΟΚΟις
1081 410 1216 443 μικροὶ)
1239 393 1526 464 ΕὐπΟρησαΠΗΤΕς
1546 410 1690 446 ΧρΟνΟΙ)
1710 392 1822 433 ὕσΤΕ-

308 470 378 502 ρον
401 453 462 492 καὶ
482 456 558 491 τῶι
581 452 752 502 ἀρχαίων
774 448 1012 499 ἀπέστησαν,
1036 448 1133 488 οὕτω
1157 450 1217 489 καὶ
1238 450 1357 499 ἡμεῖς,
1381 449 1429 488 ἂν
1451 450 1513 489 ἐπὶ
1535 449 1670 503 πολλῷ
1694 453 1821 500 φανῶ-

310 526 383 559 μεν
407 508 707 561 ἐρρᾳθυμηκότες
729 523 791 544 και
813 505 966 545 ἅπαντα
992 505 1086 556 πρὸς
1110 505 1220 555 ηδοι
1206 522 1252 554 ην
1281 505 1491 555 ζητοῦντες,
1515 507 1648 545 πολλὰ
1669 506 1732 545 καὶ
1751 522 1822 557 χα-

311 567 416 604 λεπὰ
436 565 489 603 ὧν
510 563 577 602 οὐκ
598 559 894 612 ἠβουλόμεθα”’
871 577 1037 612 υστερον
1065 563 1118 602 εἰς
1144 560 1318 612 ἀνάγκην
1344 561 1521 611 ἔλθωμεν
1541 565 1679 601 ποιεῖν.
1741 560 1822 601 Ne-

312 635 391 673 que
423 633 499 673 ego
521 617 668 657 dubito
694 616 1013 671 praeferendam
1040 631 1129 657 esse
1155 616 1288 664 alte1i‚
1312 631 1436 670 quam
1462 616 1663 657 Wolfium
1690 617 1820 657 secuti

311 675 495 715 editores
521 673 797 715 adsciverunt.
860 672 1025 714 Scilicet
1046 688 1094 713 01
1094 677 1190 713 Γιἰοι
1212 649 1490 712 Athenienses
1517 673 1823 713 conditionibus

310 737 399 772 tam
421 730 571 784 iniquis
598 744 743 784 pacem
768 734 997 783 1>actOS‚11t
1019 743 1124 783 quae
1153 734 1293 769 caleat
1320 731 1370 782 τῷ
1397 730 1577 780 ἀσφαλεῖ
1601 731 1662 769 καὶ
1683 731 1734 784 τῷ
1754 734 1823 779 βε-

309 789 424 842 βαίῳ,
447 801 631 840 compar
619 791 664 827 at
686 801 778 826 cum
800 785 1047 834 hominibus,
1063 800 1144 825 non
1167 785 1235 839 qui
1257 785 1425 825 omnino
1446 785 1662 838 pecuniam
1683 786 1823 826 fenore

312 848 492 891 sumant,
530 843 591 895 (id
624 843 734 897 quod
771 842 868 882 licet
900 842 1030 882 facias
1064 841 1427 891 fiuctuosissime)
1462 841 1534 881 sed
1570 841 1639 896 qui
1674 841 1823 896 grandi

311 904 491 948 sumant,
515 914 618 963 quos
640 899 909 939 metuendum
936 898 992 938 sit
1013 913 1063 938 ne
1089 898 1242 938 {ericiis
1268 897 1453 952 gravitas
1479 912 1575 937 mox
1604 912 1824 952 oppressos

310 955 429 996 bonis
456 955 645 996 omnibus
674 959 813 995 exuat.
848 954 1098 995 SCHAEF.
1134 955 1195 994 ἐπὶ
1223 955 1357 1008 πολλῷ
1391 953 1452 994 ita
1479 954 1663 1007 positum
1691 959 1755 995 est
1776 959 1824 995 ut

311 1013 364 1052 ad
399 1016 620 1065 utiumque
652 1012 834 1060 ver,bum
865 1015 907 1050 et
940 1013 1200 1061 δανειζόμενοι
1233 1015 1275 1050 et
1307 1012 1482 1061 ἐὶγοιτες,
1509 1010 1742 1064 pertineat:
1776 1016 1824 1051 ut

310 1074 423 1110 recte
445 1069 607 1109 monuit
630 1068 816 1109 Shilleto.
878 1067 1073 1107 Ceterum
1095 1067 1200 1106 conf.
1223 1066 1277 1106 ad
1299 1081 1337 1120 p.
1366 1079 1426 1119 13,
1451 1078 1515 1106 22.

365 1136 461 1178 372,
477 1138 515 1178 3.
538 1125 582 1164 οὐ
601 1125 751 1178 μὴν-]
779 1124 933 1164 Sensus
954 1139 961 1162 ε
997 1122 1089 1163 Etsi
1113 1138 1195 1177 pax
1212 1122 1311 1162 mihi
1326 1122 1490 1162 videtur
1510 1122 1650 1171 infida,
1667 1127 1820 1172 tamen,

310 1181 556 1221 cuicuimodi
589 1186 664 1230 est,
687 1195 793 1235 nego
814 1184 1027 1220 auctorem
1058 1180 1146 1234 ejus
1177 1179 1414 1219 habendum
1445 1192 1535 1219 esse
1558 1179 1821 1219 Aeschinem.

366 1306 462 1347 372,
481 1307 521 1344 5.
543 1293 695 1347 τοῦτόν]
716 1293 765 1332 F.
785 1294 953 1340 τούτους,
972 1297 1017 1332 ut
1038 1306 1072 1331 v.
1101 1305 1108 1330 i
1128 1304 1157 1331 Ι.
1194 1290 1552 1331 MARKLAND.
1590 1291 1823 1346 Aliquanto

308 1350 448 1403 aptior
483 1350 522 1388 h.
547 1350 569 1388 l.
605 1349 848 1403 singularis:
886 1348 1120 1388 occurritur
1156 1347 1265 1387 enim
1300 1347 1500 1387 Aeschini
1535 1348 1648 1401 pacis
1684 1349 1823 1389 factae

308 1406 472 1446 laudem
494 1406 569 1446 sibi
594 1406 865 1446 vindicaturo.
928 1404 1177 1445 SGHAEF.

368 1475 462 1531 372,
494 1475 553 1502 12.
589 1464 714 1513 εἵργετ
715 1461 937 1514 ’-λόγω1]
968 1460 1177 1500 Alistidos
1199 1460 1249 1499 de
1272 1460 1324 1499 D.
1348 1460 1391 1499 C.
1416 1475 1454 1513 p.
1482 1460 1574 1499 268.
1608 1460 1669 1499 καὶ
1691 1461 1824 1512 σχῆμα

311 1521 351 1557 δὲ
375 1517 472 1558 οὕτω
500 1520 649 1569 γίνεται
676 1519 907 1568 σφοδρότης,
931 1518 1026 1556 ὅταν
1053 1534 1109 1558 τις
1137 1518 1375 1567 ἐπιφορικοῖς
1402 1532 1539 1568 χρηται
1567 1521 1648 1558 τοῖς
1674 1533 1823 1568 σχημα-

309 1591 385 1614 σιν.
419 1575 515 1613 οἷον
549 1576 696 1625 εἴργετε
731 1574 812 1619 οὑν,
838 1575 985 1624 εἴργετε
1019 1573 1136 1612 αὐτὸν
1168 1577 1244 1612 τῶν
1278 1573 1372 1622 ὑπὲρ
1405 1589 1470 1621 της
1502 1572 1651 1623 ειρήνης
1677 1571 1820 1624 λόγων.

368 1698 555 1756 372,14
570 1687 614 1725 οὐ
630 1685 1044 1738 γὰρ-διαβεβληται]
1074 1684 1188 1725 Citat
1207 1683 1398 1724 Tiberius
1420 1699 1458 1737 p.
1476 1696 1544 1736 43.
1570 1683 1819 1724 SOHAEF.

366 1744 461 1793 ὑπὲρ
512 1759 576 1791 της
627 1741 791 1795 εἰρηνης]
843 1740 887 1781 δι’
940 1742 1058 1790 αὐτην
1109 1740 1263 1791 εἰρηιην
1309 1739 1513 1779 Tiberius.
1588 1739 1822 1793 Scripserat

313 1798 542 1838 Pechnicus
564 1800 626 1837 διὰ
647 1815 717 1847 την
739 1798 906 1849 εἰρήνην
970 1797 1077 1837 SCH
1086 1796 1219 1835 AEF.

368 1854 427 1908 οὔ]
469 1856 535 1894 οὔκ
568 1854 771 1902 Tiberius,
806 1868 887 1907 quo
928 1867 1009 1892 non
1051 1867 1170 1906 opus,
1205 1867 1297 1892 cum
1329 1866 1409 1891 vox
1448 1858 1544 1905 post
1584 1852 1689 1892 hanc
1730 1867 1822 1906 par-

312 1911 479 1951 ticulam
510 1911 736 1964 paullulum
768 1910 1017 1949 inhibeatur.
1081 1909 1146 1949 Dc
1176 1909 1252 1948 hac
1288 1908 1511 1948 iteratione
1541 1908 1758 1962 negativae
1785 1923 1821 1948 v.

316 1966 533 2006 Ehnsleius
552 1967 605 2006 ad
630 1966 845 2020 Sophoclis
867 1966 986 2019 Ajac.
1006 1977 1101 2018 970.
1126 1970 1242 2018 (post
1266 1964 1504 2004 Marklandi
1524 1964 1762 2019 Iphigenias
1782 1979 1821 2017 p.

311 2026 406 2076 318.
430 2023 495 2062 ed.
522 2023 652 2076 Lips.)
716 2022 969 2063 SOHAEF.

368 2091 447 2131 37
430 2111 464 2126 2,
491 2082 555 2118 26.
578 2081 674 2129 ὑμᾶς
697 2080 842 2132 ἀξιοῦν]
872 2078 966 2118 Scil.
988 2077 1204 2129 προσάγειν
1226 2078 1287 2117 vel
1310 2079 1422 2116 τοῦτο
1444 2081 1584 2117 ποιεῖν.
1628 2076 1822 2117 REISK.

368 2148 463 2187 372,
490 2147 553 2186 27.
583 2135 626 2174 δι’
651 2136 779 2183 ἀλλην
801 2133 984 2187 ἑιγιννοιαι]
1010 2133 1204 2173 Recurrit
1226 2149 1310 2187 p.
1291 2146 1383 2185 773,
1412 2135 1475 2172 16.
1538 2133 1637 2172 Vid.
1658 2137 1746 2173 not.
1769 2133 1823 2173 ad

312 2207 350 2244 p.
374 2193 468 2243 367.
495 2202 530 2243 7
595 2191 843 2231 SCHAEF

368 2259 463 2299 373,
490 2261 519 2286 ι.
542 2247 749 2300 σκήψεων]
778 2247 1092 2286 Οαῖιεεατῖοῡιιινι.
1155 2246 1269 2285 Infra
1291 2260 1324 2284 v.
1351 2259 1406 2284 10.
1432 2244 1712 2285 redundantia
1732 2260 1822 2286 ora-

313 2302 421 2342 toria
443 2303 608 2353 σκήψεις
630 2304 690 2342 καὶ
712 2303 940 2353 προφάσεις.
1006 2302 1253 2342 SCHAEF.

370 2371 464 2410 373,
492 2371 526 2397 2.
562 2359 758 2410 πολιτικὴ]
800 2358 929 2397 Recte
960 2358 1264 2411 interpretatur
1287 2357 1462 2396 Shilleto
1495 2370 1563 2396 one
1595 2356 1716 2396 which
1744 2371 1823 2409 ‘you

313 2414 447 2453 would
465 2415 552 2454 take
561 2414 675 2466 from
692 2429 716 2453 a
737 2420 962 2460 statesmaoz,
972 2414 1083 2466 from
1108 2428 1174 2452 one
1196 2413 1277 2452 who
1293 2419 1417 2452 emer-s
1438 2427 1539 2465 upon
1561 2412 1622 2451 the
1643 2427 1767 2452 arena
1784 2414 1834 2466 of

308 2470 480 2523 stolt'sz'cs.
545 2470 610 2509 sic
632 2485 670 2523 17.
700 2482 791 2522 229.
816 2471 901 2509 οὔτε
923 2470 1122 2509 πολιτικὸν
1145 2471 1229 2508 οὔτε
1253 2471 1411 2508 δίκαιον.
1434 2484 1473 2522 p.
1490 2470 1587 2521 584.
1620 2469 1663 2508 οὐ
1684 2471 1759 2520 γὰρ
1782 2470 1823 2508 ἐκ

316 2529 513 2575 πολιτικῆς
541 2527 712 2567 αἰτίας-
723 2528 902 2576 κρίνεται,
927 2525 951 2565 i.
975 2540 1008 2564 e.
1032 2526 1104 2565 the
1126 2525 1221 2565 trial
1247 2524 1403 2578 arising
1424 2526 1529 2563 from
1551 2525 1624 2564 the
1645 2525 1824 2575 προβολὴ

313 2582 395 2622 laid
432 2583 571 2621 before
605 2582 676 2621 the
712 2582 856 2635 people
892 2581 1092 2635 toucliing
1128 2580 1283 2620 Midias
1314 2580 1413 2620 does
1446 2585 1520 2621 not
1553 2580 1712 2620 involve
1742 2595 1823 2634 any

312 2639 464 2691 charge
485 2638 650 2691 igrainst
671 2638 735 2677 his
756 2638 936 2677 conduct
957 2652 1003 2677 as
1024 2653 1049 2677 a
1070 2637 1207 2690 public
1229 2651 1337 2676 man.

370 2706 449 2746 37
428 2724 465 2747 3
483 2708 522 2746 ⁶)-
546 2693 763 2746 προσελθη]
795 2694 979 2733 Subaudi
1001 2694 1095 2744 πρὸς
1116 2695 1163 2732 τὰ
1186 2695 1306 2738 κοινὰ,
1331 2696 1377 2731 ut
1399 2707 1438 2745 17.
1458 2704 1552 2744 312,
1579 2692 1641 2730 28.
1647 2706 1707 2739 ,8.
1729 2692 1821 2731 sim-

314 2740 457 2802 pli(i1is
498 2751 597 2799 ὑμῖν,
635 2749 981 2802 quemadmodum
1016 2764 1054 2802 p.
1085 2761 1177 2801 229
1214 2762 1270 2801 ¹3·
1309 2747 1460 2787 dicitur
1494 2751 1734 2797 προσελθεῖι
1769 2750 1821 2800 τῷ

314 2805 427 2858 ὃημο).
491 2806 534 2843 S(
548 2805 640 2844 HA
651 2805 685 2844 1⁴1
692 2805 740 2844 F.

371 2872 465 2912 373.
508 2874 566 2900 10.
609 2861 772 2913 σκήψεις
813 2862 872 2900 καὶ
913 2861 1143 2911 προφάσεις]
1190 2860 1348 2899 Eadem
1390 2860 1610 2912 conjuncta
1649 2874 1687 2911 p.
1721 2869 1817 2909 527.

315 2916 627 2956 SHILLETO.
