1934 3179
285 136 367 180 476
684 137 764 176 DE
799 136 995 176 FALSA
1032 133 1394 174 LEGATIONE.

286 243 350 282 nis
371 242 612 283 oeconomia
641 243 752 296 quod
775 243 868 295 jure
896 241 1141 295 reprehendi
1170 244 1311 294 posset
1338 239 1602 287 invenissent,
1624 238 1795 278 dubium

286 313 369 338 non
390 303 454 338 est
482 298 579 351 quin
608 298 649 337 id
671 298 732 338 vel
753 298 879 337 verbo
908 297 1129 337 indicaturi
1153 295 1518 345 11101101.ρυίἀέ
1549 295 1659 347 quod
1682 295 1728 333 Μ
1732 307 1796 334 ar-

287 354 456 394 cellinus
490 353 586 405 (vol.
621 367 659 403 4.
694 369 732 406 p.
764 365 817 404 42
796 354 860 392 0.6
866 352 894 405 ),
929 352 1111 406 Apsines
1143 352 1241 404 (vol.
1274 364 1311 403 9.
1344 365 1382 404 p.
1413 352 1525 403 532.)
1559 350 1710 402 aliique
1744 351 1794 401 (v.

288 410 460 449 Ernesti
493 409 572 448 lex.
600 409 662 448 1·.11
691 423 722 448 s.
745 423 782 447 v.
809 409 1169 458 ἀνακεφαλαίωσις)
1205 406 1307 447 alios
1341 420 1503 469 quoque
1535 409 1723 445 oratores
1753 404 1796 444 in

287 465 425 505 inedia
454 464 644 504 oratione
673 463 880 517 epilogum
901 478 932 502 s.
956 463 1303 514 ἀνακεφαλαίωσιν
1330 461 1551 515 posuisse
1538 460 1796 501 animadver-

288 525 445 561 terunt.
507 519 687 559 Omnino
716 524 856 559 autem
885 518 918 558 si
943 533 1040 558 vera
1068 523 1207 558 essent
1238 532 1344 571 quae
1366 517 1567 557 Photium
1597 520 1798 569 sequutus

290 576 454 629 Tay-2101
478 574 719 628 disputavit,
743 574 812 628 qui
833 575 990 614 factum
1018 578 1127 613 esset
1147 578 1194 613 ut
1217 573 1300 612 Dio
1323 573 1546 620 Prusaeus,
1568 572 1681 612 haud
1703 585 1797 611 con-

288 631 538 672 temnendus
565 630 826 684 eloquentiae
856 630 1113 677 aestimator,
1136 629 1243 669 hanc
1275 629 1536 682 potissimum
1566 627 1798 667 orationem

290 687 330 726 in
365 687 519 726 deliciis
553 685 772 726 haberetd?
802 690 850 726 ut
884 686 1074 726 rhetores
1101 685 1251 725 Graeci
1284 700 1336 724 ex
1369 685 1446 724 hac
1484 683 1672 723 oratione
1706 682 1799 721 rudi

290 742 445 782 scilicet
467 747 509 782 et
530 742 771 795 imperfecta
791 747 834 781 et
855 741 1004 781 ceteris
1021 741 1372 780 Demosthenicae
1391 739 1650 792 eloquentiae
1672 738 1799 778 virtu-

290 799 403 839 tibus
435 797 640 837 destituta
679 797 858 850 plurima
892 797 997 837 artis
1032 811 1131 836 suae
1166 797 1355 859 exempla
1394 796 1631 848 peterente3
1692 793 1800 833 Nam

290 854 400 894 inter
421 858 581 893 veteres
611 853 801 893 1¹·het01es
834 867 961 892 unum
994 857 1159 892 tantum
1192 852 1284 891 novi
1317 852 1440 904 hujus
1471 849 1673 890 orationis
1704 863 1799 888 con-

291 914 554 963 temptor,em
572 909 601 947 J
606 923 781 948 oannem
804 908 998 956 Siculum,
1021 922 1151 961 usque
1178 908 1282 947 adeo
1308 921 1470 946 osorem
1492 904 1799 953 Demosthenis,

291 970 339 1006 ut
367 966 494 1005 etiam
522 979 614 1004 eam
640 964 884 1013 orationem
909 978 1014 1017 quac
1041 978 1123 1003 uno
1152 963 1335 1002 omnium
1363 976 1565 1001 consensu
1597 959 1803 1014 palmaria

292 1022 485 1068 habetur,
520 1020 752 1060 orationem
788 1020 839 1059 de
875 1034 1028 1059 colona
1061 1019 1165 1066 dico,
1203 1019 1304 1058 nihil
1340 1018 1566 1071 quidquam
1600 1015 1800 1056 admirali

293 1078 486 1120 videatur
516 1076 612 1128 (vol.
636 1079 673 1115 6.
701 1091 740 1130 p.
769 1086 843 1128 175
872 1079 968 1128 sq.)
1031 1075 1073 1113 Is
1105 1074 1233 1128 igitur
1265 1089 1347 1127 quo
1379 1073 1468 1112 loco
1496 1072 1674 1112 Dionem
1707 1085 1801 1110 cum

294 1133 577 1173 Demosthene
604 1136 832 1184 comparat,
857 1133 990 1179 καίτοι,
1013 1130 1161 1184 inquit,
1187 1129 1441 1180 Δημοσθένης
1468 1130 1675 1180 σύμμαχον
1697 1127 1802 1178 ἔχων

294 1190 336 1228 τὸ
357 1192 517 1241 ψεῦδος,
541 1206 560 1227 ο
582 1187 738 1237 μάλιστ’
763 1188 890 1238 ἰσχύει
912 1188 983 1226 κάν
1003 1191 1084 1228 τοῖς
1104 1187 1251 1237 λόγοις,
1270 1187 1395 1224 πόσον
1417 1186 1470 1226 εἰς
1491 1184 1559 1223 τὸν
1579 1199 1803 1234 παραπρεσ-

293 1246 406 1295 βείας
428 1245 592 1295 ἐλείφθη
615 1243 804 1294 Αἰσχίνου
828 1242 922 1295 (vol.
947 1244 985 1281 6.
1006 1257 1045 1295 p.
1070 1244 1170 1295 75),
1194 1241 1296 1281 satis
1317 1240 1528 1287 invidiose
1552 1238 1669 1292 quasi
1691 1252 1802 1277 men-

295 1300 423 1340 daciis
455 1299 616 1339 nitatur
648 1298 780 1338 onmis
808 1297 1105 1338 Demosthenis
1136 1296 1360 1337 accusatio.
1422 1296 1543 1335 Unus
1577 1294 1686 1334 enim
1717 1295 1802 1334 fere

295 1357 408 1396 locus
444 1360 522 1404 est,
557 1370 638 1408 quo
669 1355 996 1394 Demosthenem
1036 1368 1061 1393 ξι
1095 1353 1272 1393 1·01·11ξι10
1307 1351 1530 1391 decessisse
1567 1356 1609 1391 et
1644 1354 1804 1390 veteres

296 1413 484 1452 rhetores
519 1410 903 1451 animadveiterunt
939 1410 1007 1462 (cf.
1035 1409 1208 1463 Grnegol
1235 1409 1328 1449 Cor.
1357 1408 1434 1447 1·.01
1465 1418 1500 1458 7.
1534 1422 1573 1460 p.
1601 1406 1726 1459 1254)
1762 1410 1804 1445 et

296 1468 387 1522 ipsa
407 1482 472 1507 res
494 1466 708 1520 probabile
737 1466 886 1514 reddit
913 1467 948 1519 ξ.
974 1478 1052 1507 212
1076 1479 1179 1518 sqq
1202 1465 1253 1504 (10
1275 1478 1355 1517 quo
1376 1463 1465 1503 loco
1486 1463 1595 1502 idem
1615 1462 1644 1501 J
1649 1474 1805 1502 oannes

296 1523 476 1577 iniquius
513 1522 700 1575 disputat
732 1536 773 1574 p
802 1532 878 1575 79:
925 1523 958 1561 εἰ
989 1523 1062 1570 μὲν
1094 1524 1168 1572 γὰρ
1205 1521 1391 1570 ἁρμοδίως
1427 1522 1505 1560 τοῖς
1542 1516 1806 1567 ὑποκειμένοις

296 1580 498 1631 πράγμασι
520 1579 580 1617 καὶ
599 1594 820 1627 προσωποις
841 1577 928 1618 τοὺς
948 1578 1090 1627 λόγους
1116 1592 1318 1625 ποιησεται
1342 1577 1381 1627 (ὁ
1403 1574 1559 1626 ῥήτωρ),
1584 1572 1805 1623 θαυμασθή-

299 1649 420 1675 σεται
455 1636 488 1674 εἰ
516 1636 555 1673 δὲ
583 1651 647 1684 μη,
677 1633 771 1684 πρὸς
799 1634 849 1686 τῷ
878 1635 1121 1683 γελασθηναι
1149 1633 1210 1671 καὶ
1240 1630 1598 1680 ἐξουδενωθησεται.
1633 1629 1803 1679 καθάπερ

299 1690 556 1741 Δημοσθείης
585 1691 627 1728 ἐν
654 1692 704 1742 τῷ
734 1705 937 1741 συμποσιῳ
959 1689 1158 1727 Φιλιππου
1187 1687 1383 1727 πεπονθεν
1412 1687 1464 1727 εἰς
1489 1685 1557 1724 τὸν
1582 1700 1805 1735 παραπρεσ-

297 1748 422 1796 βείας,
438 1745 620 1785 πλάττων
637 1746 830 1796 Αἰσχίνην
847 1743 1179 1796 ἀσχημονησαντα
1195 1743 1291 1793 πρὸς
1311 1743 1381 1791 τὴν
1396 1740 1612 1780 Ὀλυνθίαν
1628 1743 1803 1791 γυναῖκα,

299 1803 464 1851 ἀναξίως
485 1802 546 1840 καὶ
568 1801 816 1851 ἆνορμόστως
832 1802 896 1849 τῆς
911 1803 978 1838 τοῦ
998 1799 1157 1850 ῥητορος
1172 1800 1383 1847 ποιότητος,
1400 1798 1496 1836 ὅπου
1519 1813 1580 1836 και
1601 1796 1669 1835 τὸν
1686 1795 1805 1835 Σάτυ-

299 1875 369 1909 ρον
389 1858 456 1896 τὸν
477 1856 683 1907 ὑποκριτην
710 1855 1035 1906 σωφρονέστερον
1061 1856 1275 1903 ὑποτιθησι.
1308 1855 1370 1893 διὰ
1390 1855 1501 1892 τοῦτο
1529 1852 1589 1891 καὶ
1609 1868 1678 1900 την
1698 1852 1806 1890 ποιό-

299 1930 395 1963 τητα
420 1916 486 1952 τοῦ
516 1913 638 1963 λόγου
669 1913 851 1974 ἁρμόδιον
883 1911 982 1950 εἶναι
1013 1914 1072 1950 δεῖ
1100 1914 1180 1951 τοῖς
1210 1908 1473 1959 ὑποκειμένοις
1500 1908 1720 1958 προσώποις
1747 1907 1808 1946 καὶ

299 1970 514 2032 πράγμασι.
577 1967 708 2007 Paulo
729 1967 900 2019 aequius
924 1966 1210 2019 Hermogenes
1231 1965 1307 2004 101.
1330 1977 1370 2017 3.
1392 1979 1431 2017 p.
1450 1976 1559 2013 420„
1578 1962 1647 2016 qui
1669 1966 1807 2001 orato-

301 2025 406 2064 riam
441 2024 589 2063 saltem
621 2023 744 2075 hujus
776 2023 854 2062 loci
875 2022 1074 2062 1··1111110111
1105 2020 1323 2075 agnovelit
1350 2021 1465 2072 (οὕτω
1498 2019 1542 2068 δη
1573 2021 1812 2070 ψυχαγωγεῖ

301 2081 387 2121 τοὺς
409 2081 619 2120 ἀκούοντας
640 2080 741 2118 ὥστε
762 2080 913 2118 οίεσθαι
935 2080 977 2117 ἐν
999 2079 1201 2130 συμποσίῳ
1224 2077 1356 2138 favae),
1380 2079 1422 2115 01
1445 2073 1709 2114 hlillllcialills
1730 2072 1807 2112 VOl.

303 2150 341 2187 9.
363 2151 403 2188 p.
426 2137 506 2175 612
529 2149 603 2187 sq.,
622 2134 723 2187 qui
712 2149 759 2174 ξιι
763 2139 858 2182 tem,
874 2148 955 2187 qua
972 2133 1275 2173 Demosthenes
1296 2131 1355 2171 rei
1377 2145 1459 2170 non
1480 2134 1663 2170 testatae
1684 2128 1809 2168 fidem

301 2192 438 2231 facele
474 2190 695 2239 studuerit,
726 2190 967 2230 aclmi1··.etui
1030 2189 1111 2228 Sed
1146 2188 1255 2228 idem
1287 2187 1353 2226 1110
1385 2187 1572 2226 Joannes
1603 2185 1684 2225 alio
1719 2184 1809 2224 loco

302 2251 448 2300 aperte
478 2246 765 2285 calumniatur.
827 2246 962 2295 Quum
998 2244 1107 2284 enim
1141 2244 1427 2297 Hermogenes
1459 2242 1535 2281 1·ο.1
1564 2254 1602 2294 3.
1637 2255 1676 2293 p.
1713 2252 1806 2290 214.

304 2302 431 2342 etiam
453 2302 531 2340 1100
564 2302 618 2340 ad
646 2301 988 2354 perspicuitatem
1016 2300 1218 2339 orationis
1239 2299 1375 2338 latere
1396 2297 1580 2344 dixisset,
1603 2300 1650 2335 ut
1672 2295 1807 2348 objec-

304 2358 439 2398 tiones
460 2357 539 2396 adv
542 2371 586 2396 01·
588 2356 685 2395 sarii
703 2356 817 2409 prius
834 2370 958 2409 quam
980 2355 1272 2394 dissolutiones
1290 2354 1372 2393 sive
1393 2352 1665 2392 refutationes
1686 2365 1809 2403 pone-

304 2418 462 2460 r·entul,
491 2412 799 2464 addidissetque
826 2411 1162 2457 Demosthene1,n
1193 2410 1262 2462 qui
1290 2414 1332 2449 et
1360 2414 1499 2448 cetera
1527 2407 1673 2447 solitus
1701 2410 1811 2446 esset

306 2471 379 2517 ita,
402 2473 448 2508 ut
470 2483 491 2508 0
512 2482 556 2507 re
578 2483 652 2507 sua
673 2482 759 2507 esse
781 2467 896 2507 vider
898 2471 1002 2512 etur,
1026 2466 1238 2513 collocare,
1261 2465 1471 2504 interdum
1498 2462 1811 2502 dissolutionem

306 2530 404 2566 ante
429 2523 705 2577 objectionem
736 2523 945 2576 posuisse:
979 2522 1007 2561 J
1012 2536 1166 2562 oannes
1195 2521 1427 2573 exemplum
1454 2519 1578 2572 hujus
1603 2518 1761 2572 figurae
1790 2530 1812 2557 0

350 2635 368 2658 d
392 2636 539 2665 Philostr.
557 2635 612 2664 vit.
631 2634 725 2672 Soph.
743 2644 771 2672 p.
789 2634 861 2671 488.
887 2632 1027 2672 φυτεύων
1094 2631 1271 2672 πρεσβείας.

309 2678 341 2708 δὲ
367 2678 417 2708 καὶ
434 2676 581 2707 σκάπτων
606 2676 654 2706 καὶ
674 2676 834 2705 ἐπαντλῶν
850 2675 1027 2710 βαλανείοις
1138 2681 1153 2698 e
1178 2674 1227 2704 Cf.
1244 2681 1276 2704 et.
1292 2673 1356 2703 Cic.
1372 2673 1429 2703 Or.
1446 2681 1498 2710 31,
1516 2680 1585 2700 111.
1603 2670 1722 2700 multae
1737 2674 1812 2699 sunt

307 2733 343 2750 τε
360 2720 409 2750 καὶ
422 2719 528 2754 κήποις
545 2718 593 2748 καὶ
609 2717 715 2747 πολλὰ
727 2719 855 2747 τοιαῦτα
869 2716 942 2756 ὑπὲρ
958 2729 1027 2756 τρο-
1093 2718 1161 2755 ejus
1187 2721 1269 2746 totae
1294 2715 1451 2746 orationes
1478 2713 1617 2749 subtiles,
1642 2718 1679 2742 ut
1705 2717 1814 2740 contra

309 2765 370 2800 φῆς
387 2760 587 2801 ἐργαζόμενος
603 2759 671 2790 οὐδὲ
687 2761 743 2789 τοῦ
760 2758 940 2797 σπουδάζειν
952 2757 1026 2796 ἠμέ-
1095 2759 1261 2798 Leptinen]
1277 2769 1284 2787 t
1300 2757 1419 2787 multae
1431 2762 1514 2786 totae
1529 2764 1651 2794 graves,
1669 2759 1705 2783 ut
1721 2762 1814 2791 quae-

310 2810 369 2840 λει,
386 2804 457 2834 ἀλλ’
475 2803 533 2832 ἀπὸ
549 2803 631 2832 δυοῖν
646 2801 785 2836 βιβλίοιν
802 2802 911 2832 ἑαυτὸν
927 2802 1026 2831 συνεΐ-
1094 2802 1165 2830 dam
1184 2800 1375 2838 Philippicae
1390 2811 1395 2827 ε
1420 2798 1538 2828 multae
1554 2797 1668 2833 variae,
1685 2801 1720 2825 ut
1740 2805 1813 2824 con-

310 2858 369 2884 χεν
390 2846 545 2879 (animum
560 2855 652 2874 suum
667 2844 757 2881 aluit,
771 2844 832 2873 vid.
847 2844 978 2884 Kayser.
996 2854 1025 2882 p.
1094 2850 1143 2873 tra
1158 2842 1349 2872 Aeschinem
1372 2841 1467 2871 salsae
1490 2838 1664 2878 legationis,
1682 2843 1718 2867 ut
1740 2846 1813 2867 con-

314 2888 410 2927 179.).
444 2886 532 2916 ταυτὶ
565 2885 596 2915 δὲ
622 2885 659 2921 ἦν
686 2886 701 2915 ὅ
728 2898 763 2915 τε
788 2885 904 2915 Φαίδων
929 2888 944 2915 ὁ
972 2887 1028 2915 τοῦ
1095 2892 1142 2915 tra
1159 2886 1293 2915 eundem
1311 2893 1365 2922 pro
1382 2892 1490 2913 caussa
1508 2879 1730 2920 Ctesiphontis.

312 2929 477 2960 Πλάτωνος
505 2929 552 2958 καὶ
581 2927 795 2965 Δημοσθένους
824 2929 839 2956 ὃ
867 2927 943 2957 κατὰ
971 2930 1026 2964 τῆς
