1935 3205
665 133 1020 174 PRAEFATIO.
1569 134 1606 173 xi

78 251 230 296 reidtii
268 252 325 296 de
366 252 530 296 eodem
571 257 847 310 argumento
883 250 1179 309 scriptionem
1220 250 1438 294 substitui
1478 249 1609 311 Mag-

77 329 270 388 deburgi
297 328 470 372 editam
497 343 537 371 a.
563 326 704 372 1836.

143 404 357 450 Orationi
390 404 448 448 de
484 420 653 449 corona
686 403 980 448 utilissimam
1021 418 1207 462 operam
1245 404 1476 462 impendit
1518 404 1610 448 Lu-

77 482 274 541 dolphus
300 481 525 526 Dissenus
559 483 602 525 in
638 482 843 526 editione
869 481 1172 541 Gottingensi
1198 497 1237 526 a.
1266 484 1424 532 1837„
1451 481 1537 525 etsi
1564 482 1611 524 in

79 558 402 603 Demosthene
439 558 561 602 idem
584 560 624 603 ei
651 558 820 602 accidit
848 558 972 617 quod
1008 573 1145 617 saepe
1170 557 1402 602 acciderat
1428 557 1472 600 in
1501 557 1613 601 Pin-

79 635 201 686 daro,
224 640 289 686 ut,
307 649 449 693 quum
477 633 806 678 subtilissimae
826 633 1036 677 studeret
1061 633 1452 691 interpretationi,
1471 634 1613 678 inter-

80 712 191 755 dum
227 711 284 755 ad
327 712 530 770 argutias
564 711 801 754 aberraret
838 709 895 752 ab
935 715 1145 753 veterum
1185 709 1469 754 Graecorum
1510 725 1614 755 sen-

80 789 226 832 tiendi
265 787 542 845 dicendique
584 785 884 844 simplicitate
923 785 1238 830 alienissimas.
1310 785 1364 829 In
1405 786 1612 845 linguam

82 864 331 923 Anglicam
372 864 627 907 orationem
671 863 789 906 hanc
834 862 1074 906 transtulit
1114 863 1182 905 vir
1223 863 1345 906 inter
1383 864 1613 921 principes

83 941 414 985 Britannorum
457 946 663 984 oratores
711 939 910 989 habitus,
961 938 1195 983 Henricus
1243 938 1613 998 Broughamusb,

82 1018 297 1063 acerbam
324 1023 547 1076 expertus
577 1017 700 1061 docti
735 1016 982 1060 adversarii
1008 1031 1265 1068 censuram,
1293 1016 1617 1075 Ephemeridi-

84 1095 169 1139 bus
226 1094 612 1145 Londinensibus,
662 1092 706 1137 T
703 1091 756 1137 lte
800 1091 965 1144 Times,
1008 1093 1227 1138 insertam
1277 1099 1325 1137 et
1367 1094 1615 1151 separatim

85 1187 272 1230 quoque
297 1186 515 1215 excusam
526 1176 556 1214 ⁰.

152 1247 525 1292 Commentarios
558 1246 801 1290 historicos
832 1252 880 1290 et
906 1244 1257 1304 chronologicos
1284 1246 1327 1289 in
1355 1246 1615 1291 orationem

87 1326 145 1370 de
182 1340 365 1375 corona,
399 1324 566 1382 quibus
602 1323 797 1368 aliarum
834 1337 1019 1381 quoque
1052 1322 1313 1366 orationum
1356 1322 1443 1366 loci
1478 1323 1614 1367 multi

87 1401 391 1452 illustrantur,
422 1400 603 1459 scripsit
641 1399 803 1443 Franc.
825 1398 889 1441 W
894 1398 1119 1448 iniewski,
1154 1399 1427 1443 Monasterii
1466 1400 1617 1444 editos

87 1495 125 1523 a.
155 1482 312 1531 1829„
332 1483 458 1522 recte
494 1477 586 1527 ille,
613 1482 665 1520 ut
701 1476 912 1527 arbitror,
940 1475 1157 1533 judicans
1188 1475 1452 1533 hujusmodi
1481 1491 1619 1534 quae-

88 1557 262 1600 stiones
295 1554 602 1613 peculiaribus
639 1553 825 1597 tractari
857 1553 1039 1611 scriptis
1074 1558 1310 1611 praestare
1343 1560 1524 1596 servato
1550 1568 1620 1597 re-

88 1648 192 1676 rum
231 1638 590 1690 temporumque
627 1630 787 1674 ordine
824 1644 961 1688 quam
1004 1628 1186 1673 sublato
1224 1644 1278 1672 eo
1310 1644 1392 1688 per
1426 1635 1619 1674 annota-

90 1710 240 1754 tiones
276 1708 511 1752 frustatim
547 1706 784 1766 explicari.
857 1706 911 1750 In
945 1706 1111 1751 eodem
1148 1706 1395 1750 historicae
1437 1707 1620 1765 exposi-

90 1786 230 1830 tionis
253 1799 424 1845 genere
450 1790 498 1828 et
523 1782 822 1842 chronologia
845 1783 1012 1827 aetatis
1033 1781 1430 1828 Demosthenicae
1452 1784 1619 1827 versati

92 1867 198 1905 sunt
225 1861 271 1904 in
292 1859 535 1904 Britannia
555 1858 618 1903 H.
636 1858 953 1903 F.Cliut0nus
971 1859 1018 1902 in
1044 1859 1218 1902 eximio
1238 1858 1482 1903 Fastorum
1503 1858 1620 1904 Hel-

93 1937 348 1982 lenicorum
387 1951 524 1994 opere
550 1941 597 1980 et
624 1935 676 1980 C.
701 1935 1007 1987 Thirlwallus‚
1042 1936 1356 1980 nobilissimus
1383 1935 1621 1980 Historiae

95 2013 302 2058 Graecae
322 2013 528 2071 scriptor,
548 2013 624 2071 qui
647 2027 718 2056 res
734 2011 1018 2070 Philippicas
1033 2012 1197 2070 quinto
1223 2018 1450 2070 sextoque
1471 2012 1621 2071 operis

95 2090 164 2134 sui
190 2089 427 2133 volumine
458 2089 702 2139 enarravit,
732 2088 779 2130 in
805 2086 1059 2131 Germania
1084 2086 1200 2131 Ant.
1228 2086 1621 2133 Westermannus

96 2168 143 2210 in
168 2165 508 2219 Quaestionum
535 2163 1005 2208 Demosthenicarum
1042 2163 1292 2208 Particulis
1325 2164 1471 2208 tribus
1500 2163 1623 2209 aliis-

97 2258 188 2302 que
224 2241 419 2300 scriptis,
446 2240 497 2285 C.
524 2239 582 2284 G.
609 2240 939 2285 Boehneckius
959 2241 1006 2284 in
1032 2240 1396 2294 Quaestionibus
1430 2241 1487 2285 de
1523 2256 1622 2286 ora-

152 2365 172 2393 b
213 2368 284 2403 lee
322 2369 459 2402 oration
497 2368 543 2415 of
569 2367 825 2402 Demosthenes

98 2444 189 2479 upon
237 2431 294 2466 the
340 2444 468 2473 ereren,
509 2432 708 2467 translated
754 2433 825 2466 into

100 2494 258 2541 Enylislz
284 2495 369 2529 with
397 2501 496 2530 notes
525 2496 595 2530 and
623 2495 680 2530 tlte
713 2495 827 2530 Greek

101 2563 185 2596 tert,
225 2557 267 2604 by
306 2559 431 2606 Hem-y
470 2560 569 2595 Lorcl
610 2559 825 2606 Brouqlzam.

101 2620 272 2661 London,
300 2622 411 2667 1840.
472 2623 575 2658 Idem
606 2623 643 2658 in
671 2635 828 2659 censura

101 2685 418 2731 interpretationis
471 2686 634 2721 Gallicae
686 2687 824 2721 Demo-

103 2748 246 2783 sthenis
284 2749 329 2783 ab
361 2750 514 2796 Augero
545 2750 677 2790 factae,
706 2750 751 2784 ab
789 2750 825 2784 J.

104 2812 282 2847 Planchio
326 2813 556 2860 recognitae,
598 2812 829 2860 (Edinburqlz

104 2875 257 2915 Review‚
290 2875 419 2915 1821„
450 2875 523 2910 vol.
554 2877 634 2921 36.)
671 2876 716 2911 de
750 2882 829 2911 arte

107 2938 264 2973 oratoris
296 2938 414 2974 multa
452 2939 597 2985 scripsit
636 2939 733 2974 lectu
768 2940 827 2986 ju-

893 2366 1036 2401 cunda:
1071 2366 1135 2401 sed
1156 2366 1361 2401 orationem
1380 2366 1621 2413 philippicam

894 2436 1076 2478 quartam,
1092 2431 1171 2478 jam
1192 2431 1380 2466 veteribus
1402 2430 1622 2477 quibusdam

895 2500 1118 2541 suspectam,
1167 2494 1307 2530 frustra
1348 2495 1437 2530 mihi
1476 2495 1624 2529 videtur

896 2559 1105 2594 defendisse
1144 2559 1375 2606 argumentis
1411 2570 1503 2605 quae
1542 2558 1623 2605 quis

895 2622 1002 2657 facile
1023 2628 1142 2658 vertat
1164 2623 1200 2657 in
1222 2622 1464 2657 contrarium.

950 2691 963 2706 ⁰
995 2688 1029 2721 A
1050 2687 1190 2721 Rei-iem
1210 2686 1255 2732 of
1269 2686 1369 2720 Lord
1386 2685 1624 2732 Brouqham’s

897 2750 1109 2785 translation
1130 2749 1175 2795 qs
1188 2749 1246 2783 the
1266 2749 1403 2784 oration
1434 2748 1621 2795 ofDemo-

895 2814 1036 2849 sthenes
1051 2826 1093 2848 on
1114 2813 1172 2848 the
1192 2825 1318 2853 crea-n,
1336 2814 1518 2860 reprinted
1520 2813 1624 2860 from

899 2881 920 2895 ‘⁴
935 2877 1014 2912 The
1038 2876 1189 2912 Times”
1212 2888 1427 2924 newspaper,
1451 2877 1622 2919 London,

903 2951 915 2973 1
928 2939 1013 2985 840.
