1914 3184
262 119 316 157 42
700 117 1097 158 OLYNTHIACA
1133 118 1343 157 PRIMA.

327 232 417 276 15,1
434 235 468 262 2.
493 223 646 263 ἅπαντα
663 226 710 263 τὰ
724 223 951 278 πράγματα]
979 222 1017 261 Ν
1020 237 1072 262 on
1095 222 1145 261 de
1163 221 1275 261 omui
1293 222 1528 263 Chalcidice
1536 223 1774 279 intelligen-

260 278 371 325 dum,
381 279 453 318 sed
461 279 512 318 (le
522 293 682 319 summo
690 279 874 319 omnium
886 293 954 319 re1
957 293 1025 318 um
1035 277 1260 331 Olynthial
1262 292 1331 317 um
1345 278 1537 319 arbitrio.
1557 279 1772 319 SAUPP.

321 346 383 388 15,
417 347 475 387 15.
507 338 628 374 ταῦτα
660 337 734 386 γὰρ
768 336 913 375 ἄπιστα
947 352 979 374 κ.
1002 352 1036 374 τ.
1059 334 1115 386 λ.]
1155 333 1270 374 Oitat
1304 334 1559 388 Theophilus
1593 335 1773 388 Coi-yda-

258 390 346 430 leus
376 406 415 445 p.
439 393 533 438 662,
563 404 623 431 11.
657 391 851 431 REISK.
914 390 1168 431 Scholiastes
1199 389 1253 429 ad
1286 390 1431 443 Eurip.
1465 391 1623 430 Phoen.
1656 393 1772 442 1408.

256 462 295 500 p.
322 459 415 498 290.
439 447 502 486 ed.
528 447 687 487 Matth.
711 447 768 486 Sic
789 447 920 486 citat:
955 447 1030 486 εἰσὶ
1058 449 1106 486 τὰ
1133 449 1209 485 τῶν
1232 449 1446 486 Θετταλῶν
1477 448 1623 486 ἄπιστα
1653 447 1774 496 δήπου

258 504 378 553 φύσει
398 506 529 549 ταῦτα,
554 504 616 542 καὶ
638 503 698 542 ἀεὶ
728 506 850 542 πᾶσιν
876 503 1102 553 ἀνθρώποις.
1167 501 1269 542 Fuit
1300 502 1590 555 proverbium:
1623 502 1707 542 Ἀεὶ
1730 505 1776 542 τὰ

259 562 474 598 Θετταλῶν
488 560 646 598 ἄπιστα.
670 558 726 598 V.
743 558 954 598 scholiast.
972 558 1024 598 ad
1045 557 1452 611 A1·ist0pl1.Plut.52
1467 572 1497 598 1.
1522 558 1773 598 SGHAEF.

260 614 315 653 V.
338 615 495 654 Zenob.
520 615 642 654 Prov.
664 628 703 664 4,
729 628 794 666 29,
839 614 1057 654 Demosth.
1080 629 1120 667 p.
1143 615 1238 666 657,
1265 627 1328 667 25.
1351 616 1458 664 ὑμεῖς
1477 616 1563 664 μὲν,
1588 613 1617 653 ὦ
1639 615 1775 665 ἄνδρες

257 670 471 720 Ἀθηναῖοι,
494 671 635 710 οὐδένα
656 671 901 722 προυδώκατε
924 672 1076 710 πώποτε
1097 674 1173 710 τῶν
1195 671 1336 721 φίλων,
1357 672 1555 711 Θετταλοὶ
1571 672 1613 710 δὲ
1635 670 1775 710 οὐδένα

262 727 409 766 πώποθ’
432 728 566 766 ὅντινα
588 729 644 767 οὔ.

322 795 383 835 15,
415 786 474 821 16.
507 784 625 834 φύσει
648 784 708 822 καὶ
731 782 806 836 ἀεὶ]
846 782 1047 822 Fortasse
1078 782 1438 835 transponendum
1470 784 1589 834 φύσει
1621 782 1681 821 ἀεὶ
1714 782 1775 821 καὶ

262 841 394 884 πᾶσιν,
425 842 472 878 ut
494 854 532 892 p.
565 851 651 891 109,
676 840 714 878 6.
747 840 808 878 ἀεὶ
839 840 901 878 καὶ
932 842 1147 890 πανταχοῦ.
1211 838 1366 891 Diphil.
1397 853 1465 892 ap.
1489 839 1647 878 Athen.
1672 839 1709 878 6.
1732 853 1772 891 p.

262 905 341 948 225
366 895 422 933 A.
446 897 533 934 τόδε
561 894 604 941 δ’,
636 895 834 948 ὡςοὲόικε,
866 895 909 934 τὸ
943 893 1333 946 γένος-ἐπίβουλόν
1362 896 1447 934 ἐστι
1483 896 1527 949 τῇ
1560 895 1678 945 φύσει
1712 894 1773 933 καὶ

262 954 477 1002 πανταχοῦ.
513 950 687 990 DOBR.

322 1019 385 1059 15,
416 1017 475 1059 17.
507 1005 1035 1061 ἀπαιτεῖν-ἐψηφισμένοι]
1070 1006 1185 1046 Citat
1207 1006 1505 1060 grammaticus
1528 1005 1709 1045 Bekkeri
1732 1020 1771 1059 p.

266 1076 282 1101 Ι
296 1076 356 1114 19,
377 1074 417 1115 5.
480 1063 669 1102 Eandem
690 1076 778 1102 rem
798 1062 950 1102 iterum
971 1062 1111 1116 tangit
1132 1068 1276 1102 orator
1298 1063 1468 1116 Olynth.
1494 1075 1529 1102 2.
1552 1077 1591 1115 11.
1617 1075 1681 1109 21,
1710 1075 1772 1113 15.

327 1132 386 1172 15,
414 1131 586 1169 ι9--21,
618 1119 825 1169 ἥκουον-
842 1119 1100 1171 καρποῦσθαι]
1133 1118 1281 1158 Citant
1314 1119 1523 1159 Aristides
1555 1118 1597 1156 111
1622 1117 1774 1157 VValZii

264 1175 388 1214 Rhet.
413 1174 490 1214 vol.
514 1189 552 1220 Q.
574 1190 613 1228 p.
635 1177 731 1226 380,
755 1179 798 1214 et
828 1174 1078 1214 s.:lioli‘astae
1101 1174 1381 1229 Hermogenis
1405 1174 1676 1215 Marcellinus
1697 1174 1773 1213 vol.

263 1245 303 1282 4.
326 1246 365 1284 p.
390 1231 469 1278 88„
493 1231 692 1284 Syrianus
714 1235 757 1270 et
780 1230 960 1301 Sopater
980 1230 1034 1269 ib.
1058 1246 1096 1284 p.
1128 1244 1137 1269 1
1156 1232 1215 1269 18.

327 1300 388 1340 15,
416 1300 479 1326 20.
511 1287 597 1329 τοὺς
626 1286 789 1337 λιμένας
821 1288 881 1326 καὶ
913 1290 979 1328 τὰς
1010 1287 1474 1340 ἀγορας-καρποῦσθαι]
1508 1287 1561 1326 Id
1591 1290 1655 1326 est
1683 1300 1776 1339 por-

265 1343 376 1383 toria
397 1348 439 1382 et
461 1343 679 1393 vectifralia
700 1342 905 1382 meicibus
930 1343 1126 1396 imposita
1148 1358 1216 1396 1111
1205 1358 1253 1382 ae
1285 1342 1325 1381 in
1348 1343 1448 1383 fmis
1479 1348 1577 1383 sunt
1598 1342 1775 1382 venales.

265 1399 321 1438 V.
346 1400 527 1439 Boeekh.
551 1394 703 1439 Oec.on
726 1399 803 1438 v.ol
834 1413 864 1438 1.
887 1414 926 1452 p.
948 1403 1028 1451 336
1053 1413 1166 1452 seqq
1199 1399 1237 1437 Υ
1245 1399 1387 1438 OEM.

329 1457 385 1495 ἔτι
407 1457 586 1508 δώσοιεν]
625 1458 795 1495 ἐπιὸοῖεν
820 1470 886 1509 ap.
914 1455 1134 1508 Syrianum
1168 1460 1212 1495 et
1241 1456 1494 1509 Sopatlumz
1540 1454 1613 1493 sed
1642 1455 1776 1494 ἐπιδώ-

269 1529 380 1551 σοιεν
401 1512 530 1551 codex
555 1512 662 1551 Ven.

333 1581 393 1620 15,
419 1581 484 1610 21.
517 1567 645 1620 κοινὰ]
680 1568 744 1606 De
767 1567 976 1607 Thessalis
998 1567 1163 1607 foedere
1187 1567 1343 1620 junctis
1369 1567 1474 1607 conf.
1500 1566 1775 1607 Schoemann.

271 1624 418 1677 Antiq.
441 1624 552 1677 publ.
576 1625 723 1663 Gra-ee.
747 1626 784 1663 6.
810 1625 846 1675 ᾗ.
877 1637 936 1676 19.
969 1623 1180 1663 SAUPP.

332 1693 393 1733 15,
419 1692 483 1719 22.
516 1679 615 1732 δέοι]
653 1679 812 1720 Debere.
865 1680 1080 1733 Frequens
1110 1679 1175 1719 hic
1196 1694 1294 1719 usus
1316 1678 1492 1732 opta-tivi
1523 1678 1564 1717 in
1587 1678 1775 1719 oratione

270 1736 449 1789 obliqua.
511 1736 730 1775 Demosth.
763 1751 802 1789 p.
835 1749 948 1783 1220,
981 1749 1039 1774 11.
1070 1735 1177 1791 ᾔδειν
1214 1737 1282 1775 οὖν
1314 1737 1372 1774 ὅτι
1405 1736 1514 1776 οὗτος
1547 1736 1620 1784 μὲν
1654 1752 1776 1786 παρα-

268 1795 407 1841 λαβὼν
437 1792 555 1842 αὐτὴν
588 1797 707 1834 κακῶς
733 1792 882 1842 ἤμελλε
911 1792 1222 1844 τριηραρχήσειν.
1264 1792 1351 1831 οὔτε
1378 1794 1450 1842 γὰρ
1472 1794 1521 1844 τῷ
1544 1791 1772 1843 τριηραρχή-

269 1866 359 1898 ματι
382 1850 469 1888 οὔτε
492 1853 571 1890 τοῖς
600 1848 802 1898 ἐπιβαταις
824 1850 885 1887 καὶ
914 1850 958 1902 τῇ
980 1850 1169 1901 ὑπηρεσίᾳ
1193 1848 1390 1899 χρήσοιτο
1428 1848 1552 1888 οὐδεὶς
1579 1849 1653 1898 γὰρ
1676 1848 1775 1900 αὐτῷ

270 1910 498 1954 παραμενοῖ.
559 1920 597 1958 11.
626 1919 638 1943 1
653 1917 744 1953 222,
773 1918 786 1943 1
801 1917 834 1944 2.
857 1907 1069 1944 πλεύσοιτο
1091 1905 1160 1943 οὖν
1182 1905 1221 1943 οἶ
1241 1905 1315 1955 ἐγὼ
1338 1904 1495 1943 κελεύω.
1546 1903 1774 1956 eodemque

269 1961 393 1999 modo
424 1960 702 2014 ἐῴη11.12.19,
728 1973 792 2013 23.
856 1961 1002 2014 Lysias
1024 1975 1061 2013 p.
1090 1973 1179 2012 130,
1202 1973 1269 2013 3¹·
1304 1962 1422 1999 οἴοιτο
1451 1961 1491 1998 δὲ
1522 1960 1582 1998 καὶ
1608 1961 1710 1998 ἄλλο
1741 1976 1776 1999 τι

273 2017 422 2067 ἀγαθὸν
450 2020 553 2067 παρὰ
576 1990 891 2066 Λακεδαιμονίων
916 2019 959 2066 τῇ
988 2018 1102 2055 πόλει
1132 2016 1376 2067 εὑρήσεσθαι.
1438 2015 1623 2068 Thucyd.
1649 2028 1687 2063 2,
1711 2026 1776 2067 72.

270 2076 406 2114 παῖδες
425 2075 499 2123 γὰρ
522 2078 635 2123 σφῶν
665 2075 725 2113 καὶ
749 2077 928 2124 γυναῖκες
949 2071 1035 2123 παρ’
1067 2074 1227 2114 ἐκείνοις
1256 2074 1404 2122 εἴησαν.
1467 2072 1621 2111 Strabo
1648 2084 1710 2110 10.
1734 2086 1774 2124 p.

270 2130 366 2177 486.
391 2129 623 2180 έλεγε-ὄτι
644 2130 858 2179 πρεσβεύοι
885 2130 971 2180 περὶ
998 2132 1214 2179 κουφισμοῦ
1237 2131 1304 2167 τοῦ
1326 2130 1459 2178 φόρου·
1489 2131 1642 2167 τελοῖεν
1668 2127 1776 2176 (libri

272 2184 499 2223 deteriores
533 2189 681 2233 τελεῖν)
716 2187 790 2235 γὰρ
825 2187 997 2237 δραχμὰς
1026 2185 1164 2224 ἑκατὸν
1191 2184 1443 2232 πεντήκοντα.
1506 2183 1777 2237 Tl‘agicorum

272 2245 315 2280 et
338 2240 525 2279 Platonis
551 2241 739 2293 exempla
759 2241 898 2303 quaed
903 2255 969 2280 am
1000 2240 1145 2280 attulit
1174 2240 1383 2280 Matthiae
1406 2240 1590 2279 [flamm.
1623 2241 1659 2291 ξ.
1679 2250 1776 2292 529,

272 2309 312 2348 3.
385 2296 654 2336 Recentimes
691 2296 913 2348 scliptores
950 2296 1184 2348 hujusmodi
1225 2296 1266 2334 in
1302 2295 1401 2335 locis
1441 2296 1488 2335 ἂν
1527 2295 1778 2348 palticulanl

273 2352 427 2391 addere
448 2352 593 2391 solent.
654 2352 721 2391 Sic
744 2352 972 2405 Piocoplus
991 2352 1154 2391 Hist01
1176 2352 1254 2391 1111.
1275 2364 1310 2391 2.
1332 2367 1372 2404 11.
1395 2353 1482 2399 180,
1500 2365 1539 2400 4.
1562 2352 1625 2391 ed.
1646 2366 1775 2399 meae,

274 2409 293 2446 ὁ
326 2410 367 2446 δε
399 2409 466 2447 οὐκ
499 2408 573 2458 ἔφη
601 2409 752 2447 δώσειν·
804 2409 911 2457 ἥδιον
933 2410 1006 2458 γὰρ
1041 2407 1088 2446 ἂν
1118 2408 1251 2448 αὐτοὺς
1289 2409 1327 2449 ἐς
1361 2407 1403 2446 τὸ
1438 2406 1646 2457 Τιβέριδος
1677 2410 1776 2457 ὕδωρ

274 2463 503 2513 ἐμβάλλοι
493 2482 514 2513 η
535 2465 585 2517 τῷ
610 2465 806 2516 Πρεσιδίῳ
828 2465 961 2513 διδοίη.
1006 2463 1259 2516 Similitqut
1265 2478 1286 2503 e
1307 2463 1383 2502 x(.)l
1411 2475 1651 2516 Ι.11.19,7.

337 2530 398 2572 15,
424 2532 488 2573 23.
521 2520 973 2570 εἰ-ἀποστερηθησεται
1003 2519 1159 2558 Rtiskii
1188 2534 1351 2573 quoquc
1380 2519 1541 2558 codices
1564 2518 1775 2572 plerique:

274 2575 395 2629 pauci
419 2576 755 2629 εἰ-ἀποστερηθῆ
776 2590 869 2614 cum
888 2589 1062 2629 gramm.
1087 2575 1265 2614 Bekkeri
1288 2575 1446 2614 Anecd.
1468 2590 1507 2629 p.
1536 2588 1546 2613 1
1568 2589 1625 2628 19,
1649 2577 1686 2613 6.

333 2631 730 2681 εἶς-καταστήσεται
760 2631 904 2671 citavit
939 2631 1244 2671 Marcellinus
1235 2646 1276 2670 111
1303 2631 1359 2669 W
1362 2631 1454 2671 alzii
1486 2631 1609 2670 Rhet.
1642 2630 1717 2670 vol.
1739 2644 1778 2680 4.

274 2702 313 2740 P·
338 2700 432 2739 754·

339 2755 400 2795 15,
427 2755 490 2792 24.
522 2744 670 2793 τροφὰς
700 2746 778 2784 τοῖς
808 2743 949 2795 ξένοις]
984 2742 1142 2783 Eadem
1171 2742 1480 2784 constructione
1501 2757 1540 2796 p.
1569 2754 1686 2795 1255,
1715 2744 1776 2789 16,

276 2801 422 2849 τροφὰς
442 2800 567 2848 μητρί.
590 2798 687 2838 Alia
709 2799 966 2852 comparavit
989 2799 1261 2839 Schoemann.
1284 2799 1337 2839 ad
1361 2798 1526 2838 Isaeum
1546 2813 1585 2851 p.
1612 2801 1704 2848 264.

341 2867 400 2906 15,
428 2867 490 2906 25.
533 2855 640 2893 ἀλλὰ
671 2854 746 2903 μὴν
765 2854 1041 2908 -Ἰλλυριόν]
1083 2855 1226 2895 Oitant
1266 2854 1391 2894 schol.
1426 2854 1558 2893 Arist.
1591 2853 1775 2893 Acharn.

278 2910 373 2961 338.
397 2909 464 2948 ubi
488 2910 538 2948 de
561 2923 731 2949 numero
753 2909 949 2962 singulari
981 2911 1156 2950 nominis
1186 2910 1351 2963 gentilis
1377 2925 1452 2963 pro
1472 2909 1618 2962 plurali
1640 2909 1776 2962 posito
