1935 3205
632 152 753 192 PRA
772 151 1037 192 EFA'l‘ll).
1542 152 1592 191 lix

132 260 303 295 Tertium
326 260 591 307 Augustauuni
624 259 774 306 appello
806 272 905 299 Cum,
929 259 992 305 qui
1014 257 1185 304 Catalogi
1211 257 1447 292 Rcusncrani
1472 270 1507 304 p.
1534 267 1594 302 77.

80 337 118 359 n.
144 336 175 358 2.
197 324 366 372 signatus
391 331 460 362 cst,
485 331 522 357 ct
543 323 792 370 Olynthiacas
823 330 859 357 ct
892 322 1118 369 Philippicas
1150 334 1272 368 paene
1303 329 1407 356 tenet
1438 333 1594 361 omnen

80 401 167 422 nain
201 388 238 423 in
267 396 358 422 orat.
384 387 564 422 adversus
589 387 748 434 Philippi
771 386 969 433 epistolam
993 399 1028 433 p.
1053 398 1115 431 90,
1145 397 1202 432 25.
1227 385 1263 420 in
1287 398 1379 420 voce
1407 386 1508 420 αὐτὸς
1532 385 1597 419 (lc-

80 452 240 487 sinebat.
301 452 427 487 sodex
452 465 526 486 uon
558 451 684 499 magni
706 450 914 491 faciendus,
937 450 983 486 ab
1004 450 1172 490 indocto,
1195 449 1331 496 supino
1353 457 1389 484 ct
1411 449 1597 484 oblivioso

80 516 233 550 librario
264 524 450 555 exaratus,
479 528 592 549 manu
625 513 783 549 sordida.
844 513 1000 550 Scholia
1021 513 1207 561 quaedam
1239 513 1429 560 adscripta
1459 513 1596 559 passim

80 587 189 615 crant
218 580 253 614 in
286 579 518 626 marginibus
548 579 695 625 liquore
725 579 852 619 rubro,
876 578 940 613 sed
967 578 1020 613 ita
1043 577 1183 625 pallido
1206 585 1243 612 ct
1265 576 1439 617 evanido,
1463 584 1503 611 ut
1525 575 1596 625 legi

82 642 293 690 nequirent.
353 643 601 678 Orationibus
624 642 848 689 quibusdam
880 642 1052 690 subjecta
1082 649 1190 676 erant
1220 641 1365 676 scholia
1395 653 1438 676 ex
1466 640 1597 688 Ulpia-

82 707 163 742 ncis
190 715 380 755 excerpta,
404 715 618 742 atramento
646 706 798 753 scripta,
820 706 955 741 eodem
983 714 1115 741 tenore
1145 718 1231 740 cum
1263 705 1412 752 reliquo
1440 716 1597 752 corpore

81 771 309 806 orationum.
354 771 495 806 Parum
517 770 607 805 mihi
629 769 771 817 profuit
791 769 852 804 liic
874 769 1004 810 codex,
1027 769 1090 816 qui
1113 768 1236 804 nullas
1257 768 1454 807 lectiones,
1478 767 1598 802 bonas

82 835 249 882 quidem,
272 834 470 883 suggessit,
494 846 586 880 quas
606 833 644 868 in
667 833 749 868 aliis
770 845 845 868 non
868 832 1107 880 reperissem.
1156 832 1230 867 Sed
1253 832 1353 867 idem
1377 840 1483 866 tanto
1506 831 1596 865 mihi

81 898 204 933 carior
232 897 316 937 fuit,
346 897 447 945 quod
482 898 604 945 prima
637 909 723 944 pars
756 896 867 945 hujus
897 896 1039 931 codicis
1069 895 1252 943 pleraque
1288 903 1393 930 tenet
1424 894 1597 930 Aristidis

82 961 239 997 mirifice
259 961 432 1009 pleniora
453 970 490 997 et
513 960 788 1001 emendatoria,
811 973 924 1008 quam
946 967 1034 995 sunt
1056 958 1292 1007 exemplaria
1311 959 1466 1007 vulgata
1486 959 1597 1007 hujus

81 1026 268 1065 auctoris;
300 1025 402 1061 unde
429 1024 589 1060 studebo
609 1024 761 1060 Aristidi
783 1036 936 1071 quoque
964 1024 1162 1059 meliorem
1191 1022 1397 1070 aliquando
1419 1022 1507 1057 dare
1531 1022 1596 1056 ha-

82 1089 216 1130 bitum,
240 1090 270 1125 si
291 1089 372 1124 vita
391 1095 569 1136 suppetet
590 1096 627 1124 et
647 1088 750 1124 Deus
771 1096 908 1136 coepta
928 1087 1149 1123 fortunabit.
1201 1088 1320 1123 Ambo
1341 1095 1516 1122 auctores
1545 1086 1596 1126 hi,

82 1153 263 1189 Aristides
297 1161 412 1200 atque
448 1152 743 1194 Demosthenes,
774 1152 811 1186 in
850 1151 960 1186 Italia
993 1152 1134 1186 exarati
1169 1159 1257 1186 sunt
1292 1151 1392 1186 circa
1424 1158 1598 1197 tempora

82 1217 275 1253 nascentis
305 1216 593 1265 typographiae,
626 1216 690 1251 sed
722 1228 743 1250 a
771 1215 932 1251 librariis
962 1215 1132 1251 diversis.
1194 1214 1273 1255 Ille,
1302 1214 1365 1261 qui
1395 1212 1596 1249 Aristidem

83 1281 266 1322 exaravit,
288 1280 357 1316 fuit
377 1281 435 1315 vir
460 1280 606 1321 doctus,
630 1280 804 1328 diligens,
831 1280 978 1328 magnis
1007 1280 1250 1327 pulchrisque
1280 1278 1397 1313 literis
1429 1290 1529 1318 usus,
1561 1285 1599 1312 et

83 1345 257 1380 facilibus
287 1345 403 1383 lectu,
435 1352 473 1380 et
504 1344 550 1379 ad
583 1343 785 1392 legendum
817 1343 1082 1383 invitantibus,
1112 1343 1183 1378 nisi
1208 1342 1309 1390 quod
1340 1349 1597 1377 atramentum

83 1409 389 1456 pallidiusculum
411 1408 543 1443 oculos
563 1407 708 1456 fatiget.
768 1407 911 1442 Omnia
931 1407 1011 1442 sine
1032 1406 1195 1442 scholiis.

137 1474 327 1517 Quartum
359 1472 508 1520 appello
540 1471 711 1507 codicem
742 1473 1004 1520 Augustanum
1040 1471 1161 1512 illum,
1188 1470 1250 1518 qui
1278 1483 1314 1518 p.
1340 1469 1400 1516 78.
1424 1468 1596 1517 Catalogi

84 1537 320 1572 Reusnerani
341 1549 376 1571 n.
403 1537 438 1571 S.
461 1535 632 1585 signatus
663 1543 732 1577 est,
754 1543 792 1571 et
821 1535 875 1570 nil
907 1535 977 1570 nisi
1005 1535 1208 1570 Demosth.
1231 1547 1285 1570 or.
1307 1546 1375 1581 pro
1396 1545 1538 1569 corona
1563 1541 1600 1568 et

83 1599 253 1635 Aristidis
275 1600 597 1636 Panathenaicam
620 1607 738 1640 tenet,
762 1599 932 1648 ejusdem
964 1599 1111 1641 aetatis,
1133 1607 1247 1646 atque
1267 1598 1414 1638 tertius,
1436 1597 1599 1644 scriptus

82 1665 173 1699 item
196 1665 234 1699 in
257 1664 380 1705 Italia,
402 1663 439 1699 id
462 1664 561 1711 quod
584 1664 715 1699 charta
738 1663 877 1711 prodit,
899 1663 1027 1698 medio
1049 1671 1114 1698 aut
1135 1671 1317 1712 vergente
1338 1661 1488 1697 saeculo
1510 1660 1598 1696 XV.

84 1728 303 1764 Grandibus
322 1728 441 1763 literis
462 1735 499 1764 et
520 1727 706 1763 similibus
727 1727 814 1767 illis,
837 1727 972 1774 quibus
992 1726 1186 1767 Aristides,
1204 1727 1251 1762 de
1267 1739 1342 1774 quo
1363 1725 1476 1760 modo
1498 1725 1598 1760 dice-

84 1793 184 1833 bam,
203 1800 376 1828 exaratus
398 1800 466 1833 est,
488 1804 510 1826 a
530 1792 678 1827 diversa
697 1799 825 1826 tamen
850 1803 987 1831 manu;
1019 1804 1145 1838 neque
1170 1790 1270 1826 idem
1296 1789 1472 1825 librarius
1493 1789 1597 1824 vide-

85 1858 196 1892 batur
217 1856 428 1891 orationem
459 1868 527 1903 pro
557 1867 699 1890 corona
729 1867 901 1890 exarasse
932 1863 1046 1902 atque
1075 1854 1411 1890 Panathenaicam.
1471 1853 1598 1888 Etiam

84 1921 144 1956 hic
166 1920 282 1956 codex
305 1919 455 1954 scholiis
477 1927 590 1954 caret.
636 1918 769 1954 Oratio
790 1931 857 1966 pro
879 1931 1019 1954 corona
1040 1918 1220 1954 convenit
1242 1930 1327 1953 cum
1349 1919 1446 1964 Aug.
1465 1917 1599 1964 primo.

86 1984 240 2020 Contuli
262 1984 362 2018 huuc
383 1983 552 2018 codicem
573 1982 682 2017 initio
704 1982 845 2017 mensis
865 1982 957 2017 ,Iulii
983 1982 1091 2028 1768.

139 2048 326 2091 Quintum
357 2046 507 2094 appello
529 2048 790 2095 Augustanum
821 2045 993 2081 codicem
1020 2058 1055 2092 p.
1082 2046 1143 2090 78.
1166 2046 1248 2080 Cat.
1270 2044 1457 2079 Reusner.
1479 2056 1517 2079 n.
1543 2056 1599 2091 ¹9·

87 2112 290 2160 signatum,
310 2111 348 2145 in
371 2118 506 2157 quarto
536 2109 740 2149 ordinario,
772 2121 793 2143 a
822 2121 936 2144 manu
966 2109 1230 2145 recentissima
1258 2108 1399 2144 saeculi
1426 2107 1514 2142 XV.
1537 2119 1600 2142 ex-

88 2175 213 2210 euntis
234 2182 441 2214 exaratum,
463 2174 590 2208 minus
618 2173 786 2220 pulchris
814 2173 946 2214 literis,
970 2186 991 2208 a
1014 2172 1167 2208 librario
1198 2173 1352 2208 indocto
1379 2180 1415 2207 et
1444 2172 1601 2207 mirifice

88 2239 235 2286 supino,
256 2238 320 2273 sed
343 2250 387 2273 ex
408 2237 481 2272 alio
502 2237 669 2284 optimae
694 2246 810 2272 notae
831 2237 999 2272 ductum.
1060 2237 1253 2272 Convenit
1273 2249 1360 2271 cum
1381 2238 1602 2284 Augustano

88 2301 210 2349 primo
230 2313 352 2349 paene
373 2301 418 2336 ad
441 2300 602 2342 literam,
625 2301 696 2336 nisi
716 2301 781 2336 ubi
803 2301 951 2336 mendis
972 2301 1108 2336 calami
1129 2307 1405 2348 conspurcatus
1427 2308 1496 2340 est,
1519 2299 1602 2346 qui-

89 2365 158 2401 bus
187 2373 321 2401 scatet.
379 2364 492 2400 Caret
521 2366 614 2400 item
644 2365 704 2400 hic
734 2365 899 2400 scholiis.
956 2365 1080 2400 Tenet
1106 2365 1298 2400 orationes
1320 2364 1502 2411 quasdam
1527 2363 1602 2398 De-

89 2429 299 2464 mosthenis
320 2429 425 2464 nullo
441 2428 606 2469 delectu,
623 2429 695 2465 hoc
717 2428 868 2464 ordine:
906 2441 933 2464 1.
952 2428 1199 2476 Epitaphium
1222 2427 1444 2467 Demosth.;
1480 2439 1510 2461 2.
1529 2427 1601 2474 Ly-

89 2492 166 2528 siae
186 2491 411 2533 funebrem;
442 2504 478 2538 3.
501 2492 775 2528 Demosthenis
796 2493 889 2528 duas
908 2493 946 2527 in
969 2491 1290 2540 Aristogitonem;
1322 2504 1357 2537 4.
1380 2504 1433 2525 or.
1455 2491 1493 2525 iu
1516 2490 1601 2525 Cal·

89 2555 243 2598 liclem,·
275 2568 310 2603 5.
333 2556 524 2591 orationes
545 2556 638 2592 duas
663 2557 700 2592 in
722 2556 938 2604 Aphobum,
961 2556 1121 2603 primam
1145 2564 1182 2591 et
1202 2554 1430 2593 secundarm
1463 2557 1497 2591 6.
1520 2566 1602 2588 ora-

90 2620 214 2654 tiones
234 2619 327 2655 duas
351 2620 388 2654 in
411 2619 632 2655 Onetorem.
693 2619 799 2655 Haec
822 2632 841 2655 e
864 2619 1140 2659 Demosthene,
1164 2631 1326 2665 quorum
1356 2617 1601 2652 collationem

90 2682 237 2718 absolvi
261 2682 322 2718 die
349 2695 395 2718 20
417 2683 512 2718 Maii
534 2683 646 2729 1768.
705 2683 949 2729 Quamquam
984 2682 1105 2718 codex
1138 2682 1199 2717 hic
1234 2694 1319 2717 cum
1355 2682 1448 2729 Aug.
1479 2680 1602 2728 primo

90 2758 212 2793 paene
242 2746 281 2781 in
312 2746 489 2782 omnibus
519 2747 721 2787 consentit,
749 2754 789 2781 ut
817 2746 936 2781 videri
966 2745 1086 2793 possit
1116 2758 1160 2780 ex
1191 2758 1236 2780 eo
1266 2744 1477 2791 descriptus
1507 2756 1600 2783 esse,

91 2810 226 2857 nequit
259 2818 386 2845 tamen
420 2809 509 2846 inde
543 2817 690 2845 sumtus
721 2821 814 2849 esse,
848 2809 936 2856 quia
966 2817 1192 2858 argumenta
1223 2808 1338 2844 habet
1367 2807 1602 2842 orationibus

91 2873 272 2920 praefixa,
300 2874 438 2920 quibus
470 2872 701 2923 argumentis
735 2873 880 2920 primus
910 2880 1025 2908 caret.
1085 2872 1215 2908 Habet
1245 2871 1306 2906 hic
1336 2871 1458 2906 codex
1488 2870 1601 2906 etiam

92 2937 165 2972 alia
195 2937 369 2978 aliorum,
402 2949 497 2984 quae
533 2935 705 2973 conferre
740 2948 865 2983 neque
898 2936 1032 2977 otium,
1065 2947 1187 2983 neque
1217 2935 1365 2971 animus
1394 2933 1477 2976 fuit,
1507 2934 1602 2970 haec

1614 1226 1705 1248 LXIX
