1950 3210
701 139 812 177 l’Ro
844 138 1093 177 (wmoNA.
1566 141 1641 179 5311

136 256 175 295 p.
197 255 288 295 232.
317 246 413 291 21.)·
448 243 555 281 ἔστιν
577 243 646 281 οὖν
667 244 763 281 ὅπου
785 243 834 281 σὺ
855 244 988 293 παρὼν
1009 243 1186 292 τοιαύτην
1208 246 1344 292 πρᾶξιν
1367 242 1386 291 ἦ
1409 244 1647 293 συμμαχίαν,

136 300 272 347 ἡλίκην
288 301 356 338 νῦν
371 298 540 352 διεξῄεις,
556 301 655 348 ὁρῶν
669 300 957 349 ἀφαιρούμενον
975 301 1039 347 τῆς
1052 300 1218 343 πόλεως,
1237 300 1296 337 καὶ
1313 298 1411 348 ε’ξης.
1438 302 1533 338 κατὰ
1551 302 1590 338 δὲ
1607 300 1649 338 τὸ

135 354 260 395 τέλος·
294 355 340 403 ἦν
360 355 492 403 μέντοι
515 359 580 393 τοῦ
603 356 748 393 δικαίου
781 356 940 393 πολίτου
962 355 1048 393 τότε
1070 354 1218 405 λέγειν,
1239 355 1289 403 μὴ
1314 358 1382 393 νῦν
1406 356 1593 404 ἐπιτιμᾶν.
1629 357 1648 393 ὁ
1694 381 1699 386 -

135 412 209 461 γὰρ
232 413 527 459 συμβουλεύων,
554 411 613 449 καὶ
636 412 880 460 ἑξῆς.--περὶ
907 412 946 449 δὲ
970 414 1034 459 τῆς
1062 411 1246 460 ἐργασίας
1275 412 1385 449 τοῦτο
1405 416 1547 460 φαμεν.
1583 413 1648 450 δύο

135 468 220 505 τινὰ
242 468 328 516 περὶ
351 467 442 505 αὐτὸ
465 470 677 517 θεωρεῖται,
693 467 871 518 ῥᾳστώνη
892 468 965 515 μὲν
982 468 1022 504 ἐκ
1045 469 1111 505 τοῦ
1127 468 1319 516 παρόντος
1337 468 1491 518 χρόνου,
1510 467 1649 518 δυσχέ-

133 539 217 571 ρεια
245 525 284 561 δὲ
312 524 351 561 ἐκ
378 526 445 561 τοῦ
471 522 748 573 παρελθόντος,
774 523 868 561 οἷον·
903 524 936 561 εἰ
957 521 1044 571 παρ’
1069 523 1165 561 αὐτὰ
1194 522 1429 571 τάδικήματα
1458 522 1646 574 ἠλέγχθη,

136 583 194 630 (1).
226 590 317 629 229,
343 580 444 628 20),
474 579 677 631 ῥᾳστώνην
706 578 813 629 εἶχεν
835 579 856 627 ἡ
886 580 1106 628 κατηγορία.
1139 577 1360 630 χαλεπότης
1393 578 1435 617 δέ
1464 580 1572 617 ἐστιν
1607 581 1647 617 ἐκ

133 638 208 672 τῶν
232 635 276 685 (f.
301 636 386 683 τοῦ)
409 637 505 683 μετὰ
526 636 671 686 χρόνον
691 635 863 683 ῥηθῆναι,
888 635 1020 684 ὥσπερ
1052 635 1071 671 ὁ
1097 634 1353 682 Δημοσθένης
1377 638 1433 687 (p.
1462 647 1553 686 230,
1578 638 1646 685 Ι.)·

134 690 194 728 καὶ
217 691 379 739 ὁπηνίκα
403 691 586 741 ἐφαίνετο
610 693 728 728 ταῦτα
750 694 870 728 ποιῶν
901 691 963 728 καὶ
993 693 1130 728 τοῦτον
1157 691 1225 728 τὸν
1246 691 1390 739 τρόπον
1411 690 1648 741 κεχρημένος

132 750 211 786 τοῖς
233 746 326 796 πρὸς
357 747 437 795 ἐμὲ,
460 745 699 796 ὡμολογεῖτο
732 745 780 784 ἂν
811 746 832 794 ἡ
866 747 1074 795 κατηγορία
1106 750 1184 786 τοῖς
1212 747 1340 795 ἔργοις
1362 747 1490 785 αὐτοῦ.
1525 750 1593 785 νῦν
1616 748 1646 784 δ’

133 803 273 843 ἐκστας
304 819 369 851 της
389 803 504 852 ὀρθῆς
535 802 595 840 καὶ
627 803 772 842 δικαίας
798 802 1009 839 ὁδοῦ-και
1043 818 1089 839 τα
1119 806 1209 840 λοιπ
1216 819 1250 840 α.
1285 805 1344 840 δεῖ
1374 801 1403 840 ὃ
1428 803 1468 840 ἐν
1499 803 1647 842 τούτοις

132 859 193 896 καὶ
225 875 270 897 τα
305 874 352 897 αι
356 874 583 897 τιπιπτοντα
609 858 733 903 λύειν,
754 858 886 904 ὥσπερ
913 874 932 894 ο
956 857 1080 898 αὐτός.
1115 858 1178 895 ἵια
1199 860 1273 908 γὰρ
1294 875 1345 906 μη
1373 874 1428 898 τις
1460 858 1559 927 λεγη
1587 860 1646 896 ὅτι

130 930 151 961 η
178 912 223 952 δι
258 915 466 953 ἐπιείκειαν
488 913 530 951 οὐ
553 911 830 962 κατηγόρησεν
854 930 876 961 η
899 912 942 951 δι
967 914 1284 963 ἀπραγμοσύιην,
1308 930 1330 961 η
1359 914 1417 952 ότι
1443 914 1510 952 οὐκ
1533 914 1645 965 ὲτυχε

129 985 276 1018 παρων,
299 987 321 1018 η
343 970 401 1008 ότι
432 969 518 1019 περὶ
539 972 694 1018 μικρῶν,
719 967 740 1017 η
762 970 820 1008 ὅτι
847 969 914 1007 οὐκ
942 985 983 1007 ει
986 985 1095 1017 οησε,
1118 970 1205 1007 λύει
1226 969 1353 1007 πάντα
1374 972 1494 1008 ταῦτα
1515 975 1644 1018 Δημο-

129 1025 270 1074 σθενης
292 1026 410 1066 οὕτως
434 1026 559 1064 εἰπών.
596 1041 664 1073 τηι
697 1041 769 1073 μεν
801 1026 1009 1064 ἐπιείκειαν
1030 1027 1148 1065 οὕτως
1173 1026 1225 1077 (p.
1252 1036 1345 1074 229,
1371 1037 1435 1078 293
1444 1028 1471 1074 )·
1506 1026 1549 1064 οὐ
1571 1028 1645 1076 γὰρ

129 1081 173 1129 δη
207 1084 466 1131 Κτησιφῶντα
497 1083 569 1130 μὲν
603 1082 762 1120 δύναται
795 1082 958 1126 διώκειν,
989 1082 1054 1129 ἐμὲ
1087 1080 1117 1118 δ’
1122 1082 1262 1131 ,εἰπερ
1295 1081 1473 1129 ἠδύνατο
1497 1082 1563 1120 οὐκ
1597 1081 1645 1120 ἂν

129 1136 343 1188 ε’ργάψατο.
409 1137 510 1188 (lliL
533 1136 700 1176 vistur
729 1136 886 1188 aliquid
922 1137 1064 1176 ‹lecssL
1070 1139 1098 1185 .)
1134 1141 1212 1178 πῶς
1243 1139 1316 1187 γὰρ
1351 1137 1565 1188 απράγμων
1596 1137 1644 1176 ἂν

128 1194 276 1241 δόξειεν
299 1192 411 1238 εἶναι,
436 1193 476 1234 ὃς
500 1194 560 1232 καὶ
582 1192 626 1232 δι
652 1194 718 1242 ἐμὲ
741 1193 949 1243 πράγματα
980 1194 1156 1245 παρέχον
1180 1192 1209 1243 (l
1247 1193 1448 1261 παρεχειθ)
1477 1193 1644 1243 ἑτέροις;

127 1250 174 1288 τὰ
191 1250 230 1287 δε
247 1251 368 1288 λοιπα
384 1249 511 1288 πάιτα
528 1248 573 1287 δι’
598 1249 683 1290 ενὸς
705 1250 823 1289 οὕτως
846 1255 902 1301 (p
926 1261 1017 1300 232.
1040 1262 1104 1289 21.
1112 1250 1142 1296 )'
1179 1249 1286 1287 ἔστιν
1307 1249 1358 1287 ὄπ
1360 1266 1403 1288 ου
1422 1251 1482 1288 καὶ
1505 1249 1554 1288 σὺ
1575 1265 1644 1288 πα-

125 1305 204 1354 ρὼν
225 1306 457 1354 τηλικαύτην
488 1306 596 1354 τάξιν
619 1304 730 1356 (sic),
754 1305 891 1354 ἡλίκην
924 1307 991 1344 νῦν
1025 1303 1263 1357 ετραγῳδεις.
1297 1306 1358 1343 διὰ
1378 1321 1450 1354 μεν
1479 1322 1553 1355 γαρ
1576 1321 1643 1343 του

126 1361 260 1409 παρών
281 1362 367 1400 λύει
389 1361 431 1399 τὸ
454 1362 498 1400 οὐ
521 1363 661 1411 παρῆν,
683 1363 744 1400 διὰ
766 1362 805 1399 δὲ
825 1363 890 1399 τοῦ
912 1362 1156 1409 τηλικαύτην,
1173 1362 1232 1399 ὅτι
1254 1361 1297 1399 οὐ
1317 1363 1432 1411 μικρὰ
1453 1359 1475 1409 ἦ
1497 1362 1642 1411 φαύλη,

126 1418 187 1454 διὰ
209 1417 249 1455 δὲ
273 1420 339 1455 τοῦ
373 1420 440 1455 νῦν
464 1416 693 1470 ἐτραγῴδεις
724 1416 766 1454 τὸ
789 1418 846 1455 ὅτι
877 1417 945 1455 οὐκ
977 1415 1154 1465 ἐνόησας,
1179 1416 1198 1455 ὃ
1230 1418 1454 1465 πεποίηκας.
1518 1416 1643 1456 Adde

125 1471 283 1524 reliqua
316 1472 369 1511 ad
411 1472 534 1512 finem
576 1471 875 1518 annotationis.
911 1486 1018 1524 quae
1052 1486 1159 1511 nunc
1195 1472 1310 1525 piget
1343 1472 1641 1511 transcribere.

126 1527 316 1566 REISK.
351 1529 395 1567 οὐ
418 1530 756 1579 γὰρ-ἐγράψατο
791 1528 977 1567 citantur
1002 1543 1027 1567 a
1051 1527 1219 1567 Tiberio
1242 1542 1279 1581 p.
1303 1541 1371 1573 42.
1395 1532 1438 1567 et
1459 1543 1483 1567 a
1505 1543 1641 1581 gram-

123 1584 279 1623 matico
302 1584 533 1623 Hermanni
569 1599 608 1637 p.
632 1587 730 1636 367.
794 1584 933 1636 Hujus
966 1590 1107 1624 autem
1133 1584 1307 1623 membri
1331 1583 1400 1636 qui
1429 1584 1482 1623 sit
1511 1599 1641 1623 nexus

123 1653 215 1678 cum
237 1640 504 1694 antegressis,
530 1640 708 1693 Sopater
728 1639 862 1693 perite
884 1640 1080 1679 ostendit.
1145 1639 1477 1679 SCHAEFER.

184 1707 275 1745 229,
302 1708 364 1748 23.
389 1695 529 1749 δήπου]
554 1697 598 1745 δὴ
621 1695 824 1735 Tiberius.
888 1696 1220 1736 SCHAEFER.

178 1752 269 1804 μὲν]
299 1752 472 1792 Omittit
494 1752 729 1792 Hermanni
749 1752 1061 1805 grammaticus.
1124 1752 1457 1792 SCHAEFER.

183 1819 275 1860 229,
301 1821 364 1856 24.
403 1808 643 1860 ἐξελεγξειν]
679 1809 905 1860 ἐξελέγχειν
928 1808 1045 1848 αὐτὸν
1065 1823 1128 1862 gl
1117 1809 1366 1848 amlnaticus
1390 1808 1637 1848 Hermanni.

182 1875 274 1913 229,
308 1866 371 1903 28.
405 1863 599 1927 τιμωρίαι]
638 1864 804 1903 Poenae
838 1864 997 1917 ngibus
1031 1865 1300 1904 constitutae.
1363 1865 1464 1904 Cum
1497 1869 1636 1904 autem

121 1933 255 1971 neque
277 1919 355 1959 hae
376 1920 481 1958 sumi
505 1934 592 1959 sme
609 1915 777 1973 judiciis
794 1920 966 1982 possint.
987 1925 1029 1959 et
1051 1920 1091 1958 in
1114 1920 1164 1959 iis
1187 1921 1356 1963 caussis
1376 1920 1444 1959 ubi
1467 1920 1532 1959 lex
1555 1935 1638 1959 non

120 1989 183 2028 p1
172 1975 391 2028 ‘Lescnpslt
427 1990 615 2028 poenam,
648 1975 810 2028 judiLes
844 1975 920 2029 ipsi
955 1978 1097 2025 τίμημα
1130 1976 1294 2015 ‹IL-cerm
1296 1983 1370 2022 mt.
1408 1976 1570 2029 pergit:
1605 1983 1638 2016 et

120 2044 351 2070 caussarum
368 2032 620 2071 contentiones
637 2031 852 2083 (ftj'elt‘licl‘a,
868 2045 966 2084 quae
975 2046 1050 2084 {lm
1059 2046 1117 2070 ces
1123 2038 1293 2084 possunt
1312 2032 1488 2085 L'tffla'foere
1503 2046 1636 2079 naras„

120 2085 161 2124 in
184 2087 378 2135 ἀτιμήτοις
399 2088 524 2138 ἀγῶσι
546 2093 661 2140 puta.
677 2087 709 2126 si
731 2087 917 2140 gravium
941 2101 1057 2126 remn
1075 2087 1318 2126 delictorum
1342 2088 1510 2126 noxium
1528 2088 1637 2140 judi-

120 2147 232 2190 cant,
254 2142 295 2180 in
317 2147 501 2192 τιμητοῖς,
523 2157 615 2182 cum
638 2149 856 2196 praetcrea
878 2157 1011 2182 noxae
1036 2143 1367 2196 magnitudinem
1390 2143 1635 2183 decernant.

120 2198 341 2237 Caeterum
363 2201 409 2237 τᾶ
432 2200 601 2248 ἐπιτίμια
622 2207 719 2238 sunt
742 2198 908 2238 omnino
931 2213 1035 2252 quae
1058 2199 1149 2251 quis
1170 2199 1281 2238 luere
1304 2199 1440 2241 debet.
1460 2199 1544 2238 sive
1567 2200 1636 2238 de-

119 2253 218 2292 beat
232 2257 372 2293 παθεῖν
392 2254 477 2293 sive
495 2256 690 2302 ἀποτῖσαι,
707 2254 756 2294 cf.
780 2254 926 2293 Meicr.
947 2259 989 2294 ct
1007 2254 1282 2295 Schoemann.
1302 2255 1353 2294 de
1368 2255 1457 2307 jud.
1477 2255 1634 2294 Athen.

119 2323 157 2361 p.
183 2321 277 2362 739.
342 2309 562 2349 DISSEN.

175 2366 397 2416 πικρὰ-τὰ
431 2367 616 2418 ἐπιτίμια]
655 2366 861 2419 Georgius
898 2366 1139 2420 Leoapenus
1171 2367 1371 2420 Excerpt.
1404 2381 1455 2406 ex
1483 2368 1633 2406 Gram-

118 2424 219 2459 mat.
241 2435 281 2473 p.
305 2433 369 2470 77.
393 2435 414 2460 e
438 2421 720 2461 Demosthene
752 2422 887 2462 citans
916 2424 992 2462 εἰσὶ
1015 2421 1126 2471 νόμοι
1146 2423 1274 2473 βαρέα
1301 2423 1505 2463 τάττοντες
1525 2424 1635 2462 τάπι-

118 2477 222 2525 τίμια
244 2476 410 2515 videtur
431 2477 539 2516 hune
560 2477 695 2516 locum
716 2476 932 2530 respicere.
996 2478 1329 2518 SCHAEFER.

177 2543 270 2583 230,
301 2544 331 2570 1.
368 2532 429 2570 καὶ
451 2534 615 2581 ὁπηνίκα
637 2534 818 2583 ἐφαίνετο
845 2550 877 2571 κ.
900 2550 932 2571 τ.
955 2533 1014 2586 λ.]
1049 2533 1164 2573 Citat
1188 2533 1380 2586 Sopater.
1415 2533 1467 2571 V.
1492 2532 1632 2571 Reisk.

117 2586 171 2625 ad
192 2601 232 2639 p.
258 2599 350 2638 229,
376 2599 440 2638 23.
503 2587 835 2627 SCHAEFER.

175 2641 410 2695 πεποιηκὼς]
437 2642 663 2695 Perperam
685 2647 806 2682 ποιῶν
829 2643 1018 2695 Sopater.
1082 2643 1414 2682 SCHAEFER.

178 2709 269 2749 230.
310 2709 345 2746 7.
382 2699 643 2749 ὑποκρίνεται]
687 2697 950 2737 Histrionem
985 2697 1086 2751 agit.
1125 2697 1193 2751 qui
1231 2702 1428 2750 quaestus
1462 2698 1498 2737 ei
1535 2699 1632 2737 olim

116 2752 331 2791 familiaris
352 2757 455 2793 erat.
480 2753 518 2791 h.
541 2767 575 2792 e.
597 2752 775 2792 alienam
797 2767 1017 2805 personam
1040 2752 1186 2799 induit.
1208 2767 1287 2791 non
1312 2754 1422 2792 bona
1443 2753 1536 2799 fide.
1560 2754 1633 2793 sed

116 2807 225 2847 mala
257 2807 404 2847 fraude
438 2808 538 2861 agit.
600 2808 917 2861 Ctesiphontem
950 2813 1132 2848 accusat.
1169 2822 1292 2860 quem
1323 2808 1488 2848 laedere
1519 2809 1631 2848 nullo

161 2936 175 2951 ι’
199 2928 313 2957 Malim
326 2927 454 2958 :—e'l'vac
469 2928 726 2967 ὁ-παρέχων-.
759 2929 1008 2958 SCHAEFER.
1037 2929 1087 2958 Sic
1102 2939 1150 2967 ap.
1167 2929 1328 2958 W'alzium
1346 2928 1405 2958 vol.
1423 2942 1450 2966 4.
1470 2940 1499 2968 p.
1513 2939 1586 2967 321.
