1914 3184
288 119 343 156 20
815 119 1269 159 PROLEGOMENA

287 235 324 273 p.
359 233 415 269 12,
449 233 510 274 17.
545 223 617 262 Διὸ
649 224 709 263 καὶ
742 225 896 274 σφόδρα
932 227 992 264 δεῖ
1020 227 1104 263 τῶν
1135 227 1321 270 λοιπῶν,
1355 223 1383 263 ὦ
1416 225 1551 276 ἄνδρες
1577 224 1791 276 Ἀθηναῖοι,

288 279 616 327 φροντίσαι.-εἰ
651 281 692 318 δὲ
727 282 978 330 προησόμεθα
1014 280 1084 319 καὶ
1118 281 1305 321 τούτους
1337 281 1422 321 τοὺς
1455 281 1691 332 ἀνθρώπους,
1726 281 1791 321 εἶτ’

282 331 485 373 ”Ολυνθον
506 336 652 376 ἐκεῖνος
675 336 999 386 καταστρέψεται,
1015 335 1203 386 φρασάτω
1225 336 1282 377 τίς
1300 353 1364 385 μοι
1385 340 1461 376 cet.
1479 352 1517 390 p.
1536 348 1641 390 ¹7⁷7·
1666 337 1794 377 πάντα

287 388 331 437 δὴ
353 393 471 429 ταῦτα
493 394 553 430 δεῖ
571 392 798 432 συνιδόντας
820 391 992 432 ἅπαντας
1017 395 1181 440 βοηθεῖν
1208 393 1269 431 καὶ
1300 393 1500 431 ἀπωθεῖν
1532 395 1684 433 ἐκεῖσε
1716 393 1795 432 τὸν

286 446 502 495 πόλεμον.
557 446 715 496 Quibus
737 447 778 485 in
800 446 936 486 verbis
953 447 1063 501 quod
1086 449 1255 487 ἀπωθεῖν
1276 452 1420 488 orator
1441 448 1559 493 dixit,
1577 449 1619 488 id
1640 448 1792 489 indicio

286 500 386 539 mihi
419 515 507 542 esse
538 502 702 542 videtur
732 503 783 542 de
811 502 917 542 bello
948 503 1014 557 agi
1047 503 1230 542 nondum
1262 504 1315 543 ab
1348 504 1676 545 Atheniensibus
1707 519 1793 544 sus-

286 561 419 609 cepto,
441 558 514 597 sed
536 563 625 597 tum
650 558 830 598 maxime
858 558 898 597 in
927 558 996 599 illa
1025 559 1115 599 loca
1140 559 1441 608 transferendo,
1464 574 1515 600 ne
1537 560 1579 599 in
1602 561 1792 601 Atticam

287 611 418 665 ipsam
440 613 663 668 ingrueret.

347 674 369 690 “
388 669 491 709 Cum
514 669 576 708 his
597 670 629 709 si
652 685 700 710 ea
722 671 1038 725 comparaveris,
1055 686 1160 725 quae
1181 671 1222 710 in
1244 671 1372 712 tertia
1393 672 1581 712 oratione
1600 672 1791 726 (Dionys.

289 725 344 775 2.)
367 724 392 763 l.
415 725 438 764 l.
465 726 518 765 ad
550 727 747 780 populum
778 727 1035 767 incitandum
1066 728 1316 768 documenta
1352 733 1494 768 orator
1524 728 1710 782 protulit,
1743 743 1792 769 ea

285 785 383 820 sunt
413 781 661 835 hujusmodi„
691 788 738 824 ut
766 783 1023 823 voluntatem
1053 784 1218 837 quidem
1248 784 1456 836 Olynthiis
1487 784 1719 838 opitulandi
1750 784 1792 824 in

285 836 441 876 civibus
462 838 597 886 fuisse.
621 854 695 879 nec
717 840 883 879 omnino
905 840 979 879 hos
1001 840 1180 880 defuisse
1205 840 1336 887 sociis,
1360 845 1548 881 attamen
1576 855 1659 880 11011
1685 855 1789 887 eam,

286 907 411 946 quam
442 899 632 948 tempora
667 896 938 949 requirerent,
967 896 1115 935 virium
1146 897 1454 936 contentionem
1485 897 1707 937 contulisse
1738 897 1791 937 ad

285 963 350 988 res
385 952 589 1003 gerendas
624 967 798 1006 arguere
832 952 1062 992 videantur.
1127 953 1234 993 Nam
1270 952 1376 992 illius
1411 953 1652 993 memoriam
1688 959 1791 993 tem-

286 1005 397 1057 poris
433 1007 473 1045 in
509 1007 765 1048 audientium
801 1009 961 1048 animos
997 1013 1175 1057 revocat,
1210 1008 1293 1056 ubi,
1330 1009 1482 1049 bellum
1520 1009 1713 1063 Philippo
1749 1010 1791 1049 in

287 1061 465 1102 Thracia
504 1069 676 1117 gerente
714 1064 1008 1117 Horaeumque
1049 1065 1263 1105 castellum
1304 1070 1584 1119 oppugnante,
1618 1080 1791 1120 magnas

286 1117 565 1159 Athenienses
606 1120 745 1174 copias
782 1126 823 1161 et
860 1121 1138 1175 quadraginta
1177 1121 1366 1161 triremes
1407 1122 1615 1174 parandas
1649 1136 1790 1162 censu-

286 1179 419 1222 erunt,
452 1190 547 1215 mox
579 1191 686 1224 vero,
721 1177 770 1216 de
806 1178 951 1217 morbo
986 1177 1094 1231 regis
1126 1177 1188 1217 vel
1224 1177 1350 1217 etiam
1386 1184 1520 1218 morte
1556 1178 1791 1218 rumoribus

284 1231 450 1283 sparsis,
479 1233 583 1272 adeo
612 1233 908 1273 deferbuerunt
939 1233 1077 1281 animi,
1105 1239 1152 1273 ut
1183 1234 1391 1287 integrum
1420 1234 1605 1274 cunctati
1636 1249 1790 1274 annum

286 1301 360 1340 pro
383 1287 620 1341 ingentibus
649 1290 723 1329 illis
752 1290 882 1343 copiis
908 1295 1075 1329 tenuem
1103 1295 1230 1344 atque
1261 1290 1425 1344 inopem
1447 1290 1675 1330 exercitum
1696 1290 1790 1331 mit-

285 1348 435 1383 terent.
498 1346 640 1398 Atque
671 1346 771 1386 haec
801 1346 932 1393 simili,
956 1351 1002 1386 ut
1031 1361 1167 1400 supra,
1190 1346 1418 1386 monitione
1438 1347 1492 1386 ad
1515 1361 1715 1395 caussam,
1739 1347 1791 1387 de

285 1414 366 1452 qua
398 1404 485 1439 tum
517 1403 733 1455 agebatur,
760 1404 1026 1446 transferens.
1052 1407 1119 1442 νῦν
1151 1402 1180 1441 δ’
1198 1403 1329 1452 ἑτέρου
1363 1403 1549 1453 πολέμου,
1573 1403 1708 1457 inquit
1730 1406 1788 1457 (p.

286 1468 353 1507 30,
379 1455 450 1504 8.),
479 1458 606 1508 καιρὸς
631 1459 713 1508 ἥκει
734 1475 789 1500 τις
810 1460 931 1504 οὗτος,
960 1458 1008 1498 δι’
1031 1458 1080 1498 ὃν
1114 1460 1183 1498 καὶ
1214 1459 1313 1509 περὶ
1344 1460 1511 1498 τούτων
1543 1460 1787 1509 ἐμνήσθην,

286 1512 358 1551 ἵνα
387 1513 443 1561 μὴ
474 1514 611 1553 ταύτὰ
642 1514 824 1564 πάθητε.
886 1515 952 1553 Ex
983 1515 1057 1561 his.
1085 1515 1219 1561 credO.
1244 1515 1333 1568 capi
1365 1516 1606 1568 conjectura
1635 1520 1787 1569 potest,

286 1582 367 1620 quo
404 1574 592 1623 tempore
632 1571 732 1610 haec
769 1576 832 1610 est
867 1570 1001 1610 oratio
1043 1571 1199 1615 habita.
1236 1575 1473 1625 susceptum
1509 1572 1596 1624 jam
1638 1572 1789 1612 bellum

285 1624 506 1678 copiasque
529 1626 674 1666 missas
697 1626 904 1679 Olynthiis
932 1627 1085 1667 auxilio
1116 1627 1251 1675 fuisse,
1275 1627 1346 1666 sed
1375 1642 1456 1667 non
1482 1632 1638 1676 tantas,
1661 1642 1788 1681 quan-

285 1686 351 1719 tas
387 1695 525 1720 rerum
563 1683 787 1722 necessitas
820 1683 1043 1736 flagitaret.
1114 1683 1201 1722 Nisi
1237 1689 1392 1723 temere
1428 1684 1662 1737 raptimque
1696 1699 1788 1738 gra-

285 1735 495 1777 vissimum
521 1743 729 1779 oratorem
761 1743 955 1792 putamus
985 1739 1241 1793 agendarum
1270 1754 1408 1779 rerum
1434 1740 1683 1780 documenta
1709 1741 1788 1780 col-

284 1791 441 1845 legisse.
466 1809 546 1833 non
569 1810 628 1839 ea.
653 1810 758 1848 quae
779 1796 924 1849 cuique
950 1800 992 1835 et
1015 1795 1191 1849 tempori
1214 1801 1256 1836 et
1277 1810 1446 1835 caussae
1473 1801 1611 1836 essent
1631 1811 1788 1837 accom-

286 1849 582 1890 modatissima.

345 1912 367 1926 ‘⁶
385 1905 581 1958 Ejusdem
600 1908 759 1961 primae
780 1909 981 1948 orationis
997 1908 1188 1962 (Dionys.
1206 1911 1267 1962 3.)
1287 1914 1384 1948 sunt
1401 1909 1559 1962 aliquot
1576 1909 1664 1953 loci.
1680 1910 1789 1949 unde

284 1961 386 2000 satis
426 1963 627 2015 probabili
664 1964 1027 2018 argumentatione
1063 1965 1306 2004 concludere
1341 1964 1474 2011 liceat.
1512 1965 1620 2005 circa
1654 1965 1788 2019 ipsum

287 2017 471 2070 Olynthii
494 2020 587 2059 belli
611 2020 773 2060 initium
796 2035 886 2060 eam
908 2036 995 2061 esse
1017 2021 1217 2061 habitam.

345 2080 367 2094 “
391 2074 481 2124 Quo
508 2080 695 2129 tempore
722 2077 824 2117 haec
855 2077 990 2117 oratio
1024 2077 1170 2117 habita
1201 2082 1276 2125 est,
1299 2092 1348 2117 eo
1370 2077 1629 2118 Chalcidicae
1651 2079 1789 2126 urbes,

284 2129 483 2169 societate
503 2146 551 2170 ac
572 2133 737 2172 foedere
758 2148 849 2172 011111
873 2133 1080 2186 Olynthiis
1097 2134 1267 2186 junctae
1287 2133 1357 2185 (de
1379 2134 1466 2173 fals,
1489 2133 1612 2187 legat.
1630 2149 1671 2187 p.
1689 2146 1786 2188 425,

291 2186 336 2223 18
369 2192 411 2225 et
443 2201 481 2239 p.
511 2191 605 2233 426,
637 2191 695 2239 o).
734 2190 916 2228 nondum
954 2189 994 2227 in
1030 2189 1209 2243 Philippi
1247 2189 1446 2229 ditionem
1482 2196 1786 2230 concesserant.

286 2239 393 2279 Nam
421 2257 460 2295 p.
494 2257 549 2292 14.
575 2256 713 2296 5—17
740 2245 1054 2290 Demosthenes.
1089 2245 1295 2285 rationem
1325 2246 1495 2300 gerendi
1531 2246 1625 2285 belli
1661 2247 1787 2300 expli-

284 2310 394 2343 canS„
424 2298 626 2352 duplicem
656 2300 742 2340 vult
773 2301 1002 2340 exercitum
1033 2301 1183 2353 parari,
1217 2315 1337 2340 unum
1368 2302 1437 2354 qni
1467 2303 1643 2341 civitates
1667 2302 1786 2355 Olyn-

281 2351 451 2391 thiormm
474 2355 598 2394 socias
619 2362 776 2395 tueatur
799 2360 883 2407 (τὰς
903 2358 1039 2398 πόλεις
1060 2361 1137 2398 τοῖς
1157 2356 1380 2398 Ὀλυνθίοις
1402 2359 1572 2407 σώζειν),
1595 2358 1784 2407 alterum,

284 2408 352 2461 qui
375 2408 506 2462 ipsam
527 2411 635 2464 regis
656 2416 811 2452 terram
834 2412 1003 2452 invadat
1024 2418 1149 2465 atque
1172 2413 1403 2466 populetur.
1461 2414 1622 2453 Servari
1645 2418 1786 2454 autem

284 2465 405 2504 urbes
442 2480 522 2505 non
558 2468 803 2520 potuissent7
839 2468 869 2506 si
906 2469 993 2521 jam
1028 2472 1176 2521 captae
1211 2484 1237 2508 a
1271 2483 1368 2522 rege
1402 2469 1588 2509 fuissent.
1652 2470 1785 2524 Atqui

282 2525 419 2560 totum
441 2522 590 2562 bellum
609 2524 862 2577 Olynthium,
887 2525 1004 2578 cujus
1026 2524 1188 2564 initium
1207 2525 1373 2576 Ol.107.
1389 2540 1427 2575 4,
1450 2526 1574 2565 finem
1595 2526 1784 2579 proximo

282 2590 391 2616 anno
409 2577 471 2617 Ol.
497 2580 585 2624 108.
615 2593 641 2626 1,
663 2581 819 2620 factum
841 2595 929 2620 esse
953 2581 1159 2620 Diodorus
1182 2581 1342 2621 Siculus
1363 2581 1537 2621 tradidit
1561 2584 1646 2633 (16.
1665 2597 1698 2622 c.
1715 2596 1783 2635 52,

281 2635 369 2685 53).
402 2648 482 2673 non
514 2636 688 2675 multum
720 2636 829 2676 ultra
860 2637 979 2676 unius
1012 2637 1107 2676 unni
1142 2637 1322 2691 spatium
1353 2643 1588 2678 extractum
1619 2642 1706 2678 est:
1742 2639 1784 2678 id

282 2690 391 2740 quod
418 2691 548 2730 nostri
578 2692 755 2732 oratoris
787 2692 1058 2733 confirmatur
1088 2694 1352 2740 auctoritate,
1376 2694 1443 2748 qui
1472 2694 1654 2733 nondum
1681 2694 1784 2734 inte—

278 2759 353 2795 gro
386 2750 598 2787 transacto
630 2763 738 2788 anno
770 2749 897 2788 refert
928 2749 1117 2789 civitates
1144 2749 1401 2790 Chalcidicas
1432 2765 1573 2790 omnes
1604 2750 1644 2788 in
1675 2750 1782 2803 regis

280 2805 532 2851 potestatem
564 2805 824 2844 concessisse.
865 2806 949 2857 (De
973 2806 1061 2845 fals.
1084 2806 1205 2860 legat.
1233 2821 1270 2859 p.
1294 2809 1390 2855 42¹5,
1417 2808 1497 2856 ¹.3)·
1561 2807 1782 2846 Caeterum

281 2855 382 2894 istas
414 2858 629 2911 plerasque
661 2860 895 2913 proditione
922 2866 1066 2914 captas
1094 2866 1181 2901 tam
1213 2862 1296 2901 cito
1322 2867 1363 2901 et
1386 2862 1502 2915 quasi
1524 2861 1718 2901 certatim
1739 2876 1782 2901 se

282 2910 320 2949 in
344 2914 450 2966 regis
476 2914 598 2954 fidem
624 2916 839 2963 dedidisse.
866 2922 910 2956 ut
938 2932 1019 2957 non
1052 2918 1223 2957 haberet
1246 2932 1369 2970 quam
1400 2918 1574 2970 primam
1599 2922 1779 2971 caperet,
