1934 3179
317 119 401 157 520
718 120 797 160 DE
831 120 1025 161 FALSA
1060 120 1418 161 LEGATIONE.

317 238 464 263 caussa
496 230 727 265 vacantem.
760 226 951 266 REISK.
1014 227 1156 267 Etiam
1191 227 1233 266 in
1271 225 1823 280 111d.Graecit.:“><‹2›pzs‚

318 293 504 319 seorsum
544 285 739 321 sumtum.
745 283 768 300 ’⁹
832 282 940 322 Mire
981 282 1197 336 impedivit
1232 283 1355 337 quod,
1393 281 1469 322 nisi
1509 281 1622 322 aliud
1658 282 1826 346 egisset,

318 335 490 376 vidisset
512 351 601 377 esse
627 337 747 391 longe
773 338 1142 391 expeditissimum.
1205 338 1422 378 Genitivus
1447 339 1592 378 τούτων
1612 339 1773 393 regitur
1802 353 1828 380 a

317 392 626 446 praepositione
646 395 774 445 χωρίς.
835 393 903 433 Sic
924 395 1041 446 χωρὶς
1061 395 1208 434 τούτων
1228 410 1268 448 p.
1291 395 1386 447 388,
1419 407 1478 447 [5.
1541 395 1606 434 Pr
1607 402 1714 435 aeter
1733 395 1828 436 haec

318 448 394 488 (luo
418 462 464 488 ow
487 462 609 488 emaum
637 449 797 501 quidem
824 449 943 489 aliud
970 450 1034 490 hio
1060 450 1183 491 locum
1207 449 1329 490 habet.
1390 452 1543 490 Ausser
1569 450 1698 491 diesen
1721 465 1829 504 zwey

317 504 463 544 Fauen
479 503 562 558 αἱόϊ
582 518 620 544 es
639 503 791 557 kierbej
805 505 1131 560 sokleckterclinqs
1146 507 1281 546 mnan
1302 506 1461 546 dmtten.
1524 506 1716 570 Apparet
1737 521 1827 548 ora—

317 560 421 599 toris
442 559 707 600 ratiocinium
734 574 824 601 esse
851 565 939 601 tam
966 562 1245 616 perspicuum,
1266 567 1314 603 ut
1341 562 1589 602 luculentius
1609 563 1826 617 veriusque

316 615 490 669 cogitari
513 630 595 655 non
616 617 760 670 possit.
823 617 1075 658 SGHAEF.

373 683 469 724 374,
497 685 559 711 ΙΟ.
594 672 773 722 εὐήθειαν
800 674 862 713 καὶ
886 673 1102 728 πραότητα]
1138 674 1320 714 Thomas
1344 674 1403 714 M.
1432 689 1471 728 p.
1494 675 1590 727 382.
1618 687 1650 713 s.
1671 689 1706 714 v.
1731 676 1828 726 Εὔη-

316 730 380 769 θες
397 730 572 780 ε-παρὰ
597 730 638 768 δὲ
661 729 909 779 Δημοσθένει
937 732 991 772 εἷς
1016 732 1276 783 χρηστότητος
1301 729 1408 780 τάξιν
1434 734 1568 770 κεῖται·
1602 730 1670 780 τὴν
1695 731 1827 781 ἡμετέ-

315 800 389 833 ραν
411 783 588 834 εὐήθειαν
611 784 671 824 καὶ
693 787 1005 856 φιλανθρωπίαν.
1037 786 1107 826 ubi
1135 787 1254 827 codd.
1283 785 1484 838 ὑμετέραν.
1517 786 1586 836 τὴν
1607 790 1827 838 φιλανθρω-

316 840 408 879 πίαν
431 840 490 880 καὶ
511 840 581 890 τὴν
601 842 797 892 πραότητα
824 842 893 892 τὴν
920 842 1110 893 ὑμετέραν
1131 858 1169 896 p.
1194 845 1291 895 716,
1315 844 1378 882 26.
1443 842 1522 893 Qui
1543 842 1656 882 locus
1678 843 1825 884 Gram-

315 894 457 935 matici
479 896 703 937 memmiae
723 897 901 938 fortasse
922 898 1042 938 simul
1064 899 1378 940 obversabatur.
1444 898 1700 939 SOHAEF.

372 962 470 1004 374,
499 964 559 993 12.
581 954 737 1006 τοῦτον]
767 954 1032 994 Aeschinem.

372 1018 558 1061 374,13.
594 1009 799 1072 πρότερον]
832 1009 854 1059 ὴ
879 1012 1066 1062 Αἰσχίνης
1092 1011 1260 1051 scilicet.
1323 1011 1464 1062 Quivis
1485 1011 1527 1050 in
1548 1012 1826 1051 accusandum

316 1062 556 1117 Philippum
606 1065 775 1118 pronior
824 1070 889 1106 est
930 1081 1053 1119 quam
1096 1067 1338 1107 Aeschines.
1393 1066 1642 1108 SEAGER.
1707 1067 1823 1108 Diar.

315 1118 482 1160 Classic.
503 1131 571 1173 54.
594 1136 633 1174 p.
658 1133 752 1173 225.

371 1186 466 1228 374,
490 1179 552 1216 16.
576 1177 665 1231 ἰδία]
690 1177 753 1217 Ut
777 1178 1007 1219 Aeschines
1029 1178 1149 1227 foret,
1174 1179 1206 1219 si
1228 1195 1253 1220 a
1271 1179 1466 1233 Philippo
1486 1179 1633 1219 fraude
1654 1178 1826 1219 circum-

314 1236 460 1272 ventus
481 1238 603 1273 esset.
665 1233 918 1274 SOHAEF.

370 1298 466 1340 374,
497 1290 557 1329 18.
581 1289 840 1344 ἐξηπατήθην]
866 1290 1122 1332 Scholiastae
1146 1291 1424 1345 Hermogenis
1445 1306 1483 1345 p.
1512 1292 1604 1341 148,
1627 1291 1664 1331 8.
1697 1293 1717 1330 ὁ
1736 1291 1826 1341 μέν·

312 1360 371 1383 τοι
394 1345 651 1396 Δημοσθένης
673 1347 733 1386 καὶ
754 1348 802 1386 τὰ
825 1348 868 1386 ἐν
888 1348 1021 1398 λόγοις
1048 1349 1144 1387 κατὰ
1171 1349 1239 1389 τὰς
1266 1348 1506 1389 ἀντιθετικὰς
1534 1348 1689 1395 ἔλυσεν,
1712 1347 1762 1389 ὡς
1784 1348 1827 1387 ἐν

312 1401 363 1453 τῷ
388 1400 465 1439 κατ’
490 1403 681 1454 Αἰσχίνου
702 1402 842 1454 λέγων,
860 1404 918 1442 ὅτι
941 1407 1089 1445 Φωκεῖς
1111 1405 1224 1443 αἴτιοι
1245 1406 1313 1443 τοῦ
1334 1404 1567 1444 ἀπολέσθαι·
1601 1404 1695 1454 ὅπερ
1719 1403 1827 1443 ἐστὶν

313 1456 682 1507 ἀντεγκληματικόν.
726 1459 788 1497 καὶ
823 1461 1132 1510 Λακεδαιμόνιοι·
1176 1460 1270 1510 ὅπερ
1307 1460 1391 1499 ἐστὶ
1422 1460 1717 1510 μεταστατικόν.
1765 1460 1827 1499 καὶ

313 1513 562 1562 Χερρόνησος
584 1515 758 1562 σώζεται·
791 1515 885 1565 ὅπερ
908 1516 1016 1555 ἐστὶν
1044 1517 1325 1555 ἀντιστατικόν.
1358 1517 1420 1555 καὶ
1442 1515 1697 1566 ἐξηπατήθην·
1730 1516 1825 1566 ὅπερ

314 1568 398 1606 ἐστὶ
431 1571 761 1620 συγγνωμονικόν.
793 1575 835 1610 et
868 1585 907 1623 p.
938 1573 1027 1623 163,
1057 1584 1117 1610 ΙΙ.
1180 1571 1460 1624 Porphyrius:
1497 1570 1751 1622 Δημοσθένης
1782 1572 1825 1611 ἐν

312 1625 363 1676 τῷ
397 1627 732 1675 παραπρεσβείας,
760 1625 949 1677 λέγοντος
980 1628 1171 1678 Αἰσχίνου
1203 1628 1290 1678 περὶ
1322 1627 1492 1667 Φωκέων
1521 1628 1580 1666 ὅτι
1611 1626 1823 1677 ἠπατήθην,

311 1680 383 1729 ὅρα
413 1683 492 1721 πῶς
525 1681 697 1731 ἐκβολὴν
730 1682 940 1731 ἐποιήσατο
971 1685 1038 1722 τοῦ
1070 1683 1282 1734 χρώματος.
1321 1683 1398 1722 ἔδει
1430 1684 1560 1722 τοίνυν
1590 1686 1721 1732 μισεῖν
1754 1682 1822 1722 τὸν

312 1734 577 1784 ἀπατήσαντα.
611 1738 717 1776 ἀλλὰ
749 1754 825 1786 μην
859 1738 903 1776 οὐ
930 1743 1068 1788 μισεῖς.
1101 1739 1169 1777 οὐκ
1195 1739 1269 1789 ἄρα
1296 1738 1502 1788 ἠπατηθης.
1505 1755 1625 1778 -και
1653 1740 1672 1777 ὁ
1696 1743 1824 1788 Δημο-

311 1790 452 1840 σθένης
479 1793 519 1840 ἐξ
546 1793 795 1843 ἀναιρέσεως·
828 1794 974 1833 τούτων
1001 1794 1137 1833 οὐδένα
1164 1795 1289 1834 ἀκούω
1316 1798 1391 1834 τῶν
1417 1795 1561 1846 λόγων,
1585 1794 1672 1834 οὐδὲ
1699 1795 1820 1844 ὑμεῖς.

314 1845 508 1887 REISK.

367 1915 461 1955 375,
503 1916 536 1942 2.
591 1906 792 1945 Φιλιππου
825 1905 1093 1956 Ἀμφικτύονα
1134 1905 1253 1959 εἶναι]
1303 1906 1520 1960 Philippus
1555 1906 1675 1946 finito
1715 1905 1823 1946 bello

310 1959 438 1998 ’·1(1νο1
441 1973 510 1998 sus
526 1959 762 2000 Phocenses
779 1961 1098 2025 Amphictyon
1088 1976 1129 2001 111
1151 1962 1228 2001 1101·
1230 1976 1299 2001 11111
1320 1962 1456 2001 10011111
1477 1966 1643 2002 creatus
1663 1962 1823 2016 legatos

312 2014 505 2056 Athenas
541 2030 704 2070 quoque
735 2017 862 2066 misit,
896 2022 943 2057 ut
978 2018 1154 2080 populus
1186 2018 1458 2058 Atheniensis
1492 2018 1572 2058 hoe
1609 2018 1823 2057 decretum

310 2070 663 2112 e‹)nfir1na1et.V.
673 2087 721 2112 ar
722 2087 832 2126 gum.
848 2088 896 2112 01
898 2072 1052 2114 ationis
1067 2074 1117 2113 de
1131 2088 1232 2127 11100
1248 2089 1421 2127 lps‘tque
1435 2074 1584 2114 oratio.
1602 2073 1820 2113 GREVE.

367 2137 417 2179 37
423 2140 462 2179 5
488 2138 523 2180 7.
547 2129 737 2169 οὗτος--ὁ
760 2128 822 2182 δε]
852 2129 1370 2184 Aeschines—Philippus.

368 2192 463 2235 375,
492 2197 553 2222 ΙΙ.
577 2187 758 2226 Θεσπιᾶς
781 2202 840 2224 και
863 2185 1082 2238 Πλαταιάς]
1107 2186 1162 2224 V.
1186 2186 1241 2225 ad
1261 2201 1300 2239 p.
1323 2198 1391 2240 59,

367 2238 435 2276 τὸν
469 2239 714 2290 Ορχομενον
755 2241 817 2279 καὶ
857 2258 927 2289 την
969 2242 1211 2292 Κορώνειαν]
1256 2242 1349 2282 Has
1390 2241 1498 2281 enim
1539 2242 1662 2281 urbes
1703 2255 1822 2282 Occu-

310 2307 399 2346 par
388 2297 462 2333 ant
485 2294 734 2341 Phocenses,
758 2296 867 2334 unde
889 2296 1070 2336 Boeotos
1097 2297 1166 2336 diu
1198 2297 1513 2338 infestaverhmt
1577 2297 1630 2337 V.
1663 2313 1703 2351 p.
1724 2300 1821 2351 387.

311 2354 353 2389 et
376 2348 727 2404 Β10(101.16,58.
789 2351 1006 2391 GREVE.

367 2416 461 2458 375,
486 2418 547 2459 13.
571 2407 917 2456 ἀντεῖπεν-ὃιηρε
933 2408 976 2446 τὸ
999 2409 1142 2470 στόμα]
1171 2408 1419 2463 ‚Junguntur
1434 2408 1560 2449 etiam
1582 2424 1621 2463 p
1637 2421 1732 2463 405,
1753 2411 1817 2449 26.

311 2461 440 2511 διάρας
473 2464 519 2501 τὰ
552 2463 666 2514 χείλη
700 2477 721 2502 0
744 2463 1025 2503 Demosthene
1059 2463 1162 2504 citat
1196 2466 1493 2518 grammaticus
1516 2465 1749 2506 Hermanni
1780 2481 1819 2519 p.

309 2519 406 2569 358.
469 2517 720 2558 SOHAEF.

365 2585 463 2626 375,
492 2587 553 2625 15
578 2575 637 2614 καὶ
658 2575 1031 2627 οὐχὶ-τηλικοῦτον
1053 2575 1114 2628 ὃν]
1145 2576 1197 2616 V.
1221 2577 1275 2616 ad
1296 2591 1335 2629 p.
1367 2588 1453 2630 125,
1479 2589 1516 2618 2.

366 2640 417 2683 37
422 2643 461 2682 5,
492 2632 552 2669 16.
587 2635 745 2671 συνεῖπε
771 2630 909 2685 μόνος]
947 2632 1041 2685 Ipse
1067 2636 1208 2672 tamen
1232 2632 1534 2673 Demosthenes
1561 2633 1602 2672 in
1630 2632 1818 2673 oratione

309 2685 360 2724 <le
382 2700 483 2739 pace
506 2685 833 2727 Atheniensibus
860 2688 992 2728 suasit
1015 2692 1061 2728 ut
1091 2688 1205 2741 pacis
1233 2690 1540 2729 conservandae
1568 2703 1715 2729 C‘tussa
1740 2689 1818 2729 hoc

308 2741 521 2781 decretum
543 2742 849 2792 00111110101·,0111;
874 2745 1194 2796 (11101οἩ111013011
1226 2745 1460 2798 zugumenti
1490 2745 1595 2785 illius
1617 2744 1817 2785 orationis

308 2797 465 2850 scripta
487 2797 664 2851 quidem,
687 2813 770 2839 non
790 2804 931 2840 tamen
954 2800 1066 2840 dicta
1086 2800 1211 2840 fuisse
1233 2801 1420 2847 videtui,
1455 2816 1537 2841 non
1563 2801 1670 2841 enim
1691 2815 1817 2841 ausus

309 2858 418 2892 (sset
441 2854 640 2893 Aeschini
662 2854 760 2894 illud
783 2855 962 2908 objicere
985 2856 1126 2909 quod
1116 2871 1202 2910 ipse
1223 2857 1400 2897 fecisset.
1463 2857 1676 2897 GREVE.

366 2922 460 2960 375,
502 2911 561 2948 18.
599 2912 887 2963 θορυβούντων]
932 2912 1034 2951 Mox
1068 2927 1103 2951 v.
1144 2925 1206 2955 22.
1239 2913 1324 2955 τοὺς
1361 2917 1632 2965 θορυβοῦντας.
1695 2911 1813 2962 Quod
