1935 3205
682 698 711 736 1⁴]
725 698 765 737 X
777 699 808 738 U
823 698 854 737 E
867 698 901 737 R
920 698 949 737 Ρ
960 699 993 737 Τ
1008 700 1038 737 Α

833 833 883 854 Ex

227 933 334 981 ιΙΟ.
371 933 518 981 JAC.
558 931 846 980 REISKII
888 930 1481 981 PRAEFATIONEss.

1648 1187 1773 1218 Rfflsx.

93 1248 402 1283 DEMOSTHENEM
435 1247 546 1283 edere
578 1260 620 1283 ex
653 1248 812 1283 oratoris
843 1256 880 1284 et
910 1250 961 1284 rei
992 1248 1174 1297 dignitate
1205 1261 1319 1296 quam
1355 1249 1400 1283 sit
1435 1247 1691 1297 arduum,p.1

93 1312 245 1347 tametsi
276 1324 352 1346 non
384 1311 612 1360 ignorarem,
644 1324 770 1359 neque
800 1325 861 1349 me
891 1312 1041 1362 fugeret
1070 1313 1214 1362 ingenii
1249 1313 1325 1348 mei
1356 1311 1609 1351 mediocritas,

93 1387 191 1422 quae
225 1388 248 1410 a
281 1388 346 1423 spe
382 1383 512 1412 tantae
548 1376 669 1412 laudis
704 1377 836 1425 procul
871 1377 992 1421 abest,
1024 1378 1142 1413 satius
1176 1385 1306 1413 tamen
1340 1376 1431 1412 duxi
1467 1376 1611 1416 conari,

93 1452 206 1486 quam
240 1440 352 1487 plane
387 1440 599 1488 desperare.
666 1441 903 1489 Propositam
934 1449 1077 1477 metam
1109 1440 1259 1477 etiamsi
1292 1454 1368 1476 non
1399 1440 1611 1490 contingas,

92 1503 182 1539 satis
203 1512 331 1540 tamen
355 1504 401 1540 ad
422 1503 575 1540 laudem
608 1505 832 1541 merendam
853 1506 1016 1542 arbitror
1036 1518 1129 1546 esse,
1151 1506 1180 1541 si
1203 1506 1372 1541 navitate
1403 1505 1497 1541 haec
1519 1517 1610 1540 con-

91 1568 274 1616 sequaris,
306 1576 348 1604 ut
377 1567 506 1605 nobile
536 1569 690 1616 aliquod
720 1577 757 1605 et
786 1569 1023 1618 praeclarum
1055 1570 1202 1606 facinus
1233 1582 1361 1611 ausus,
1392 1582 1415 1606 a
1444 1569 1613 1605 secunda

91 1631 244 1668 fortuna
272 1645 349 1668 non
380 1633 494 1680 plane
525 1633 695 1669 desertus
726 1646 819 1677 esse,
851 1634 897 1669 ad
928 1634 1217 1670 contentionem
1248 1634 1316 1669 tibi
1353 1632 1446 1669 nihil
1476 1632 1610 1669 fecisse

90 1698 293 1745 reliquum,
316 1699 558 1746 processisse,
581 1712 656 1746 qua
683 1699 883 1747 potuisses,
906 1707 943 1735 et
967 1698 1262 1735 fundamentum
1293 1698 1395 1734 haud
1425 1710 1608 1746 spernen-

90 1762 180 1797 dum
203 1762 342 1810 operis,
365 1763 425 1799 cui
447 1775 602 1798 manum
627 1762 801 1799 ultimam
826 1762 1057 1811 posteriores
1076 1763 1292 1810 imponant,
1315 1763 1485 1810 posuisse
1506 1762 1609 1798 vide·

90 1827 175 1862 aris.
238 1827 352 1863 Jacta
385 1827 515 1874 itaque
551 1835 632 1863 esto
666 1827 763 1863 alea.
829 1826 970 1869 Prodit,
1004 1826 1105 1874 quod
1140 1825 1229 1861 felix
1264 1826 1509 1874 faustumque
1547 1826 1606 1868 sit,
1621 1841 1649 1864 11

90 1891 372 1927 Demosthenes
402 1899 532 1927 nostra
557 1892 817 1939 qualicunque
847 1904 977 1940 opera,
1008 1903 1083 1926 non
1115 1891 1324 1939 perpolitus
1354 1891 1416 1927 ille
1438 1891 1606 1939 quidem,

91 1953 192 2001 quod
222 1954 283 1989 vel
316 1966 468 2002 sperare
501 1954 549 1989 sit
587 1966 766 2004 arrogans
801 1963 838 1990 et
867 1967 1011 1995 vecors,
1042 1955 1096 1990 ita
1129 1963 1260 1990 tamen
1292 1955 1542 1996 emaculatus,
1571 1955 1608 1991 id

90 2018 192 2065 quod
223 2018 339 2054 aienti
370 2017 463 2053 mihi
493 2018 593 2054 haud
615 2031 750 2054 vercor
779 2031 826 2054 ne
857 2031 916 2054 res
945 2019 1026 2066 ipsa
1055 2019 1306 2058 contradicat,
1330 2026 1372 2054 ut
1394 2019 1609 2066 superiores

89 2095 224 2118 omnes
258 2082 447 2119 editiones
479 2082 574 2117 haec
608 2090 738 2118 nostra
770 2082 981 2118 lectionum
1016 2082 1252 2130 praestantia
1287 2082 1434 2130 fideque
1466 2082 1514 2118 sit
1545 2095 1606 2118 su—

89 2154 278 2194 peratura.

147 2212 182 2246 A
216 2218 273 2246 tot
306 2211 500 2258 tantisque
534 2210 625 2246 viris
663 2210 898 2246 collaudatus
937 2218 994 2246 est
1032 2210 1208 2246 certatim
1242 2210 1533 2251 Demosthenes,
1569 2219 1607 2246 et

88 2276 202 2312 hodie
232 2275 278 2311 de
307 2275 483 2311 laudibus
513 2277 593 2324 ejus
622 2274 797 2310 oratoriis
826 2274 880 2310 ita
909 2282 1072 2317 constat,
1095 2283 1136 2310 ut
1161 2274 1318 2322 putidus
1345 2275 1393 2310 sit
1423 2282 1461 2310 et
1487 2274 1606 2310 sibilis

87 2339 362 2389 explodendus,
384 2339 414 2375 si
436 2339 500 2387 qui
527 2338 597 2375 soli
623 2338 744 2375 facem
772 2338 968 2374 accendat.
1026 2339 1101 2374 Tot
1129 2346 1329 2386 praeterea
1355 2347 1443 2374 sunt
1464 2347 1502 2374 et
1526 2347 1605 2374 tam

88 2405 218 2453 gravia
238 2412 352 2452 atque
383 2404 504 2452 spissa
523 2404 670 2453 agenda
699 2412 737 2439 et
765 2402 985 2439 meditanda
1015 2410 1053 2438 et
1083 2403 1333 2442 enucleanda,
1356 2410 1433 2438 tam
1455 2403 1604 2439 edituro

87 2470 190 2505 hunc
219 2476 422 2512 oratorem,
445 2481 559 2517 quam
590 2468 636 2504 ad
667 2481 754 2504 eum
784 2467 1015 2515 praefatum,
1041 2475 1083 2503 ut
1102 2467 1163 2502 vix
1195 2467 1312 2503 finem
1342 2468 1467 2515 operis
1496 2468 1602 2503 inve-

131 2585 148 2602 a
170 2578 296 2617 [Quum
320 2579 358 2608 de
382 2578 523 2618 priorum
544 2577 701 2608 editorum
717 2587 811 2616 opera
878 2577 937 2607 sim
963 2577 1045 2607 facta
1073 2584 1119 2607 est
1147 2578 1178 2606 in
1207 2577 1450 2607 Commentariis
1478 2577 1602 2607 nostris.

88 2632 271 2662 summatim
292 2639 418 2662 tantum
441 2632 640 2671 exposuerim
663 2631 696 2661 in
721 2641 809 2670 prae·
880 2631 920 2660 In
944 2631 1128 2661 universum
1153 2638 1258 2660 autem
1283 2641 1321 2661 ex
1340 2631 1460 2660 Reiskii
1484 2631 1605 2669 praefa-

87 2685 204 2715 satione
227 2695 306 2722 mea,
323 2685 399 2715 haec
417 2695 455 2715 ex
473 2685 594 2716 Reiskii
617 2685 811 2724 praefatione
879 2685 964 2715 tione
982 2685 1125 2724 cognosci
1150 2684 1262 2723 poterit
1279 2690 1397 2723 quanta
1422 2690 1490 2723 post
1513 2684 1603 2714 moli-

87 2745 235 2778 excerpta
258 2739 371 2769 addere
394 2738 522 2778 placuit,
538 2749 577 2769 ex
594 2739 707 2778 quibus
726 2738 809 2768 codi-
880 2739 976 2776 mina,
993 2749 1092 2777 eaque
1115 2748 1231 2777 magna
1255 2749 1293 2768 ex
1318 2744 1407 2776 parte
1429 2738 1547 2774 inania,
1564 2739 1603 2767 ad

87 2803 159 2822 cum
176 2802 309 2832 quoque,
325 2792 438 2831 quibus
461 2791 505 2821 illi
526 2792 574 2822 usi
598 2798 682 2829 sunt,
700 2792 811 2822 notitia
880 2803 947 2822 eam
966 2803 1028 2832 qua
1050 2792 1141 2822 hodie
1164 2793 1338 2831 gaudemus
1362 2798 1468 2822 textus
1485 2791 1603 2822 Demo-

87 2845 149 2884 peti
166 2846 299 2885 poterit:
325 2855 460 2885 quorum
476 2845 567 2876 hodie
585 2852 651 2884 post
667 2855 811 2876 excussos
881 2846 1013 2876 sthenici
1041 2846 1251 2876 conditionem
1279 2853 1467 2884 perventum
1491 2845 1541 2883 sit,
1564 2856 1604 2876 ne

87 2905 134 2929 tot
150 2899 286 2930 melioris
311 2907 403 2931 notae
427 2900 520 2930 libros
535 2900 668 2939 exiguus
685 2900 811 2938 quidem
880 2901 979 2939 ipsam
998 2900 1123 2939 quidem
1148 2899 1294 2929 omnibus
1317 2900 1457 2930 numeris
1479 2898 1602 2929 absolu-

88 2964 162 2983 usus
178 2960 235 2992 est,
252 2955 305 2985 sed
322 2965 455 2994 quorum
473 2960 578 2984 tamen
602 2953 720 2984 mentio
741 2963 811 2993 pas·
881 2961 955 2984 tam.
992 2954 1031 2983 G.
1058 2953 1297 2992 DINDORR]
