1935 3205
491 137 571 175 ΑΙ)
608 135 880 175 PHILIPPI
917 135 1207 175 EPISTOLA
1220 139 1272 174 M.
1566 139 1649 177 213

196 249 285 288 152,
310 237 345 276 8.
399 239 458 276 ὅτι
499 240 539 276 δὲ
581 238 730 289 χρὴ-]
790 236 905 277 Citat
945 236 985 275 h.
1019 236 1042 275 l.
1087 236 1344 289 Harpocrat.
1379 251 1413 275 v.
1451 239 1649 287 ὀρρωδεῖν.

133 292 325 332 REISK.

192 361 283 400 153,
307 350 345 386 6.
378 349 434 389 οἶς
456 349 643 399 πρότερον
665 347 825 399 ηὐξήθη]
870 346 930 385 Ex
954 346 1124 399 Olynth.
1146 347 1202 385 ΙΙ.
1220 361 1258 399 p.
1284 361 1343 400 19,
1368 360 1428 398 17.
1482 348 1647 387 DOBR.

186 403 691 456 μεγάλα-εὐεργετήσειν]
726 403 842 441 (Jonf.
867 402 1051 441 Halonn.
1072 418 1110 455 p.
1131 404 1196 454 85,
1225 416 1254 441 1.
1271 408 1314 442 et
1337 415 1398 454 15.
1467 403 1633 442 holm.

193 469 283 511 153,
308 469 344 509 7.
375 459 435 498 καὶ
457 460 717 510 γιγνώσκεται
736 460 810 508 μὲν
831 475 863 497 κ.
883 475 916 496 τ.
934 457 993 510 λ.]
1019 458 1263 497 Alexander
1285 459 1336 497 de
1357 458 1501 510 figuris
1524 473 1562 511 p.
1581 461 1649 508 64.

131 515 352 562 συνωνυμία
374 515 494 560 ἐστὶν,
514 515 608 553 ὅταν
629 517 679 567 τῷ
701 517 913 566 χαρακτῆρι
935 515 1134 563 διαφόροις
1157 515 1336 563 ὀνόμασι,
1359 517 1402 563 τῇ
1427 514 1586 562 δυνάμει
1608 516 1649 553 δὲ

130 569 174 608 τὸ
205 569 297 608 αὐτὸ
329 572 492 618 δηλοῦσι
522 571 705 621 χρώμεθα
731 571 926 614 πλείοσιν,
951 569 994 607 ἓν
1019 570 1153 617 μέντοι
1181 570 1242 608 καὶ
1269 570 1385 608 ταύτὸ
1410 571 1650 619 βουλόμενοι

131 627 285 674 δηλοῦν.
322 626 372 665 ὡς
393 626 455 664 καὶ
479 626 746 674 Δημοσθένης·
789 626 850 663 καὶ
875 625 1108 675 γινώσκεται
1135 626 1208 673 μὲν
1229 625 1302 663 ὑπὸ
1324 629 1400 664 τῶν
1430 626 1650 674 Περινθίων

130 681 442 719 -ὑποπτεύεται
463 682 504 718 δὲ
526 681 599 719 ὑπὸ
624 682 828 729 Θηβαίων.
890 679 1085 718 REISK.

188 736 248 774 καὶ
277 737 535 786 γιγνώσκεται
561 735 767 785 μὲν-ὑπὸ
795 735 1028 786 Θετταλῶν]
1063 734 1254 773 Tiberius
1280 741 1327 774 ut
1355 735 1584 787 pleonasini
1616 751 1647 775 s.

129 790 395 843 synonymiae
421 791 654 843 exemplum
686 790 744 829 sic
772 794 990 829 contracta
1015 794 1058 828 ct
1089 805 1283 842 perversa
1308 790 1411 830 citat
1442 805 1479 843 p.
1496 803 1565 843 54.
1588 806 1645 830 s.:

131 847 192 885 καὶ
212 847 444 897 γινώσκεται
464 847 537 895 μὲν
557 846 631 885 ὑπὸ
659 850 735 885 τῶν
759 846 974 895 Κορινθίων
1002 846 1064 883 καὶ
1093 846 1182 895 παρ’
1202 844 1426 886 Ὀλυνθίοις
1447 848 1646 896 πρότερον,

129 901 197 940 οὐκ
227 903 425 952 ἀγνοεῖται
455 902 530 941 ὑπὸ
560 905 787 941 Θετταλῶν.
824 900 1005 939 addens:
1042 903 1137 939 κατὰ
1168 903 1242 951 γὰρ
1279 904 1344 939 τοῦ
1381 902 1497 940 αὐτοῦ
1524 902 1647 952 πράγ-

127 973 246 1005 ματος
272 959 319 996 τὰ
345 957 441 996 αὐτὰ
467 958 734 1006 σημαινόμενα
760 956 939 995 τέθειται.
1002 955 1172 995 Rectius
1194 960 1335 995 autem
1358 956 1549 994 Tiberius
1571 957 1647 996 hoc

127 1011 234 1050 illius
255 1012 478 1051 schematis
499 1013 734 1064 exemplum
755 1012 847 1050 finit
869 1011 996 1050 verbo
1019 1014 1247 1056 Θετταλῶν,
1264 1025 1388 1064 quam
1408 1011 1649 1051 Alexander

128 1067 252 1106 verbo
275 1069 491 1116 Θηβαίων;
525 1082 658 1120 neque
689 1067 799 1107 enim
829 1067 1085 1105 ὑποπτεύεται
1116 1072 1163 1105 ut
1192 1067 1375 1118 ejusdem
1407 1072 1479 1105 aut
1506 1067 1648 1106 similis

128 1122 296 1161 verbum
319 1122 632 1175 significationis
655 1138 747 1162 cuni
765 1121 1113 1162 antecedentibus
1129 1122 1263 1161 verbis
1284 1127 1425 1174 potest
1442 1122 1646 1175 componi.

129 1177 365 1217 SCHAEF
371 1177 460 1217 ER.

185 1233 477 1285 διεξελήλυθεν]
517 1233 570 1272 V.
592 1234 646 1273 ad
668 1248 706 1286 p.
730 1247 791 1284 19,
820 1245 877 1278 17.

188 1301 278 1341 153,
305 1301 369 1329 21.
403 1288 713 1340 εἰσπέμψαντες]
759 1289 810 1327 In
834 1288 1082 1327 Perinthum
1111 1295 1223 1341 puta.
1257 1288 1487 1339 πέμψαντες
1511 1289 1647 1329 Paris.

128 1343 297 1395 quintus
318 1348 361 1383 et
383 1344 596 1396 septimus.
658 1344 852 1383 REISK.

188 1412 279 1450 153,
306 1411 369 1439 22.
432 1401 796 1451 ἐκπολιορκηθῆναι]
866 1400 900 1437 Α
956 1400 1085 1445 nobis,
1131 1399 1475 1446 Atheniensibus,
1529 1406 1646 1453 puta.

128 1453 322 1493 REISK.

191 1520 277 1562 154,
301 1511 495 1562 5.-156.
522 1523 585 1562 29.
622 1510 688 1549 Ex
715 1510 884 1563 Olynth.
910 1510 968 1549 ΙΙ.
994 1526 1032 1564 p.
1060 1524 1123 1557 20,
1148 1524 1260 1562 1‹).—
1275 1511 1338 1550 28.
1362 1516 1403 1550 et
1430 1524 1494 1556 21,
1522 1522 1646 1562 27.——

128 1578 150 1605 2
152 1577 192 1617 5,
215 1578 249 1603 1.

185 1630 275 1672 154,
303 1631 367 1673 15.
398 1621 492 1672 πρὸς
527 1622 705 1672 ὑποψίαν
736 1622 879 1671 ἥκοντα
920 1623 981 1661 καὶ
1022 1620 1276 1674 δυσμένειαν]
1327 1622 1359 1660 Ι.
1392 1637 1430 1675 q.
1466 1623 1646 1663 ὑπόπτως

126 1675 269 1726 ἔχοντα
291 1678 352 1715 καὶ
373 1680 581 1726 δυσμενῶς.
645 1676 977 1716 SCHAEFER.

186 1740 275 1783 154,
304 1743 364 1783 17.
398 1733 447 1773 ὡς
466 1749 587 1771 οιεται
607 1732 679 1784 τις]
719 1732 836 1772 Conf.
860 1732 1030 1784 Olynth.
1056 1732 1090 1770 Ι.
1114 1746 1154 1785 p.
1178 1744 1238 1784 15,
1259 1732 1294 1770 8.
1357 1732 1530 1772 DOBR.

188 1799 276 1837 154,
304 1789 368 1828 28.
399 1803 529 1835 τεκνα,
551 1792 696 1838 γονεῖς,
717 1788 920 1839 γυναῖκας]
955 1786 1074 1827 Talia
1095 1787 1316 1829 ἀσυνδέτως
1333 1788 1525 1840 deinceps
1546 1788 1644 1841 poni

125 1840 271 1880 solent.
331 1841 554 1895 Emipides
577 1842 720 1894 Suppl.
742 1853 836 1893 724.
870 1842 979 1890 νέων,
1001 1844 1210 1893 γερόντων.
1246 1842 1299 1881 V.
1323 1848 1409 1883 not.
1432 1843 1485 1883 ad
1511 1843 1643 1897 Longi

127 1895 333 1936 Pastoral.
356 1912 395 1950 p.
414 1910 511 1967 403.
574 1897 909 1937 SCHAEFER.

186 1963 363 2004 155,11.
396 1954 513 2005 χωρὶς
537 1953 630 2007 ἰδίᾳ]
677 1953 787 1992 Cave
812 1957 934 2005 putes
961 1952 1100 2005 posita
1122 1953 1164 1991 ἐκ
1190 1953 1463 2003 παραλληλου.
1508 1954 1640 2004 χωρὶς,

124 2005 210 2045 scil
233 2008 390 2055 τούτων,
404 2015 642 2060 praeterea.-
677 2010 765 2060 ἰδίᾳ,
779 2008 992 2060 privatim.
1056 2007 1389 2046 SCHAEFER.

185 2073 364 2115 15513.
395 2063 586 2115 μάλιστα]
625 2063 710 2102 Alii
732 2063 825 2102 lib1i
846 2062 1026 2113 μέγιστα.
1071 2062 1307 2101 Genuinum
1327 2068 1431 2115 puto
1451 2062 1640 2125 μάλιστα.

126 2115 313 2156 Ρ1·ἰ1]111111
348 2117 456 2157 enim
498 2120 774 2168 κατορθώσωσι
813 2118 997 2171 positum
1038 2122 1102 2156 est
1141 2118 1345 2165 absolute,
1388 2132 1469 2170 quo
1510 2118 1642 2171 magis

123 2173 373 2223 respondeat
412 2173 681 2213 antecedenti
718 2173 878 2224 ἁμάρτῃ,
916 2172 1018 2212 item
1050 2173 1241 2212 absolute
1284 2173 1445 2226 posito:
1493 2172 1642 2212 deinde

124 2226 361 2266 concinnior
381 2233 424 2268 et
445 2228 749 2282 significantior
770 2234 834 2268 est
859 2227 1082 2268 antithesis
1109 2227 1220 2267 inter
1246 2228 1421 2277 μάλιστα
1451 2229 1642 2278 κατορθώ-

125 2297 225 2320 σωσι
255 2287 297 2322 et
326 2283 501 2332 μάλιστα
533 2286 839 2334 σκορακίζονται.
885 2286 1098 2334 κατορθοῦν
1124 2288 1167 2322 et
1195 2283 1470 2334 διαμαρτάνειν
1495 2283 1642 2322 eadem

123 2336 287 2376 ratione
323 2338 462 2390 posuit
503 2339 695 2379 absolute
731 2339 974 2391 Xenophon
1011 2339 1186 2377 Memor.
1210 2351 1249 2391 3,
1275 2352 1305 2377 1.
1323 2351 1363 2391 3.
1408 2338 1565 2389 μεγάλα
1594 2338 1640 2377 τά

123 2406 164 2430 τε
199 2392 339 2442 ἀγαθὰ,
373 2397 650 2444 κατορθοῦντος
686 2394 813 2439 αὐτοῦ,
848 2395 910 2433 καὶ
944 2396 991 2432 τὰ
1024 2396 1132 2438 κακὰ,
1166 2394 1506 2443 διαμαρτάνοντος,
1540 2394 1640 2435 εἰκὸς

123 2447 340 2496 γίγνεσθαι.
387 2449 499 2488 Add.
520 2449 628 2488 infra
649 2464 687 2502 p.
719 2451 807 2501 156,
831 2461 872 2501 5.
936 2448 1269 2488 SCHAEFER.

183 2511 274 2554 155,
300 2513 364 2555 15.
397 2503 709 2557 σκορακίζονται]
738 2504 869 2543 Recte
895 2503 1115 2542 Albertius
1140 2504 1195 2543 ad
1218 2503 1400 2556 Hesy.ch
1431 2504 1508 2543 v.ol
1538 2516 1568 2542 1.
1598 2518 1635 2556 p.

127 2557 246 2604 1460.
280 2557 356 2597 hoc
372 2559 543 2598 verbum
565 2559 727 2598 derivat
746 2573 771 2598 a
792 2558 1001 2598 formula
990 2558 1280 2611 lmprecandi'
1264 2576 1304 2599 ες
1321 2560 1494 2609 κόρακας,
1515 2572 1639 2610 quam

123 2610 266 2663 vulgus
298 2612 463 2653 xidetur
494 2614 769 2663 τρισυλλάβως
803 2613 1096 2666 plonuntiasse
1132 2615 1335 2662 σκόρακας.
1404 2613 1529 2652 Hanc
1561 2627 1637 2666 ego

124 2678 311 2705 caussam
328 2681 417 2707 esse
434 2668 580 2715 dicam,
599 2682 672 2707 cul
685 2669 927 2708 scr'ibatiu'
911 2685 949 2709 ες
971 2669 1146 2718 κόρακας,
1165 2682 1247 2705 non
1264 2667 1364 2706 item
1384 2670 1438 2708 εἰς
1460 2669 1635 2717 κόρακας.

125 2718 326 2773 Seagerus
359 2723 474 2762 Diar.
497 2723 629 2763 Class.
653 2736 720 2776 53
753 2724 883 2776 p.48.
915 2723 969 2762 ad
1000 2723 1039 2761 h.
1058 2722 1102 2760 l.:
1164 2722 1317 2760 Idem
1348 2722 1434 2761 fere
1468 2722 1638 2762 Graecis

125 2775 177 2815 εἷς
198 2777 359 2825 κόρακας
383 2778 511 2829 (unde
533 2738 779 2829 07<opczu<c<‹2›)p
788 2778 898 2831 quod
921 2777 1081 2829 Anglis,
1101 2791 1148 2830 90
1169 2782 1205 2816 to
1225 2776 1313 2816 hell.
1374 2777 1452 2816 All
1471 2777 1636 2817 soiences

123 2842 149 2867 a
169 2830 332 2883 fastiozy
364 2833 575 2872 Monsieur
606 2834 765 2872 hwa-s:
799 2833 903 2872 And
933 2831 1004 2870 bid
1031 2832 1115 2870 kim
1146 2846 1202 2884 (ιο
1232 2837 1274 2871 to
1305 2831 1407 2879 hell,
1431 2838 1467 2872 to
1491 2831 1570 2872 hell
1591 2832 1636 2872 ke

119 2897 218 2934 yoes.
250 2885 442 2926 Johnson
464 2887 577 2927 Imit.
600 2888 646 2927 of
662 2888 690 2927 J
695 2903 747 2928 111
738 2888 878 2928 ena-f'l
911 2876 1243 2927 SCHAEF'ER.
