1935 3205
639 140 668 178 l'
684 140 713 179 lt
728 140 760 178 A
782 140 811 178 1⁴]
826 140 899 178 ΕΛ
915 140 1038 178 Tio.
1525 139 1591 177 xxi

80 247 223 287 ederet,
247 255 284 282 ut
309 247 345 281 in
369 247 604 296 praefatione
627 249 671 283 ad
695 249 939 283 novissimam
964 254 1098 294 poetae
1121 246 1347 295 Syracusani
1371 245 1592 286 editionem,
1610 262 1628 283 x

80 311 141 345 hic
175 311 322 358 Lipsiae
351 319 536 350 curatam.
565 312 846 349 demonstravi;
880 323 1004 357 neque
1035 309 1179 349 dubito,
1202 309 1306 356 quin,
1333 310 1362 344 si
1395 318 1594 345 auctorum

83 374 303 409 Latinorum
341 374 657 423 Graecorumque
697 375 862 411 editores
897 374 1117 423 diligentius
1157 373 1193 407 in
1234 373 1375 420 primas
1412 376 1597 421 cujusque

81 438 245 473 auctoris
267 438 453 474 editiones
481 440 688 487 inquirant,
713 440 812 487 quod
845 451 864 474 e
896 452 934 474 rc
963 439 1158 473 literarum
1182 445 1237 472 est
1259 437 1352 477 ficri,
1376 445 1539 477 constet,
1561 446 1597 472 et

82 501 128 536 ab
151 502 255 542 Aldo,
286 511 323 537 et
353 503 399 538 ab
430 503 526 543 aliis,
559 507 637 552 ejus
674 503 911 551 aequalibus,
946 502 1106 537 eandem
1143 513 1298 548 operam
1333 501 1524 547 fidemque
1559 501 1596 535 in

81 566 259 612 operibus
280 567 356 601 suis
378 567 422 602 ad
444 568 621 603 incudem
653 567 877 604 revocandis
907 566 1117 613 meliusque
1146 565 1236 600 item
1265 573 1301 600 et
1332 565 1466 600 melius
1492 577 1598 600 recu-

82 634 215 670 dendis
238 636 400 682 positam
423 650 517 672 esse.

139 698 190 733 Ut
212 707 334 734 mater
353 708 408 735 est
430 700 565 735 Aldina
588 701 679 736 texti
703 700 994 736 Deniostbenici
1026 700 1126 747 typis
1156 699 1369 748 provulgati
1397 706 1433 734 et
1462 711 1600 746 propa-

83 763 174 810 gati,
206 763 258 798 sic
291 763 423 799 eadem
459 772 581 799 mater
615 772 672 799 est
708 764 858 799 critices
890 776 1041 810 quoqne
1076 762 1408 803 Demostlienicae,
1440 763 1512 797 hoc
1543 770 1600 798 est

83 825 198 861 studii
233 826 418 862 lectiones
447 827 636 862 variantes
665 827 704 863 in
739 826 840 863 libris
872 826 1182 862 Demosthenicis
1217 834 1461 861 occurrentes
1495 825 1600 860 colli-

83 889 197 938 gendi
233 898 270 925 et
304 890 341 925 in
376 891 502 926 medio
536 890 715 938 ponendi.
779 890 894 926 Aldus
924 890 1025 925 enim
1061 890 1205 937 primus
1240 889 1406 925 indicem
1442 888 1602 924 editioni

83 966 172 989 suae
194 954 356 1003 subjecit
377 954 606 990 variantium
628 954 850 994 lectionum,
873 966 968 1001 quas
988 954 1025 988 in
1049 953 1168 989 tribus
1191 952 1386 988 codicibus
1408 952 1521 987 Dem.
1544 964 1603 987 re-

84 1018 255 1065 perisset.
313 1019 389 1053 Tot
410 1019 511 1054 enim
533 1019 691 1053 omnino
712 1018 864 1054 codices
891 1017 958 1053 sibi
988 1026 1141 1065 praesto
1167 1016 1281 1052 fuisse
1301 1016 1602 1052 Demosthenem

85 1081 214 1116 edenti
244 1081 324 1129 ipse
345 1081 487 1117 fatetur
508 1095 553 1117 eo
574 1082 671 1123 loco,
689 1094 802 1129 quem
825 1094 938 1131 supra
959 1081 1129 1116 recitavi.
1189 1080 1432 1128 Intelligebat
1463 1091 1602 1126 nempe

85 1145 215 1185 Aldus,
239 1153 280 1180 ut
301 1153 382 1180 erat
408 1145 488 1193 ipse
510 1146 567 1180 vir
586 1145 733 1187 doctus,
756 1159 823 1181 seu
844 1145 1179 1185 Carteromachus‚
1202 1147 1310 1193 cujus
1341 1143 1509 1180 consiliis
1539 1142 1603 1178 ille

86 1217 168 1244 tum
202 1210 241 1245 in
275 1211 506 1246 adornandis
541 1211 616 1246 suis
649 1212 884 1246 Graecorum
917 1210 1221 1257 Latinorumque
1257 1216 1459 1244 auctorum
1496 1207 1603 1243 editt.

87 1275 277 1316 utebatur,
308 1275 614 1324 magnitudinem
645 1274 852 1314 fructuum,
876 1274 938 1321 qui
969 1286 988 1308 e
1020 1273 1226 1308 collatione
1252 1272 1441 1307 variarum
1471 1270 1604 1306 lectio-

88 1349 179 1371 num
201 1337 247 1372 ad
265 1337 546 1373 emendandum
568 1345 606 1372 et
626 1345 730 1373 recte
752 1336 1047 1385 intelligendum
1069 1344 1263 1371 auctorem
1283 1347 1473 1382 quemque
1495 1347 1605 1370 enas-

88 1408 239 1436 cuntur.
300 1400 389 1436 Sive
410 1401 597 1436 inciderat
617 1401 714 1436 forte
735 1400 889 1437 fortuna
908 1401 946 1436 in
970 1400 1157 1450 ejusmodi
1179 1400 1366 1442 codicem,
1390 1398 1605 1448 cujusmodi

89 1472 146 1500 est
179 1465 396 1508 ssavaricus,
420 1478 494 1512 quo
522 1465 576 1500 uti
607 1465 700 1500 mihi
729 1465 859 1507 licuit;
894 1478 968 1513 quo
998 1465 1037 1500 in
1069 1465 1198 1501 codice
1230 1463 1449 1512 saepissime
1478 1463 1606 1498 variae

88 1527 272 1564 lectiones
303 1537 368 1564 aut
397 1542 513 1577 supra
533 1542 700 1570 versum,
732 1537 798 1565 aut
828 1529 872 1565 ad
904 1529 1131 1578 marginem,
1163 1529 1208 1564 ab
1239 1529 1322 1576 ipso
1351 1527 1519 1569 librario,
1542 1527 1607 1574 qui

89 1592 260 1628 codicem
278 1594 456 1635 exaravit,
473 1602 679 1630 annotatae
697 1602 785 1629 sunt
801 1595 892 1630 alias
909 1594 1100 1634 meliores,
1116 1594 1207 1629 alias
1222 1596 1382 1642 pejores,
1399 1600 1441 1627 ut
1456 1592 1510 1630 fit.
1524 1592 1606 1639 ipso

89 1664 206 1693 texto.
265 1656 434 1693 Indicem
466 1658 568 1694 hune
588 1657 773 1694 Aldinum
802 1658 1044 1693 conservavit
1070 1657 1321 1706 Herwagiana
1351 1657 1486 1704 prima,
1509 1668 1606 1703 quae

90 1721 261 1768 proxima
281 1721 457 1757 Aldinam
489 1729 696 1757 consecuta
725 1729 793 1763 est,
817 1722 871 1757 nil
902 1730 1104 1757 mutatum.
1165 1720 1239 1757 Sed
1270 1721 1479 1756 auctiorem
1502 1719 1608 1755 dedit

90 1785 316 1825 Felicianrm,
342 1785 498 1831 (Paulus
530 1785 632 1821 enim
664 1786 866 1821 Manutius
896 1786 956 1820 vix
987 1785 1135 1821 videtur
1163 1784 1381 1820 Felicianeo
1401 1784 1607 1832 quicquam

90 1849 136 1885 de
168 1862 234 1885 suo
270 1849 492 1892 addidisse).
558 1849 744 1885 Morellus
779 1849 1023 1897 postmodum
1060 1849 1188 1896 copias
1224 1848 1607 1890 Parisinas‚lVolfius

91 1915 336 1961 Augustanas
358 1914 551 1955 addidere,
564 1913 708 1962 Taylor
730 1914 973 1949 Britannicas
1002 1921 1040 1949 et
1069 1914 1165 1948 alius
1195 1913 1369 1962 generis;
1401 1912 1494 1947 mihi
1522 1920 1605 1947 tan-

91 1978 177 2014 dem
208 1977 361 2013 fortuna
388 1977 574 2025 quaedam
605 1977 774 2013 secunda
802 1976 927 2013 fontes
953 1977 1138 2024 quosdam
1171 1989 1292 2011 novos
1324 1976 1482 2023 aperuit.
1543 1974 1607 2010 Sic

93 2050 204 2078 enata
238 2050 295 2077 est
328 2041 394 2077 illa
426 2041 561 2090 ingens
593 2041 801 2076 lectionum
838 2040 1224 2076 Demosthenicarum
1260 2039 1421 2088 farrago,
1455 2039 1501 2074 de
1534 2051 1660 2086 quam

92 2106 206 2153 paulo
233 2113 319 2153 post
347 2104 516 2152 pluribus
543 2117 663 2153 agam.
720 2103 861 2140 Aldina
880 2117 970 2139 vero
1000 2104 1073 2139 ista
1102 2103 1252 2139 critices
1283 2103 1607 2138 Demosthenicae

94 2170 283 2205 elementa
304 2169 416 2216 plane
437 2176 526 2203 sunt
547 2168 677 2203 tenuia
697 2175 735 2203 et
756 2167 945 2203 informia.
1003 2167 1102 2202 Mihi
1128 2179 1211 2202 mos
1233 2175 1289 2202 est
1309 2166 1348 2201 in
1369 2174 1607 2202 commenta-

93 2234 158 2269 riis
179 2233 273 2268 meis
293 2232 400 2267 illum
422 2231 568 2266 indicem
586 2232 755 2267 Alcimum
771 2231 829 2267 vel
845 2232 935 2266 Aldi
949 2231 1011 2267 vel
1029 2231 1195 2272 Aldinae,
1214 2238 1257 2266 ut
1277 2230 1455 2272 occurrit,
1478 2230 1607 2278 appel-

93 2298 183 2333 lare.
239 2296 382 2343 Taylor
404 2296 670 2344 Manuscriptos
690 2295 777 2330 Acdi
798 2294 978 2343 appellat.

154 2360 347 2396 Notabilis
377 2359 500 2395 adhuc
530 2368 716 2407 superest,
745 2358 834 2394 mihi
866 2372 942 2394 non
972 2358 1286 2406 praetereundus,
1318 2370 1422 2394 error
1450 2358 1608 2408 insignis

93 2426 132 2461 in
159 2425 338 2461 Aldinam
368 2423 564 2464 admissus,
592 2431 629 2459 et
657 2422 760 2460 illinc
792 2423 829 2458 in
863 2424 1155 2472 Herwagianam
1187 2431 1432 2472 propagatus,
1462 2436 1484 2458 a
1510 2423 1607 2458 Feli-

95 2490 205 2525 ciano
234 2488 358 2536 primo
389 2487 551 2523 feliciter
580 2487 763 2529 sublatus,
789 2487 827 2522 in
859 2487 1080 2528 Prooemiis,
1106 2487 1172 2523 ubi
1201 2488 1323 2522 multa
1353 2487 1490 2523 misere
1521 2499 1607 2534 per-

93 2554 212 2588 mixta
233 2560 270 2587 et
291 2551 520 2587 conturbata
546 2558 646 2591 sunt,
670 2559 711 2585 ut
732 2550 907 2586 extricari
929 2559 967 2586 et
987 2551 1025 2585 in
1049 2551 1222 2586 ordinem
1252 2551 1371 2599 redigi
1400 2559 1608 2598 nequeant,

94 2617 192 2652 foliis
217 2629 238 2652 a
259 2615 477 2663 bibliopego
508 2615 758 2662 transpositis,
780 2627 855 2661 qua
883 2614 928 2650 de
958 2627 997 2650 re
1026 2614 1199 2662 pluribus
1220 2614 1369 2650 dicetur
1391 2615 1437 2650 ad
1459 2627 1493 2662 p.
1519 2615 1606 2660 763,

97 2694 159 2729 35.
183 2681 260 2728 [ed.
283 2680 398 2715 Paris.
421 2680 498 2714 sive
523 2692 557 2726 p.
579 2691 690 2725 1432-
709 2691 736 2714 1.
760 2679 820 2715 ed.
843 2679 986 2725 Reisk]

149 2746 297 2780 Desunt
317 2743 492 2784 Aldinae,
516 2751 554 2778 et
578 2743 736 2790 proinde
757 2755 907 2790 quoque
930 2743 1216 2791 Herwagianae,
1238 2742 1508 2777 Demosthenis
1531 2744 1609 2790 epi-

97 2810 229 2850 stolae,
263 2821 356 2856 quas
389 2807 532 2855 primus
553 2807 715 2842 VVolfius
750 2806 1011 2855 adjungendas
1045 2805 1192 2852 reliquo
1227 2806 1376 2853 corpori
1407 2806 1607 2854 Judicax³it.

97 2874 215 2909 Aldus
237 2881 364 2908 autem
387 2871 503 2906 satius
526 2870 724 2919 judicabat
752 2883 814 2906 eas
842 2870 1002 2910 secerni,
1026 2870 1089 2917 qui
1119 2870 1251 2917 paucis
1277 2878 1365 2905 ante
1392 2870 1502 2905 annis
1532 2882 1610 2906 eas-

98 2939 184 2973 dem
217 2937 393 2984 epistolas
426 2936 463 2971 in
495 2942 735 2984 syntagmate
768 2947 834 2970 suo
866 2934 1099 2970 Graecarum
1130 2933 1376 2981 epistolarum
1408 2934 1608 2976 edidisset;
