1914 3184
312 127 395 167 256
842 131 918 169 DE
954 128 1324 168 SYMMORIIS.

379 233 471 282 178,
497 246 516 271 2
521 245 560 285 5.
591 234 724 282 μόνοις
745 237 819 271 τῶν
842 234 978 271 ἄλλων
998 230 1107 285 ὑμῖν]
1154 231 1203 270 ld
1232 236 1307 280 est,
1331 231 1456 280 vobis,
1478 232 1511 271 si
1542 233 1594 272 ab
1625 232 1716 272 aliis
1743 246 1825 271 non

312 287 578 341 adjuvemini,
601 288 633 326 si
656 302 727 327 vos
748 288 815 327 alii
839 287 1097 327 destituant:
1133 287 1285 337 ἐρήμοις
1317 287 1531 339 συμμάχων
1560 289 1646 327 οὖσι
1673 288 1734 326 καὶ
1763 289 1824 338 ἐγ-

313 347 637 394 καταλειφθεῖσιν
657 344 730 382 ὑπὸ
753 347 828 382 τῶν
847 342 1068 392 “Ελλήνων.
1118 342 1310 382 WOLF.
1372 343 1501 382 Recte
1522 342 1826 396 interpretatur

310 401 454 448 μόνοις,
478 399 503 437 1.
521 413 555 438 6.
577 402 800 448 μονωθεῖσι.
848 398 999 437 Rarior
1020 398 1084 438 1110
1107 413 1204 437 usus
1221 397 1415 451 adjectivi
1435 400 1565 447 μόνος.
1600 398 1825 451 Sophocles

313 455 433 507 Ajzto.
456 467 503 506 51
524 467 553 491 1.
589 455 851 503 σοῦ-μόνος.
876 454 1011 493 Schol.
1036 454 1331 506 κεχωρισμένος.
1381 454 1710 494 SCHAEFER.

369 509 556 561 ἄρασθαι]
595 510 764 560 ἄρασθαι
795 509 922 549 etiam
955 509 1179 562 Dionysius
1210 509 1338 548 habet
1366 524 1404 562 p.
1426 512 1507 560 46„
1531 523 1671 549 verum
1693 525 1731 563 p.
1754 511 1823 562 56.

311 566 387 604 dat
410 564 609 615 συνάγειν.
672 565 866 604 REISK.

374 631 464 672 179,
487 633 526 671 5.
558 621 924 670 παρασκευάζεσθαι
957 619 1008 674 δ’]
1046 621 1161 660 1(16111
1193 620 1409 660 consilium
1441 621 1557 660 dedit
1587 621 1766 674 Philipp.
1791 621 1823 660 1.

311 692 350 729 p.
373 688 439 728 51,
469 688 526 728 13.
571 679 630 714 δεῖ
660 676 748 716 τοὺς
780 678 901 726 ὀρθῶς
938 676 1096 729 πολέμῳ
1128 676 1350 728 χρωμένους
1383 676 1449 715 οὐκ
1485 677 1715 716 ἀκολουθεῖν
1747 681 1826 718 τοῖς

310 731 552 782 πράγμασιν,
586 730 674 770 ἀλλ’
718 731 853 773 αὐτοὺς
894 732 1115 781 ἔμπροσθεν
1159 731 1256 770 εἶναι
1292 735 1366 771 τῶν
1402 732 1637 783 πραγμάτων
1675 749 1707 772 κ.
1729 749 1763 771 τ.
1785 737 1823 771 λ.

312 786 778 826 AMERSFOORDT.

374 854 463 895 179,
495 855 555 894 15.
588 843 763 893 επισχὼν
785 844 838 882 ὧν
860 843 1052 895 ὥρμηκεν]
1087 842 1165 882 Est
1184 842 1363 895 vulgalis
1384 843 1596 891 attractio,
1620 857 1744 896 quam
1766 842 1824 882 sic

311 898 444 937 iesolv
437 912 517 937 as:
553 899 727 967 ἐπισχὼν
749 900 906 943 τούτων
932 899 955 937 ’ὰ
977 900 1164 948 ὥρμηκεν
1214 898 1373 937 Eodem
1393 899 1516 937 modo
1538 899 1824 938 resolvendum

310 969 350 1006 p.
375 966 491 1003 1421,
518 966 581 1005 25.
627 954 696 992 ἐὰν
715 955 788 1002 μὲν
809 955 1013 1004 ὀρθότερον
1037 956 1142 1004 φανῃ
1164 970 1220 995 τις
1245 954 1376 1005 λέγων
1406 955 1459 993 ὡν
1484 956 1590 1003 ὑμεις
1612 954 1821 1005 ὡρμήκατε.

314 1009 592 1062 Fiequentius
616 1023 739 1061 quam
771 1011 892 1059 ὁρμᾶν
918 1009 957 1060 (i.
981 1024 1018 1062 q.
1043 1010 1255 1061 ὁρμαίνειν)
1281 1026 1326 1057 τι,
1351 1009 1684 1061 (11011111ἐπέχειν
1709 1011 1823 1051 τινός.

311 1064 619 1117 Alistophanes
647 1064 726 1103 Av.
752 1077 867 1104 1200.
897 1066 1057 1116 ἐπίσχες
1085 1068 1152 1103 τοῦ
1183 1066 1335 1115 δρόμου.
1397 1065 1549 1104 Aetive
1576 1065 1823 1105 Demosthe-

311 1134 383 1160 nes
405 1135 444 1173 p.
465 1130 560 1173 505,
589 1122 648 1159 16.
700 1121 756 1161 οἷς
780 1119 935 1170 μάλιστ’
959 1122 1007 1159 ἄν
1034 1137 1140 1161 τινας
1166 1119 1261 1173 ᾤετο
1294 1122 1473 1172 ἐπισχεῖν
1498 1124 1564 1160 τοῦ
1595 1120 1769 1160 τοιοῦτόν
1791 1138 1824 1160 τι

310 1180 449 1215 ποιεῖν.
474 1191 512 1228 p.
538 1189 546 1214 1
568 1177 653 1219 128.
684 1180 740 1215 16.
775 1177 930 1217 τούτους
956 1179 1021 1224 τῆς
1048 1177 1148 1226 ἄγαν
1177 1177 1382 1218 κολακείας
1413 1176 1661 1228 ἐπισχήσετε.
1710 1176 1822 1215 Add.

310 1246 349 1284 p.
374 1245 463 1284 131,
493 1242 551 1284 15.
614 1231 945 1271 SOHAEFER.

374 1299 462 1337 179,
489 1300 548 1331 17.
579 1288 666 1329 τοὺς
689 1289 802 1328 ἰδίους
823 1287 1031 1340 πολέμους]
1065 1287 1319 1326 Graecorum
1341 1287 1592 1327 dementiam
1617 1287 1659 1327 in
1681 1287 1822 1341 implo-

311 1343 442 1383 randa
477 1343 700 1383 Persarum
733 1358 809 1396 ope
839 1343 891 1383 ad
924 1343 1123 1382 intestina
1152 1343 1259 1382 bella
1291 1344 1528 1383 renovanda
1559 1343 1823 1396 conspicuam

311 1399 412 1438 item
440 1399 621 1452 castigat
654 1399 861 1438 Isoerates
889 1398 1045 1452 Paueg.
1069 1412 1102 1437 0.
1126 1412 1192 1451 34.
1244 1399 1310 1438 οὐκ
1344 1401 1386 1438 ἐν
1417 1404 1496 1440 τοῖς
1527 1399 1714 1449 πολέμοις
1744 1403 1823 1441 τοῖς

310 1455 406 1505 πρὸς
437 1455 635 1503 ἀλλήλους
667 1457 710 1494 ἐν
741 1455 873 1508 ἐκείνῳ
898 1455 1142 1505 (Persarum
1165 1456 1279 1507 rege)
1304 1457 1371 1495 τὰς
1400 1456 1556 1496 ἐλπίδας
1586 1456 1729 1506 ἔχομεν
1758 1458 1822 1504 τῆς

312 1511 513 1560 σωτηρίας,
550 1510 590 1552 ὃς
630 1510 871 1561 ἀμφοτέρους
911 1511 1006 1559 ἡμᾶς
1046 1511 1164 1559 ἡδέως
1205 1511 1252 1549 ἂν
1290 1511 1550 1555 ἀπολέσειεν;
1598 1510 1821 1550 AMERS·

314 1566 350 1604 F
355 1565 564 1605 OORDT.

377 1633 463 1671 176,
494 1635 554 1673 19.
588 1621 644 1673 δὲ]
677 1621 721 1670 δὴ
745 1621 974 1661 Dobraeus.

314 1705 318 1708 -
375 1690 463 1727 179,
491 1689 553 1716 22.
588 1677 839 1730 ἐνδέχεσθαί]
875 1678 906 1716 1.
930 1693 969 1731 q.
1003 1679 1155 1726 ἐξεῖναι.
1192 1677 1443 1729 Xenophon.
1468 1677 1585 1717 Hier.
1609 1691 1647 1725 4,
1671 1691 1710 1726 4.
1742 1682 1821 1719 τοῖς

312 1735 385 1782 μὲν
425 1735 498 1783 γὰρ
541 1734 706 1774 ἰδιώταις
747 1734 974 1782 ἕξεστι-,
1018 1737 1095 1773 τοῖς
1137 1735 1175 1771 δὲ
1218 1733 1419 1783 τυράννοις
1455 1733 1522 1771 οὐκ
1564 1733 1819 1785 ἐνδέχεται.

314 1788 423 1827 SOI-1
432 1787 644 1827 AEFER.

377 1856 464 1894 179,
485 1846 548 1882 26.
573 1844 704 1896 ἐᾶσαι]
737 1848 881 1892 λαβεῖν
903 1845 1042 1892 ταύτην
1064 1844 1132 1892 τὴν
1154 1846 1260 1891 δίκην
1276 1844 1508 1896 explicatur
1529 1858 1603 1896 per
1624 1857 1819 1897 epexege-

312 1899 375 1937 sin
398 1900 515 1938 ἐᾶσαί
532 1900 895 1950 τινας-γενέσθαι.
957 1899 1286 1939 SUHAEFER.

378 1969 383 1993 ι
400 1966 462 2005 79,
490 1967 555 2006 25.
589 1955 656 1993 οὐκ
678 1956 775 2007 ἴσοι]
796 1956 862 1994 Ne
876 1962 1012 1994 temere
1030 1954 1121 1994 bello
1141 1961 1310 2007 suscepto
1328 1953 1479 1993 viribus
1499 1955 1671 2007 ‘impares
1685 1955 1818 1994 simus.

314 2010 532 2049 Prioribus
555 2009 632 2049 illis
650 2011 967 2049 σκεπτέον-οὐκ
984 2012 1062 2049 ἴσοι
1083 2010 1396 2063 respondebunt
1413 2009 1461 2049 ἂν
1477 2011 1499 2059 ἡ
1519 2012 1592 2059 μὲν
1608 2011 1820 2059 δύναμις-

312 2069 433 2104 πᾶσιν
453 2064 477 2120 ᾖ
499 2065 674 2117 φανερά;
708 2066 1009 2118 posterioribus
1026 2070 1168 2105 autem
1184 2065 1267 2116 μήτ’
1288 2065 1663 2116 ἐκεῖνος-λήψεται
1679 2079 1819 2104 000111·-

312 2121 422 2160 ritur
442 2121 506 2160 his
528 2121 675 2169 verbis,
700 2121 1161 2172 φαίνηται-αῖρουμένη
1224 2120 1684 2160 AMERSFOORDT.

374 2178 463 2224 180,
494 2190 524 2215 1.
556 2176 639 2225 μήτ’
665 2179 821 2221 ἐκεῖνος,
846 2176 1237 2230 ὃν-τοῖςἽΞλλησι]
1272 2176 1418 2216 Oitant
1440 2176 1599 2216 Anecd.
1624 2175 1754 2215 Bekk.
1776 2190 1818 2229 p.

317 2233 406 2285 136.
432 2233 496 2271 28.
558 2232 888 2271 SCHAEFER.

373 2288 464 2334 180,
496 2298 553 2326 12.
586 2287 981 2340 πόλεμον-ἀγῶνα]
1021 2287 1179 2326 Bellum
1211 2293 1275 2327 est
1307 2287 1503 2339 quioquid
1533 2287 1594 2332 fit,
1626 2291 1815 2339 paratur,

311 2341 474 2395 geritur
494 2342 547 2381 ad
568 2341 806 2382 inimicitias
834 2357 926 2381 011111
955 2343 1075 2382 hoste
1101 2343 1388 2388 exercendum,
1413 2347 1460 2381 ut
1481 2356 1573 2381 cum
1594 2342 1686 2395 agri
1708 2342 1818 2395 rapi-

311 2397 387 2444 nis,
410 2397 506 2450 igni,
529 2397 639 2436 ferro
667 2397 911 2436 desolantur
941 2402 983 2436 et
1014 2397 1168 2450 oppida
1199 2397 1454 2436 obsidentur.
1518 2397 1600 2436 Sed
1625 2398 1732 2448 ἀγὼν
1753 2402 1817 2437 est

311 2458 502 2491 certamen
529 2452 636 2499 belli,
660 2452 877 2492 oonflietus
914 2452 993 2501 ille,
1015 2467 1040 2492 a
1073 2467 1154 2505 quo
1186 2453 1281 2492 belli
1314 2454 1485 2492 fortuna
1512 2459 1694 2499 certatur,
1717 2453 1757 2492 h.
1780 2466 1815 2492 e.

311 2508 561 2556 decernitur,
575 2522 701 2561 penes
719 2522 840 2560 quem
856 2508 1032 2548 victoria
1054 2508 1121 2555 sit,
1140 2508 1231 2561 quis
1252 2508 1293 2546 111
1315 2512 1528 2560 posterum
1549 2507 1604 2547 sit
1625 2507 1815 2547 dominus

309 2563 474 2603 futurus
501 2568 543 2602 et
573 2563 683 2617 lewes
715 2564 903 2611 daturus⁷
926 2568 1182 2603 momentum
1211 2563 1378 2610 Martis,
1401 2564 1504 2603 hora
1533 2577 1709 2616 pugnae,
1733 2577 1815 2616 qua

309 2623 384 2658 aut
405 2619 490 2658 cita
511 2633 622 2657 mors
645 2619 768 2665 161111,
793 2624 868 2658 aut
889 2619 1063 2659 iictoria
1083 2619 1205 2659 laeta.
1252 2619 1445 2658 REISK.
1508 2618 1667 2657 Eadem
1689 2632 1814 2671 oppo-

309 2673 589 2714 sitioinfrav.
616 2687 682 2713 21.
708 2688 772 2728 23.
806 2675 858 2713 V.
881 2679 968 2714 not.
991 2675 1105 2727 adp.
1131 2687 1220 2724 124,
1247 2688 1306 2713 11.
1369 2673 1699 2714 SOHAEFER.

372 2733 463 2773 180,
496 2743 555 2782 13.
587 2730 780 2783 χαλεπὸν]
819 2730 883 2769 Ut
918 2730 983 2769 1110
1021 2730 1107 2783 ipse
1141 2729 1312 2779 πόλεμος
1347 2728 1500 2768 dicitur
1531 2728 1718 2780 χαλεπὸς,
1753 2727 1814 2768 ita

308 2785 418 2836 apud
444 2785 672 2824 Isocratem
696 2785 849 2839 Paneg.
873 2800 905 2824 0.
930 2786 997 2837 38
1060 2786 1283 2824 Persarum
1314 2799 1387 2824 rex
1409 2784 1561 2824 dicitur
1581 2797 1671 2824 esse
1694 2788 1812 2835 χαλε-

308 2840 379 2880 πὸς
400 2840 494 2890 πρὸς
516 2842 558 2879 τὸ
582 2844 780 2890 πολεμεῖν.
812 2817 1304 2880 ξ,ΑΜΕΒΞῙΞῸΟΗΒΤ.
