<?xml version="1.0" encoding="UTF-8"?>
<!DOCTYPE html PUBLIC "-//W3C//DTD XHTML 1.0 Transitional//EN"
    "http://www.w3.org/TR/xhtml1/DTD/xhtml1-transitional.dtd">
<html xmlns="http://www.w3.org/1999/xhtml" xml:lang="en" lang="en">
 <head>
  <title>
</title>
<meta http-equiv="Content-Type" content="text/html;charset=utf-8" />
  <meta name='ocr-system' content='tesseract 3.04.00' />
  <meta name='ocr-capabilities' content='ocr_page ocr_carea ocr_par ocr_line ocrx_word'/>
</head>
<body>
  <div class='ocr_page' id='page_1' title='image "./operaexrecension05demouoft_0290.png"; bbox 0 0 1914 3184; ppageno 0'>
   <div class='ocr_carea' id='block_1_1' title="bbox 263 117 1343 167">
    <p class='ocr_par' dir='ltr' id='par_1_1' title="bbox 263 117 1343 167">
     <span class='ocr_line' id='line_1_1' title="bbox 263 117 1343 167; baseline 0.002 -13"><span class='ocrx_word' id='word_1_1' title='bbox 263 117 346 155; x_wconf 67' lang='lat'>210</span> <span class='ocrx_word' id='word_1_2' title='bbox 692 117 1043 157; x_wconf 83' lang='lat' dir='ltr'><strong>PHILIPPICA</strong></span> <span class='ocrx_word' id='word_1_3' title='bbox 1079 117 1343 167; x_wconf 78' lang='lat' dir='ltr'><strong>QUARTA.</strong></span> 
     </span>
    </p>
   </div>
   <div class='ocr_carea' id='block_1_2' title="bbox 262 218 1773 549">
    <p class='ocr_par' dir='ltr' id='par_1_2' title="bbox 262 218 1773 549">
     <span class='ocr_line' id='line_1_2' title="bbox 325 218 1768 274; baseline 0.004 -19"><span class='ocrx_word' id='word_1_4' title='bbox 325 230 415 270; x_wconf 98' lang='grc'>145,</span> <span class='ocrx_word' id='word_1_5' title='bbox 446 228 505 270; x_wconf 91' lang='lat'>15.</span> <span class='ocrx_word' id='word_1_6' title='bbox 536 218 688 271; x_wconf 85' lang='grc' dir='ltr'>οὐδέσι]</span> <span class='ocrx_word' id='word_1_7' title='bbox 725 219 764 257; x_wconf 81' lang='lat' dir='ltr'>V</span> <span class='ocrx_word' id='word_1_8' title='bbox 769 219 849 273; x_wconf 82' lang='lat' dir='ltr'><strong>ulg.</strong></span> <span class='ocrx_word' id='word_1_9' title='bbox 884 220 1021 259; x_wconf 86' lang='grc' dir='ltr'>οὐδενί.</span> <span class='ocrx_word' id='word_1_10' title='bbox 1083 220 1188 259; x_wconf 87' lang='lat' dir='ltr'>Jure</span> <span class='ocrx_word' id='word_1_11' title='bbox 1223 220 1510 272; x_wconf 77' lang='lat' dir='ltr'>plaetulerunt</span> <span class='ocrx_word' id='word_1_12' title='bbox 1545 221 1768 274; x_wconf 79' lang='lat' dir='ltr'>pluralem:</span> 
     </span>
     <span class='ocr_line' id='line_1_3' title="bbox 262 272 1772 330; baseline 0.003 -19"><span class='ocrx_word' id='word_1_13' title='bbox 262 272 446 324; x_wconf 89' lang='lat' dir='ltr'>loquitu1</span> <span class='ocrx_word' id='word_1_14' title='bbox 480 273 589 312; x_wconf 89' lang='lat' dir='ltr'>enim</span> <span class='ocrx_word' id='word_1_15' title='bbox 621 278 765 314; x_wconf 76' lang='lat' dir='ltr'>olator</span> <span class='ocrx_word' id='word_1_16' title='bbox 797 288 880 313; x_wconf 91' lang='lat' dir='ltr'>non</span> <span class='ocrx_word' id='word_1_17' title='bbox 911 275 962 314; x_wconf 89' lang='lat' dir='ltr'>de</span> <span class='ocrx_word' id='word_1_18' title='bbox 992 274 1162 328; x_wconf 83' lang='lat' dir='ltr'>singulis</span> <span class='ocrx_word' id='word_1_19' title='bbox 1192 275 1373 323; x_wconf 78' lang='lat' dir='ltr'>Glaecis,</span> <span class='ocrx_word' id='word_1_20' title='bbox 1415 276 1483 315; x_wconf 88' lang='lat' dir='ltr'>sed</span> <span class='ocrx_word' id='word_1_21' title='bbox 1519 277 1569 316; x_wconf 85' lang='lat' dir='ltr'>de</span> <span class='ocrx_word' id='word_1_22' title='bbox 1602 277 1772 330; x_wconf 81' lang='lat' dir='ltr'>singulis</span> 
     </span>
     <span class='ocr_line' id='line_1_4' title="bbox 264 327 1772 381; baseline 0.003 -15"><span class='ocrx_word' id='word_1_23' title='bbox 264 327 519 367; x_wconf 77' lang='lat' dir='ltr'>Glaecomm</span> <span class='ocrx_word' id='word_1_24' title='bbox 544 328 795 368; x_wconf 77' lang='lat' dir='ltr'>civitatibus.</span> <span class='ocrx_word' id='word_1_25' title='bbox 848 329 896 367; x_wconf 90' lang='lat' dir='ltr'>P.</span> <span class='ocrx_word' id='word_1_26' title='bbox 921 341 985 381; x_wconf 74' lang='lat'>23,</span> <span class='ocrx_word' id='word_1_27' title='bbox 1009 331 1046 368; x_wconf 91' lang='lat'>6.</span> <span class='ocrx_word' id='word_1_28' title='bbox 1077 329 1248 369; x_wconf 77' lang='grc' dir='ltr'>οὐδένων</span> <span class='ocrx_word' id='word_1_29' title='bbox 1280 331 1358 369; x_wconf 84' lang='grc' dir='ltr'>εἰσὶ</span> <span class='ocrx_word' id='word_1_30' title='bbox 1388 332 1582 380; x_wconf 85' lang='grc' dir='ltr'>βελτίους.</span> <span class='ocrx_word' id='word_1_31' title='bbox 1643 332 1772 371; x_wconf 86' lang='lat' dir='ltr'>Recte</span> 
     </span>
     <span class='ocr_line' id='line_1_5' title="bbox 263 382 1772 437; baseline 0.003 -16"><span class='ocrx_word' id='word_1_32' title='bbox 263 382 458 422; x_wconf 76' lang='grc' dir='ltr'>οὐδένων·</span> <span class='ocrx_word' id='word_1_33' title='bbox 498 397 595 422; x_wconf 85' lang='lat' dir='ltr'>nam</span> <span class='ocrx_word' id='word_1_34' title='bbox 629 388 926 436; x_wconf 76' lang='lat' dir='ltr'>compaJantul</span> <span class='ocrx_word' id='word_1_35' title='bbox 954 386 990 423; x_wconf 86' lang='grc' dir='ltr'>οἱ</span> <span class='ocrx_word' id='word_1_36' title='bbox 1015 387 1084 423; x_wconf 84' lang='grc' dir='ltr'>τοῦ</span> <span class='ocrx_word' id='word_1_37' title='bbox 1110 387 1309 425; x_wconf 84' lang='grc' dir='ltr'>Φιλίππου</span> <span class='ocrx_word' id='word_1_38' title='bbox 1336 385 1441 434; x_wconf 76' lang='grc' dir='ltr'>ξένοι</span> <span class='ocrx_word' id='word_1_39' title='bbox 1470 387 1530 425; x_wconf 85' lang='grc' dir='ltr'>καὶ</span> <span class='ocrx_word' id='word_1_40' title='bbox 1557 387 1772 437; x_wconf 83' lang='grc' dir='ltr'>πεζέταιροι</span> 
     </span>
     <span class='ocr_line' id='line_1_6' title="bbox 263 437 1773 493; baseline 0.003 -17"><span class='ocrx_word' id='word_1_41' title='bbox 263 451 356 476; x_wconf 78' lang='lat' dir='ltr'>cun]</span> <span class='ocrx_word' id='word_1_42' title='bbox 376 437 456 477; x_wconf 75' lang='lat' dir='ltr'>alio</span> <span class='ocrx_word' id='word_1_43' title='bbox 478 438 661 491; x_wconf 83' lang='lat' dir='ltr'>quolibet</span> <span class='ocrx_word' id='word_1_44' title='bbox 678 455 894 488; x_wconf 83' lang='grc' dir='ltr'>συστηματι</span> <span class='ocrx_word' id='word_1_45' title='bbox 918 441 1192 493; x_wconf 73' lang='grc' dir='ltr'>στρατιωτικῷ.</span> <span class='ocrx_word' id='word_1_46' title='bbox 1236 439 1301 479; x_wconf 81' lang='lat' dir='ltr'>Sic</span> <span class='ocrx_word' id='word_1_47' title='bbox 1319 455 1358 493; x_wconf 89' lang='lat' dir='ltr'>p.</span> <span class='ocrx_word' id='word_1_48' title='bbox 1371 442 1438 492; x_wconf 82' lang='grc'>58,</span> <span class='ocrx_word' id='word_1_49' title='bbox 1461 454 1471 479; x_wconf 89' lang='grc'>1</span> <span class='ocrx_word' id='word_1_50' title='bbox 1489 455 1521 480; x_wconf 88' lang='lat'>1.</span> <span class='ocrx_word' id='word_1_51' title='bbox 1552 446 1628 480; x_wconf 84' lang='grc' dir='ltr'>τῶν</span> <span class='ocrx_word' id='word_1_52' title='bbox 1649 443 1773 481; x_wconf 82' lang='grc' dir='ltr'>ὄντων</span> 
     </span>
     <span class='ocr_line' id='line_1_7' title="bbox 262 492 1773 549; baseline 0.003 -18"><span class='ocrx_word' id='word_1_53' title='bbox 262 493 476 543; x_wconf 83' lang='grc' dir='ltr'>ἀνθρώπων</span> <span class='ocrx_word' id='word_1_54' title='bbox 497 492 652 535; x_wconf 82' lang='grc' dir='ltr'>οὐδένες</span> <span class='ocrx_word' id='word_1_55' title='bbox 672 507 755 532; x_wconf 88' lang='lat' dir='ltr'>non</span> <span class='ocrx_word' id='word_1_56' title='bbox 776 494 827 533; x_wconf 88' lang='lat' dir='ltr'>de</span> <span class='ocrx_word' id='word_1_57' title='bbox 848 493 1017 548; x_wconf 80' lang='lat' dir='ltr'>singulis</span> <span class='ocrx_word' id='word_1_58' title='bbox 1034 495 1270 534; x_wconf 86' lang='lat' dir='ltr'>hominibus</span> <span class='ocrx_word' id='word_1_59' title='bbox 1291 495 1615 549; x_wconf 80' lang='lat' dir='ltr'>intelligendum,</span> <span class='ocrx_word' id='word_1_60' title='bbox 1633 496 1705 536; x_wconf 89' lang='lat' dir='ltr'>sed</span> <span class='ocrx_word' id='word_1_61' title='bbox 1722 497 1773 536; x_wconf 89' lang='lat' dir='ltr'>de</span> 
     </span>
    </p>
   </div>
   <div class='ocr_carea' id='block_1_3' title="bbox 262 547 1687 603">
    <p class='ocr_par' dir='ltr' id='par_1_3' title="bbox 262 547 1687 603">
     <span class='ocr_line' id='line_1_8' title="bbox 262 547 1687 603; baseline 0.003 -17"><span class='ocrx_word' id='word_1_62' title='bbox 262 547 432 600; x_wconf 82' lang='lat' dir='ltr'>singulis</span> <span class='ocrx_word' id='word_1_63' title='bbox 452 548 665 587; x_wconf 90' lang='lat' dir='ltr'>hominum</span> <span class='ocrx_word' id='word_1_64' title='bbox 687 549 886 589; x_wconf 85' lang='lat' dir='ltr'>coetibus.</span> <span class='ocrx_word' id='word_1_65' title='bbox 933 549 1262 590; x_wconf 79' lang='lat' dir='ltr'><strong>SCHAEFER</strong></span> <span class='ocrx_word' id='word_1_66' title='bbox 1323 551 1448 590; x_wconf 81' lang='lat' dir='ltr'>Adde</span> <span class='ocrx_word' id='word_1_67' title='bbox 1469 566 1509 603; x_wconf 88' lang='lat' dir='ltr'>p.</span> <span class='ocrx_word' id='word_1_68' title='bbox 1536 565 1597 601; x_wconf 88' lang='grc'>14,</span> <span class='ocrx_word' id='word_1_69' title='bbox 1627 565 1687 602; x_wconf 85' lang='grc'>19.</span> 
     </span>
    </p>
   </div>
   <div class='ocr_carea' id='block_1_4' title="bbox 326 604 1772 658">
    <p class='ocr_par' dir='ltr' id='par_1_4' title="bbox 326 604 1772 658">
     <span class='ocr_line' id='line_1_9' title="bbox 326 604 1772 658; baseline 0.004 -18"><span class='ocrx_word' id='word_1_70' title='bbox 326 615 414 655; x_wconf 88' lang='grc'>145,</span> <span class='ocrx_word' id='word_1_71' title='bbox 441 616 504 642; x_wconf 80' lang='lat'>21.</span> <span class='ocrx_word' id='word_1_72' title='bbox 555 604 800 658; x_wconf 78' lang='grc' dir='ltr'>μεταθεῖναι]</span> <span class='ocrx_word' id='word_1_73' title='bbox 854 605 1039 645; x_wconf 80' lang='lat' dir='ltr'>Subaudi</span> <span class='ocrx_word' id='word_1_74' title='bbox 1082 607 1115 644; x_wconf 84' lang='grc' dir='ltr'>εἰ</span> <span class='ocrx_word' id='word_1_75' title='bbox 1156 606 1198 645; x_wconf 80' lang='grc' dir='ltr'>ἓν</span> <span class='ocrx_word' id='word_1_76' title='bbox 1237 607 1358 655; x_wconf 90' lang='grc' dir='ltr'>μόνον</span> <span class='ocrx_word' id='word_1_77' title='bbox 1397 606 1445 656; x_wconf 85' lang='grc' dir='ltr'>ἠν</span> <span class='ocrx_word' id='word_1_78' title='bbox 1479 607 1522 646; x_wconf 86' lang='grc' dir='ltr'>τὸ</span> <span class='ocrx_word' id='word_1_79' title='bbox 1558 606 1772 657; x_wconf 84' lang='grc' dir='ltr'>ἁμάρτημα.</span> 
     </span>
    </p>
   </div>
   <div class='ocr_carea' id='block_1_5' title="bbox 264 657 458 697">
    <p class='ocr_par' dir='ltr' id='par_1_5' title="bbox 264 657 458 697">
     <span class='ocr_line' id='line_1_10' title="bbox 264 657 458 697; baseline 0.005 -1"><span class='ocrx_word' id='word_1_80' title='bbox 264 657 458 697; x_wconf 84' lang='lat' dir='ltr'><strong>REISK.</strong></span> 
     </span>
    </p>
   </div>
   <div class='ocr_carea' id='block_1_6' title="bbox 258 714 1783 2919">
    <p class='ocr_par' dir='ltr' id='par_1_6' title="bbox 324 714 1684 770">
     <span class='ocr_line' id='line_1_11' title="bbox 324 714 1684 770; baseline 0.002 -18"><span class='ocrx_word' id='word_1_81' title='bbox 324 725 415 766; x_wconf 89' lang='grc'>145,</span> <span class='ocrx_word' id='word_1_82' title='bbox 441 725 507 753; x_wconf 82' lang='grc'>22.</span> <span class='ocrx_word' id='word_1_83' title='bbox 539 714 582 753; x_wconf 85' lang='grc' dir='ltr'>τὸ</span> <span class='ocrx_word' id='word_1_84' title='bbox 606 714 686 754; x_wconf 88' lang='grc' dir='ltr'>καθ’</span> <span class='ocrx_word' id='word_1_85' title='bbox 712 716 898 770; x_wconf 81' lang='grc' dir='ltr'>ἕκαστον]</span> <span class='ocrx_word' id='word_1_86' title='bbox 934 716 1118 755; x_wconf 81' lang='lat' dir='ltr'>Subaudi</span> <span class='ocrx_word' id='word_1_87' title='bbox 1141 716 1289 767; x_wconf 80' lang='grc' dir='ltr'>λέγειι.</span> <span class='ocrx_word' id='word_1_88' title='bbox 1352 715 1684 756; x_wconf 78' lang='lat' dir='ltr'><strong>SCHAEFER.</strong></span> 
     </span>
    </p>

    <p class='ocr_par' dir='ltr' id='par_1_7' title="bbox 326 769 1753 825">
     <span class='ocr_line' id='line_1_12' title="bbox 326 769 1753 825; baseline 0.002 -18"><span class='ocrx_word' id='word_1_89' title='bbox 326 781 415 821; x_wconf 86' lang='grc'>145,</span> <span class='ocrx_word' id='word_1_90' title='bbox 442 780 507 821; x_wconf 88' lang='grc'>25.</span> <span class='ocrx_word' id='word_1_91' title='bbox 539 769 807 825; x_wconf 72' lang='grc' dir='ltr'>πέπραται-]</span> <span class='ocrx_word' id='word_1_92' title='bbox 843 771 908 809; x_wconf 85' lang='lat' dir='ltr'>Ex</span> <span class='ocrx_word' id='word_1_93' title='bbox 931 771 1038 810; x_wconf 90' lang='lat' dir='ltr'><strong>Phil.</strong></span> <span class='ocrx_word' id='word_1_94' title='bbox 1064 771 1146 810; x_wconf 91' lang='lat' dir='ltr'><strong>III.</strong></span> <span class='ocrx_word' id='word_1_95' title='bbox 1168 786 1207 824; x_wconf 91' lang='lat' dir='ltr'><strong>p.</strong></span> <span class='ocrx_word' id='word_1_96' title='bbox 1231 784 1321 819; x_wconf 87' lang='grc'>120,</span> <span class='ocrx_word' id='word_1_97' title='bbox 1347 783 1412 822; x_wconf 87' lang='lat'>27.</span> <span class='ocrx_word' id='word_1_98' title='bbox 1434 786 1521 824; x_wconf 84' lang='lat' dir='ltr'><strong>sqq.</strong></span> <span class='ocrx_word' id='word_1_99' title='bbox 1583 771 1753 810; x_wconf 85' lang='lat' dir='ltr'><strong>DOBR.</strong></span> 
     </span>
    </p>

    <p class='ocr_par' dir='ltr' id='par_1_8' title="bbox 258 823 1776 988">
     <span class='ocr_line' id='line_1_13' title="bbox 319 823 1774 878; baseline 0.003 -16"><span class='ocrx_word' id='word_1_100' title='bbox 319 823 644 874; x_wconf 78' lang='grc' dir='ltr'>πέπραται-τῶν</span> <span class='ocrx_word' id='word_1_101' title='bbox 677 827 836 878; x_wconf 82' lang='grc' dir='ltr'>καιρῶν]</span> <span class='ocrx_word' id='word_1_102' title='bbox 870 827 943 865; x_wconf 86' lang='grc' dir='ltr'>ὑπὸ</span> <span class='ocrx_word' id='word_1_103' title='bbox 980 831 1056 865; x_wconf 84' lang='grc' dir='ltr'>τῶν</span> <span class='ocrx_word' id='word_1_104' title='bbox 1090 831 1289 877; x_wconf 80' lang='grc' dir='ltr'>προδοτῶν</span> <span class='ocrx_word' id='word_1_105' title='bbox 1324 828 1544 877; x_wconf 76' lang='grc' dir='ltr'>ἀφείθησαν</span> <span class='ocrx_word' id='word_1_106' title='bbox 1581 828 1617 866; x_wconf 83' lang='grc' dir='ltr'>οἱ</span> <span class='ocrx_word' id='word_1_107' title='bbox 1651 844 1774 877; x_wconf 88' lang='grc' dir='ltr'>παρα-</span> 
     </span>
     <span class='ocr_line' id='line_1_14' title="bbox 262 881 1776 935; baseline 0.002 -17"><span class='ocrx_word' id='word_1_108' title='bbox 262 881 506 921; x_wconf 84' lang='grc' dir='ltr'>πεπτωκότες</span> <span class='ocrx_word' id='word_1_109' title='bbox 527 882 663 931; x_wconf 84' lang='grc' dir='ltr'>καιροί.</span> <span class='ocrx_word' id='word_1_110' title='bbox 705 882 892 933; x_wconf 74' lang='lat' dir='ltr'>Perfidia</span> <span class='ocrx_word' id='word_1_111' title='bbox 906 882 1091 934; x_wconf 69' lang='lat' dir='ltr'><em>27707l7&#39;7‘07</em></span> <span class='ocrx_word' id='word_1_112' title='bbox 1095 896 1158 921; x_wconf 83' lang='lat'><em>77777</em></span> <span class='ocrx_word' id='word_1_113' title='bbox 1177 882 1357 935; x_wconf 74' lang='lat' dir='ltr'>sinqulae</span> <span class='ocrx_word' id='word_1_114' title='bbox 1377 883 1591 921; x_wconf 74' lang='lat' dir='ltr'>occasiones</span> <span class='ocrx_word' id='word_1_115' title='bbox 1610 882 1668 921; x_wconf 68' lang='lat' dir='ltr'>wi</span> <span class='ocrx_word' id='word_1_116' title='bbox 1688 881 1776 921; x_wconf 72' lang='lat' dir='ltr'>bene</span> 
     </span>
     <span class='ocr_line' id='line_1_15' title="bbox 258 934 1614 988; baseline 0.002 -15"><span class='ocrx_word' id='word_1_117' title='bbox 258 934 453 987; x_wconf 69' lang='lat' dir='ltr'>yerendae</span> <span class='ocrx_word' id='word_1_118' title='bbox 473 941 509 974; x_wconf 79' lang='lat' dir='ltr'>et</span> <span class='ocrx_word' id='word_1_119' title='bbox 519 936 740 988; x_wconf 65' lang='lat' dir='ltr'>par-andem</span> <span class='ocrx_word' id='word_1_120' title='bbox 745 951 807 975; x_wconf 86' lang='lat'><em>77777</em></span> <span class='ocrx_word' id='word_1_121' title='bbox 827 937 1047 976; x_wconf 66' lang='lat'><em>777777‘777777777</em></span> <span class='ocrx_word' id='word_1_122' title='bbox 1067 942 1158 976; x_wconf 72' lang='lat' dir='ltr'>sunt</span> <span class='ocrx_word' id='word_1_123' title='bbox 1181 938 1359 977; x_wconf 73' lang='lat' dir='ltr'>amissae.</span> <span class='ocrx_word' id='word_1_124' title='bbox 1423 937 1614 976; x_wconf 88' lang='lat' dir='ltr'><strong>WOLF.</strong></span> 
     </span>
    </p>

    <p class='ocr_par' dir='ltr' id='par_1_9' title="bbox 263 992 1776 1154">
     <span class='ocr_line' id='line_1_16' title="bbox 326 992 1776 1045; baseline 0.001 -17"><span class='ocrx_word' id='word_1_125' title='bbox 326 1002 416 1042; x_wconf 88' lang='grc'>145,</span> <span class='ocrx_word' id='word_1_126' title='bbox 442 993 506 1029; x_wconf 82' lang='lat'>26.</span> <span class='ocrx_word' id='word_1_127' title='bbox 537 992 799 1042; x_wconf 80' lang='grc' dir='ltr'>μετειληφατε</span> <span class='ocrx_word' id='word_1_128' title='bbox 825 994 932 1042; x_wconf 82' lang='grc' dir='ltr'>ὑμεῖς</span> <span class='ocrx_word' id='word_1_129' title='bbox 959 994 1214 1043; x_wconf 67' lang='grc' dir='ltr'>μὲι-ἕτεροι</span> <span class='ocrx_word' id='word_1_130' title='bbox 1242 992 1495 1045; x_wconf 83' lang='grc' dir='ltr'>δε-έχουσι]</span> <span class='ocrx_word' id='word_1_131' title='bbox 1528 993 1668 1032; x_wconf 80' lang='lat' dir='ltr'>Proba</span> <span class='ocrx_word' id='word_1_132' title='bbox 1689 1006 1776 1032; x_wconf 79' lang='lat' dir='ltr'>ver-</span> 
     </span>
     <span class='ocr_line' id='line_1_17' title="bbox 263 1046 1772 1094; baseline 0.001 -9"><span class='ocrx_word' id='word_1_133' title='bbox 263 1046 412 1085; x_wconf 90' lang='lat' dir='ltr'>borum</span> <span class='ocrx_word' id='word_1_134' title='bbox 443 1046 712 1094; x_wconf 69' lang='lat' dir='ltr'>constructio,</span> <span class='ocrx_word' id='word_1_135' title='bbox 741 1047 813 1086; x_wconf 86' lang='lat' dir='ltr'>sed</span> <span class='ocrx_word' id='word_1_136' title='bbox 837 1047 972 1086; x_wconf 86' lang='lat' dir='ltr'>minus</span> <span class='ocrx_word' id='word_1_137' title='bbox 999 1048 1211 1088; x_wconf 85' lang='lat' dir='ltr'>concinna.</span> <span class='ocrx_word' id='word_1_138' title='bbox 1263 1048 1500 1089; x_wconf 81' lang='lat' dir='ltr'><strong>SCHAEF</strong></span> <span class='ocrx_word' id='word_1_139' title='bbox 1505 1048 1595 1087; x_wconf 84' lang='lat' dir='ltr'>ER.</span> <span class='ocrx_word' id='word_1_140' title='bbox 1656 1048 1772 1088; x_wconf 82' lang='lat' dir='ltr'><strong>Conf.</strong></span> 
     </span>
     <span class='ocr_line' id='line_1_18' title="bbox 264 1100 957 1154; baseline 0.003 -14"><span class='ocrx_word' id='word_1_141' title='bbox 264 1100 462 1141; x_wconf 75' lang='lat' dir='ltr'>Cher-son.</span> <span class='ocrx_word' id='word_1_142' title='bbox 483 1116 522 1154; x_wconf 90' lang='lat' dir='ltr'>p.</span> <span class='ocrx_word' id='word_1_143' title='bbox 547 1115 635 1149; x_wconf 85' lang='grc'>102,</span> <span class='ocrx_word' id='word_1_144' title='bbox 660 1115 725 1154; x_wconf 81' lang='grc'>29,</span> <span class='ocrx_word' id='word_1_145' title='bbox 786 1103 957 1143; x_wconf 81' lang='lat' dir='ltr'><strong>DOBR.</strong></span> 
     </span>
    </p>

    <p class='ocr_par' dir='ltr' id='par_1_10' title="bbox 266 1158 1777 1322">
     <span class='ocr_line' id='line_1_19' title="bbox 327 1158 1777 1211; baseline 0.002 -16"><span class='ocrx_word' id='word_1_146' title='bbox 327 1168 418 1208; x_wconf 91' lang='grc'>145,</span> <span class='ocrx_word' id='word_1_147' title='bbox 443 1159 506 1196; x_wconf 83' lang='grc'>28.</span> <span class='ocrx_word' id='word_1_148' title='bbox 538 1159 606 1199; x_wconf 76' lang='grc' dir='ltr'>τὰς</span> <span class='ocrx_word' id='word_1_149' title='bbox 637 1158 763 1211; x_wconf 78' lang='grc' dir='ltr'>τιμὰς]</span> <span class='ocrx_word' id='word_1_150' title='bbox 797 1158 1060 1198; x_wconf 79' lang='lat' dir='ltr'>Vertendum</span> <span class='ocrx_word' id='word_1_151' title='bbox 1082 1159 1231 1211; x_wconf 72' lang='lat' dir='ltr'>pretia.</span> <span class='ocrx_word' id='word_1_152' title='bbox 1265 1159 1412 1211; x_wconf 89' lang='lat' dir='ltr'>quibus</span> <span class='ocrx_word' id='word_1_153' title='bbox 1445 1161 1492 1198; x_wconf 80' lang='grc' dir='ltr'>τὰ</span> <span class='ocrx_word' id='word_1_154' title='bbox 1525 1158 1777 1208; x_wconf 88' lang='grc' dir='ltr'>συμφέροντα</span> 
     </span>
     <span class='ocr_line' id='line_1_20' title="bbox 267 1212 1776 1267; baseline 0.001 -17"><span class='ocrx_word' id='word_1_155' title='bbox 267 1212 515 1262; x_wconf 84' lang='grc' dir='ltr'>ἐκπέπραται.</span> <span class='ocrx_word' id='word_1_156' title='bbox 567 1214 586 1251; x_wconf 89' lang='grc' dir='ltr'>ὁ</span> <span class='ocrx_word' id='word_1_157' title='bbox 611 1214 751 1262; x_wconf 84' lang='grc' dir='ltr'>μισθὸς</span> <span class='ocrx_word' id='word_1_158' title='bbox 771 1213 926 1253; x_wconf 83' lang='lat' dir='ltr'>dicitur</span> <span class='ocrx_word' id='word_1_159' title='bbox 946 1229 986 1266; x_wconf 88' lang='lat' dir='ltr'>p.</span> <span class='ocrx_word' id='word_1_160' title='bbox 1010 1227 1098 1266; x_wconf 78' lang='lat'><strong>103,</strong></span> <span class='ocrx_word' id='word_1_161' title='bbox 1117 1228 1157 1267; x_wconf 84' lang='lat'>3.</span> <span class='ocrx_word' id='word_1_162' title='bbox 1210 1215 1333 1263; x_wconf 84' lang='grc' dir='ltr'>ἕτεροι</span> <span class='ocrx_word' id='word_1_163' title='bbox 1356 1218 1498 1253; x_wconf 83' lang='lat' dir='ltr'>autem</span> <span class='ocrx_word' id='word_1_164' title='bbox 1522 1213 1776 1267; x_wconf 82' lang='lat' dir='ltr'>intelligendi</span> 
     </span>
     <span class='ocr_line' id='line_1_21' title="bbox 266 1266 1492 1322; baseline 0.001 -16"><span class='ocrx_word' id='word_1_165' title='bbox 266 1271 363 1306; x_wconf 87' lang='lat' dir='ltr'>sunt</span> <span class='ocrx_word' id='word_1_166' title='bbox 384 1266 620 1320; x_wconf 81' lang='lat' dir='ltr'>proditores</span> <span class='ocrx_word' id='word_1_167' title='bbox 641 1283 666 1307; x_wconf 85' lang='lat' dir='ltr'>a</span> <span class='ocrx_word' id='word_1_168' title='bbox 688 1268 881 1321; x_wconf 86' lang='lat' dir='ltr'>Philippo</span> <span class='ocrx_word' id='word_1_169' title='bbox 902 1269 1099 1322; x_wconf 82' lang='lat' dir='ltr'>corrupti.</span> <span class='ocrx_word' id='word_1_170' title='bbox 1161 1269 1492 1308; x_wconf 77' lang='lat' dir='ltr'><strong>SCHAEFER.</strong></span> 
     </span>
    </p>

    <p class='ocr_par' dir='ltr' id='par_1_11' title="bbox 266 1323 1777 1432">
     <span class='ocr_line' id='line_1_22' title="bbox 328 1323 1777 1377; baseline 0.001 -16"><span class='ocrx_word' id='word_1_171' title='bbox 328 1335 419 1375; x_wconf 89' lang='grc'>145,</span> <span class='ocrx_word' id='word_1_172' title='bbox 445 1334 667 1376; x_wconf 81' lang='grc'>29.--150,</span> <span class='ocrx_word' id='word_1_173' title='bbox 689 1337 729 1375; x_wconf 91' lang='lat'>5.</span> <span class='ocrx_word' id='word_1_174' title='bbox 762 1324 912 1364; x_wconf 88' lang='lat' dir='ltr'>Omnia</span> <span class='ocrx_word' id='word_1_175' title='bbox 942 1325 1084 1377; x_wconf 78' lang='lat' dir='ltr'>paucis</span> <span class='ocrx_word' id='word_1_176' title='bbox 1115 1324 1181 1364; x_wconf 90' lang='lat' dir='ltr'>hic</span> <span class='ocrx_word' id='word_1_177' title='bbox 1212 1324 1291 1363; x_wconf 88' lang='lat' dir='ltr'>illic</span> <span class='ocrx_word' id='word_1_178' title='bbox 1322 1324 1495 1364; x_wconf 87' lang='lat' dir='ltr'>mutatis</span> <span class='ocrx_word' id='word_1_179' title='bbox 1526 1338 1547 1363; x_wconf 89' lang='lat' dir='ltr'>e</span> <span class='ocrx_word' id='word_1_180' title='bbox 1578 1323 1777 1364; x_wconf 84' lang='lat' dir='ltr'>Cherson.</span> 
     </span>
     <span class='ocr_line' id='line_1_23' title="bbox 266 1379 989 1432; baseline -0.001 -14"><span class='ocrx_word' id='word_1_181' title='bbox 266 1393 305 1432; x_wconf 93' lang='lat' dir='ltr'>p.</span> <span class='ocrx_word' id='word_1_182' title='bbox 329 1390 420 1425; x_wconf 89' lang='grc'>102,</span> <span class='ocrx_word' id='word_1_183' title='bbox 446 1381 665 1430; x_wconf 82' lang='lat'><strong>23.—106,</strong></span> <span class='ocrx_word' id='word_1_184' title='bbox 691 1392 755 1418; x_wconf 91' lang='grc'>20.</span> <span class='ocrx_word' id='word_1_185' title='bbox 816 1379 989 1419; x_wconf 80' lang='lat' dir='ltr'><strong>DOBR.</strong></span> 
     </span>
    </p>

    <p class='ocr_par' dir='ltr' id='par_1_12' title="bbox 270 1434 1775 1541">
     <span class='ocr_line' id='line_1_24' title="bbox 329 1434 1775 1488; baseline 0.001 -17"><span class='ocrx_word' id='word_1_186' title='bbox 329 1435 419 1483; x_wconf 89' lang='grc'>146,</span> <span class='ocrx_word' id='word_1_187' title='bbox 445 1444 483 1471; x_wconf 85' lang='grc'>2.</span> <span class='ocrx_word' id='word_1_188' title='bbox 526 1434 694 1484; x_wconf 83' lang='grc' dir='ltr'>γράφειν</span> <span class='ocrx_word' id='word_1_189' title='bbox 730 1435 920 1488; x_wconf 85' lang='grc' dir='ltr'>πόλεμον]</span> <span class='ocrx_word' id='word_1_190' title='bbox 966 1435 1077 1488; x_wconf 78' lang='lat' dir='ltr'>V.p</span> <span class='ocrx_word' id='word_1_191' title='bbox 1050 1451 1089 1488; x_wconf 90' lang='lat' dir='ltr'>p.</span> <span class='ocrx_word' id='word_1_192' title='bbox 1118 1449 1207 1484; x_wconf 85' lang='grc'>104,</span> <span class='ocrx_word' id='word_1_193' title='bbox 1236 1448 1270 1474; x_wconf 92' lang='lat'>1.</span> <span class='ocrx_word' id='word_1_194' title='bbox 1313 1436 1401 1485; x_wconf 71' lang='lat'><strong>136,</strong></span> <span class='ocrx_word' id='word_1_195' title='bbox 1429 1447 1468 1486; x_wconf 75' lang='lat'>3.</span> <span class='ocrx_word' id='word_1_196' title='bbox 1499 1447 1558 1474; x_wconf 87' lang='lat'>10.</span> <span class='ocrx_word' id='word_1_197' title='bbox 1596 1444 1686 1487; x_wconf 85' lang='lat'><strong>147,</strong></span> <span class='ocrx_word' id='word_1_198' title='bbox 1713 1447 1775 1474; x_wconf 91' lang='lat'>11.</span> 
     </span>
     <span class='ocr_line' id='line_1_25' title="bbox 270 1488 1494 1543; baseline 0.002 -17"><span class='ocrx_word' id='word_1_199' title='bbox 270 1488 318 1527; x_wconf 90' lang='lat' dir='ltr'>P.</span> <span class='ocrx_word' id='word_1_200' title='bbox 341 1490 435 1541; x_wconf 82' lang='lat'><strong>136,</strong></span> <span class='ocrx_word' id='word_1_201' title='bbox 453 1488 493 1526; x_wconf 87' lang='grc'>8.</span> <span class='ocrx_word' id='word_1_202' title='bbox 528 1489 681 1540; x_wconf 76' lang='grc' dir='ltr'>ἔγραψέ</span> <span class='ocrx_word' id='word_1_203' title='bbox 702 1506 756 1530; x_wconf 82' lang='grc' dir='ltr'>τις</span> <span class='ocrx_word' id='word_1_204' title='bbox 777 1491 876 1543; x_wconf 77' lang='grc' dir='ltr'>αὐτῷ</span> <span class='ocrx_word' id='word_1_205' title='bbox 898 1496 1099 1540; x_wconf 87' lang='grc' dir='ltr'>πολεμεῖν.</span> <span class='ocrx_word' id='word_1_206' title='bbox 1162 1490 1494 1530; x_wconf 80' lang='lat' dir='ltr'><strong>SCHAEFER.</strong></span> 
     </span>
    </p>

    <p class='ocr_par' dir='ltr' id='par_1_13' title="bbox 270 1544 1779 1655">
     <span class='ocr_line' id='line_1_26' title="bbox 333 1544 1779 1599; baseline 0.001 -18"><span class='ocrx_word' id='word_1_207' title='bbox 333 1554 422 1595; x_wconf 91' lang='grc'>147,</span> <span class='ocrx_word' id='word_1_208' title='bbox 451 1556 484 1582; x_wconf 88' lang='grc'>1.</span> <span class='ocrx_word' id='word_1_209' title='bbox 520 1544 766 1593; x_wconf 81' lang='grc' dir='ltr'>ὁμοθυμαδὸν</span> <span class='ocrx_word' id='word_1_210' title='bbox 803 1546 844 1583; x_wconf 83' lang='grc' dir='ltr'>εἰ(</span> <span class='ocrx_word' id='word_1_211' title='bbox 875 1562 962 1594; x_wconf 86' lang='grc' dir='ltr'>μιας</span> <span class='ocrx_word' id='word_1_212' title='bbox 991 1546 1159 1599; x_wconf 81' lang='grc' dir='ltr'>γνώμης]</span> <span class='ocrx_word' id='word_1_213' title='bbox 1198 1546 1252 1585; x_wconf 85' lang='lat' dir='ltr'>V.</span> <span class='ocrx_word' id='word_1_214' title='bbox 1278 1545 1476 1585; x_wconf 78' lang='lat' dir='ltr'>Lobeckii</span> <span class='ocrx_word' id='word_1_215' title='bbox 1509 1545 1696 1599; x_wconf 78' lang='lat' dir='ltr'>Parelga</span> <span class='ocrx_word' id='word_1_216' title='bbox 1725 1544 1779 1584; x_wconf 80' lang='lat' dir='ltr'>ad</span> 
     </span>
     <span class='ocr_line' id='line_1_27' title="bbox 270 1598 1778 1655; baseline 0.001 -17"><span class='ocrx_word' id='word_1_217' title='bbox 270 1598 494 1650; x_wconf 82' lang='lat' dir='ltr'>Phrynich.</span> <span class='ocrx_word' id='word_1_218' title='bbox 527 1613 566 1650; x_wconf 91' lang='lat' dir='ltr'>p.</span> <span class='ocrx_word' id='word_1_219' title='bbox 599 1609 619 1650; x_wconf 95' lang='lat'>7</span> <span class='ocrx_word' id='word_1_220' title='bbox 624 1612 692 1651; x_wconf 92' lang='grc'>54</span> <span class='ocrx_word' id='word_1_221' title='bbox 737 1599 806 1652; x_wconf 89' lang='lat' dir='ltr'>qui</span> <span class='ocrx_word' id='word_1_222' title='bbox 857 1600 960 1640; x_wconf 88' lang='lat' dir='ltr'>satis</span> <span class='ocrx_word' id='word_1_223' title='bbox 1000 1601 1208 1655; x_wconf 82' lang='lat' dir='ltr'>congessit</span> <span class='ocrx_word' id='word_1_224' title='bbox 1247 1601 1394 1641; x_wconf 85' lang='lat' dir='ltr'>talium</span> <span class='ocrx_word' id='word_1_225' title='bbox 1433 1601 1778 1653; x_wconf 82' lang='lat' dir='ltr'>pleonasmorum.</span> 
     </span>
    </p>

    <p class='ocr_par' dir='ltr' id='par_1_14' title="bbox 269 1709 1779 1876">
     <span class='ocr_line' id='line_1_28' title="bbox 330 1709 1777 1764; baseline 0.001 -16"><span class='ocrx_word' id='word_1_226' title='bbox 330 1722 421 1760; x_wconf 85' lang='grc'>147,</span> <span class='ocrx_word' id='word_1_227' title='bbox 444 1722 482 1761; x_wconf 83' lang='lat'>3.</span> <span class='ocrx_word' id='word_1_228' title='bbox 516 1709 592 1748; x_wconf 80' lang='grc' dir='ltr'>ἀπὸ</span> <span class='ocrx_word' id='word_1_229' title='bbox 623 1712 698 1747; x_wconf 87' lang='grc' dir='ltr'>τῶν</span> <span class='ocrx_word' id='word_1_230' title='bbox 728 1712 889 1758; x_wconf 80' lang='grc' dir='ltr'>πρώτων</span> <span class='ocrx_word' id='word_1_231' title='bbox 921 1712 1118 1763; x_wconf 80' lang='grc' dir='ltr'>θορύβων]</span> <span class='ocrx_word' id='word_1_232' title='bbox 1143 1726 1169 1751; x_wconf 76' lang='grc' dir='ltr'>α</span> <span class='ocrx_word' id='word_1_233' title='bbox 1190 1711 1342 1764; x_wconf 68' lang='grc' dir='ltr'>Ρνιιιιίε</span> <span class='ocrx_word' id='word_1_234' title='bbox 1366 1710 1606 1758; x_wconf 72' lang='grc' dir='ltr'>ί-ιιηιιιῖίίὂιιε,</span> <span class='ocrx_word' id='word_1_235' title='bbox 1629 1711 1671 1750; x_wconf 84' lang='grc'>1(1</span> <span class='ocrx_word' id='word_1_236' title='bbox 1702 1715 1777 1755; x_wconf 76' lang='lat' dir='ltr'><strong>est.</strong></span> 
     </span>
     <span class='ocr_line' id='line_1_29' title="bbox 269 1764 1779 1819; baseline 0 -14"><span class='ocrx_word' id='word_1_237' title='bbox 269 1779 363 1805; x_wconf 91' lang='lat' dir='ltr'>cum</span> <span class='ocrx_word' id='word_1_238' title='bbox 385 1764 562 1817; x_wconf 88' lang='lat' dir='ltr'>primum</span> <span class='ocrx_word' id='word_1_239' title='bbox 590 1764 794 1803; x_wconf 82' lang='lat' dir='ltr'>tumultus</span> <span class='ocrx_word' id='word_1_240' title='bbox 820 1765 967 1818; x_wconf 84' lang='lat' dir='ltr'>aliquis</span> <span class='ocrx_word' id='word_1_241' title='bbox 994 1767 1118 1806; x_wconf 87' lang='lat' dir='ltr'>fuerit</span> <span class='ocrx_word' id='word_1_242' title='bbox 1144 1771 1273 1813; x_wconf 72' lang='lat' dir='ltr'>ortus,</span> <span class='ocrx_word' id='word_1_243' title='bbox 1296 1767 1358 1805; x_wconf 85' lang='lat' dir='ltr'>vel</span> <span class='ocrx_word' id='word_1_244' title='bbox 1379 1781 1471 1805; x_wconf 90' lang='lat' dir='ltr'>cum</span> <span class='ocrx_word' id='word_1_245' title='bbox 1499 1766 1678 1819; x_wconf 89' lang='lat' dir='ltr'>primum</span> <span class='ocrx_word' id='word_1_246' title='bbox 1703 1765 1779 1819; x_wconf 89' lang='lat' dir='ltr'>ipsi</span> 
     </span>
     <span class='ocr_line' id='line_1_30' title="bbox 269 1819 1767 1876; baseline 0.001 -17"><span class='ocrx_word' id='word_1_247' title='bbox 269 1821 494 1860; x_wconf 82' lang='lat' dir='ltr'>tumultum</span> <span class='ocrx_word' id='word_1_248' title='bbox 516 1819 766 1859; x_wconf 89' lang='lat' dir='ltr'>concitarint</span> <span class='ocrx_word' id='word_1_249' title='bbox 788 1825 832 1860; x_wconf 90' lang='lat' dir='ltr'>et</span> <span class='ocrx_word' id='word_1_250' title='bbox 852 1835 926 1860; x_wconf 85' lang='lat' dir='ltr'>nos</span> <span class='ocrx_word' id='word_1_251' title='bbox 948 1822 1185 1862; x_wconf 81' lang='lat' dir='ltr'>calumniati</span> <span class='ocrx_word' id='word_1_252' title='bbox 1206 1821 1371 1861; x_wconf 88' lang='lat' dir='ltr'>fuerint.</span> <span class='ocrx_word' id='word_1_253' title='bbox 1434 1821 1624 1861; x_wconf 88' lang='lat' dir='ltr'><strong>WOLF.</strong></span> <span class='ocrx_word' id='word_1_254' title='bbox 1759 1870 1767 1876; x_wconf 29' lang='lat'><strong>⁴</strong></span> 
     </span>
    </p>

    <p class='ocr_par' dir='ltr' id='par_1_15' title="bbox 268 1875 1780 2038">
     <span class='ocr_line' id='line_1_31' title="bbox 331 1875 1780 1928; baseline 0.002 -15"><span class='ocrx_word' id='word_1_255' title='bbox 331 1888 421 1924; x_wconf 89' lang='grc'>147,</span> <span class='ocrx_word' id='word_1_256' title='bbox 443 1888 482 1928; x_wconf 90' lang='grc'>5.</span> <span class='ocrx_word' id='word_1_257' title='bbox 525 1875 688 1926; x_wconf 84' lang='grc' dir='ltr'>τούτων]</span> <span class='ocrx_word' id='word_1_258' title='bbox 737 1875 830 1914; x_wconf 82' lang='lat' dir='ltr'><strong>Scil.</strong></span> <span class='ocrx_word' id='word_1_259' title='bbox 864 1880 940 1916; x_wconf 85' lang='grc' dir='ltr'>τῶν</span> <span class='ocrx_word' id='word_1_260' title='bbox 972 1877 1162 1926; x_wconf 83' lang='grc' dir='ltr'>οἰομένων</span> <span class='ocrx_word' id='word_1_261' title='bbox 1198 1881 1280 1917; x_wconf 84' lang='grc' dir='ltr'>δεῖν</span> <span class='ocrx_word' id='word_1_262' title='bbox 1317 1877 1473 1918; x_wconf 79' lang='grc' dir='ltr'>ἑαυτοὺς</span> <span class='ocrx_word' id='word_1_263' title='bbox 1507 1880 1554 1916; x_wconf 81' lang='grc' dir='ltr'>τὰ</span> <span class='ocrx_word' id='word_1_264' title='bbox 1587 1877 1780 1926; x_wconf 81' lang='grc' dir='ltr'>βέλτιστα</span> 
     </span>
     <span class='ocr_line' id='line_1_32' title="bbox 268 1931 1780 1986; baseline 0.001 -16"><span class='ocrx_word' id='word_1_265' title='bbox 268 1931 403 1981; x_wconf 83' lang='grc' dir='ltr'>λέγειν</span> <span class='ocrx_word' id='word_1_266' title='bbox 432 1932 527 1979; x_wconf 81' lang='grc' dir='ltr'>ὑπὲρ</span> <span class='ocrx_word' id='word_1_267' title='bbox 558 1931 664 1979; x_wconf 85' lang='grc' dir='ltr'>ὑμῶν</span> <span class='ocrx_word' id='word_1_268' title='bbox 690 1944 728 1982; x_wconf 90' lang='lat' dir='ltr'>p.</span> <span class='ocrx_word' id='word_1_269' title='bbox 754 1932 842 1980; x_wconf 87' lang='grc'>146,</span> <span class='ocrx_word' id='word_1_270' title='bbox 865 1932 930 1970; x_wconf 83' lang='lat'>28.</span> <span class='ocrx_word' id='word_1_271' title='bbox 992 1932 1164 1973; x_wconf 81' lang='lat' dir='ltr'>Amicos</span> <span class='ocrx_word' id='word_1_272' title='bbox 1185 1932 1346 1986; x_wconf 77' lang='lat' dir='ltr'>patriae</span> <span class='ocrx_word' id='word_1_273' title='bbox 1368 1932 1571 1986; x_wconf 82' lang='lat' dir='ltr'>designat,</span> <span class='ocrx_word' id='word_1_274' title='bbox 1595 1932 1780 1971; x_wconf 87' lang='lat' dir='ltr'>inimicos</span> 
     </span>
     <span class='ocr_line' id='line_1_33' title="bbox 270 1985 718 2038; baseline -0.004 -13"><span class='ocrx_word' id='word_1_275' title='bbox 270 1986 463 2038; x_wconf 86' lang='lat' dir='ltr'>Philippi.</span> <span class='ocrx_word' id='word_1_276' title='bbox 525 1985 718 2024; x_wconf 80' lang='lat' dir='ltr'><strong>REISK.</strong></span> 
     </span>
    </p>

    <p class='ocr_par' dir='ltr' id='par_1_16' title="bbox 270 2039 1781 2146">
     <span class='ocr_line' id='line_1_34' title="bbox 327 2039 1781 2096; baseline 0.001 -16"><span class='ocrx_word' id='word_1_277' title='bbox 327 2040 511 2091; x_wconf 82' lang='grc' dir='ltr'>ἀμφότερ’</span> <span class='ocrx_word' id='word_1_278' title='bbox 544 2039 662 2092; x_wconf 81' lang='grc' dir='ltr'>ἕξειν]</span> <span class='ocrx_word' id='word_1_279' title='bbox 703 2040 818 2090; x_wconf 72' lang='lat' dir='ltr'>Quae</span> <span class='ocrx_word' id='word_1_280' title='bbox 854 2047 1096 2094; x_wconf 76' lang='lat' dir='ltr'>sequuntur,</span> <span class='ocrx_word' id='word_1_281' title='bbox 1127 2044 1354 2094; x_wconf 76' lang='grc' dir='ltr'>ἐξηγητικῶς</span> <span class='ocrx_word' id='word_1_282' title='bbox 1383 2042 1563 2096; x_wconf 78' lang='lat' dir='ltr'>accipio:</span> <span class='ocrx_word' id='word_1_283' title='bbox 1597 2044 1781 2094; x_wconf 79' lang='grc' dir='ltr'>ἡγοῦνται</span> 
     </span>
     <span class='ocr_line' id='line_1_35' title="bbox 270 2096 1013 2146; baseline 0 -10"><span class='ocrx_word' id='word_1_284' title='bbox 270 2099 450 2146; x_wconf 85' lang='grc' dir='ltr'>δηλονότι</span> <span class='ocrx_word' id='word_1_285' title='bbox 477 2096 755 2144; x_wconf 79' lang='grc' dir='ltr'>εὐδοκιμήσειν.</span> <span class='ocrx_word' id='word_1_286' title='bbox 821 2096 1013 2137; x_wconf 47' lang='grc' dir='ltr'>ΧΥΟῙΛΡ.</span> 
     </span>
    </p>

    <p class='ocr_par' dir='ltr' id='par_1_17' title="bbox 270 2151 1783 2412">
     <span class='ocr_line' id='line_1_36' title="bbox 333 2151 1781 2205; baseline 0.001 -15"><span class='ocrx_word' id='word_1_287' title='bbox 333 2163 423 2201; x_wconf 77' lang='grc'>147,</span> <span class='ocrx_word' id='word_1_288' title='bbox 448 2165 484 2201; x_wconf 88' lang='lat'>7.</span> <span class='ocrx_word' id='word_1_289' title='bbox 517 2152 677 2203; x_wconf 79' lang='grc' dir='ltr'>τούτων]</span> <span class='ocrx_word' id='word_1_290' title='bbox 730 2151 824 2190; x_wconf 83' lang='lat' dir='ltr'><strong>Scil.</strong></span> <span class='ocrx_word' id='word_1_291' title='bbox 856 2156 931 2191; x_wconf 79' lang='grc' dir='ltr'>τῶν</span> <span class='ocrx_word' id='word_1_292' title='bbox 963 2155 1291 2203; x_wconf 80' lang='grc' dir='ltr'>κατηγορούντων.</span> <span class='ocrx_word' id='word_1_293' title='bbox 1325 2153 1379 2190; x_wconf 80' lang='lat' dir='ltr'>V.</span> <span class='ocrx_word' id='word_1_294' title='bbox 1402 2167 1521 2192; x_wconf 73' lang='lat' dir='ltr'>versu</span> <span class='ocrx_word' id='word_1_295' title='bbox 1542 2167 1582 2205; x_wconf 82' lang='grc'>5.</span> <span class='ocrx_word' id='word_1_296' title='bbox 1619 2154 1672 2193; x_wconf 80' lang='lat' dir='ltr'>ab</span> <span class='ocrx_word' id='word_1_297' title='bbox 1702 2153 1781 2200; x_wconf 76' lang='lat' dir='ltr'>bls,</span> 
     </span>
     <span class='ocr_line' id='line_1_37' title="bbox 272 2206 1781 2259; baseline 0.002 -15"><span class='ocrx_word' id='word_1_298' title='bbox 272 2206 342 2259; x_wconf 90' lang='lat' dir='ltr'>qui</span> <span class='ocrx_word' id='word_1_299' title='bbox 367 2207 456 2245; x_wconf 84' lang='lat' dir='ltr'>illos</span> <span class='ocrx_word' id='word_1_300' title='bbox 485 2207 614 2244; x_wconf 85' lang='lat' dir='ltr'>bonos</span> <span class='ocrx_word' id='word_1_301' title='bbox 640 2210 682 2245; x_wconf 88' lang='lat' dir='ltr'>et</span> <span class='ocrx_word' id='word_1_302' title='bbox 707 2206 814 2259; x_wconf 78' lang='lat' dir='ltr'>frugi</span> <span class='ocrx_word' id='word_1_303' title='bbox 841 2206 960 2253; x_wconf 75' lang='lat' dir='ltr'>cives,</span> <span class='ocrx_word' id='word_1_304' title='bbox 985 2207 1111 2247; x_wconf 83' lang='lat' dir='ltr'>vestri</span> <span class='ocrx_word' id='word_1_305' title='bbox 1138 2212 1339 2253; x_wconf 68' lang='lat' dir='ltr'>amantes,</span> <span class='ocrx_word' id='word_1_306' title='bbox 1362 2213 1559 2248; x_wconf 84' lang='lat' dir='ltr'>accusant</span> <span class='ocrx_word' id='word_1_307' title='bbox 1586 2213 1628 2247; x_wconf 85' lang='lat' dir='ltr'>et</span> <span class='ocrx_word' id='word_1_308' title='bbox 1654 2208 1781 2247; x_wconf 85' lang='lat' dir='ltr'>insec-</span> 
     </span>
     <span class='ocr_line' id='line_1_38' title="bbox 271 2261 1781 2314; baseline 0.001 -13"><span class='ocrx_word' id='word_1_309' title='bbox 271 2266 429 2301; x_wconf 84' lang='lat' dir='ltr'>tantur.</span> <span class='ocrx_word' id='word_1_310' title='bbox 466 2261 659 2299; x_wconf 70' lang='lat' dir='ltr'><strong>REISK.</strong></span> <span class='ocrx_word' id='word_1_311' title='bbox 721 2261 916 2300; x_wconf 76' lang='lat' dir='ltr'>Notabile</span> <span class='ocrx_word' id='word_1_312' title='bbox 938 2263 1169 2314; x_wconf 82' lang='lat' dir='ltr'>exemplum</span> <span class='ocrx_word' id='word_1_313' title='bbox 1191 2263 1444 2314; x_wconf 87' lang='lat' dir='ltr'>pronominis</span> <span class='ocrx_word' id='word_1_314' title='bbox 1461 2265 1570 2304; x_wconf 78' lang='grc' dir='ltr'>οὗτος</span> <span class='ocrx_word' id='word_1_315' title='bbox 1590 2263 1652 2302; x_wconf 85' lang='lat' dir='ltr'>bis</span> <span class='ocrx_word' id='word_1_316' title='bbox 1670 2263 1781 2302; x_wconf 88' lang='lat' dir='ltr'>dein—</span> 
     </span>
     <span class='ocr_line' id='line_1_39' title="bbox 271 2316 1783 2370; baseline 0.001 -15"><span class='ocrx_word' id='word_1_317' title='bbox 271 2331 367 2369; x_wconf 83' lang='lat' dir='ltr'>ceps</span> <span class='ocrx_word' id='word_1_318' title='bbox 398 2316 438 2354; x_wconf 92' lang='lat' dir='ltr'>in</span> <span class='ocrx_word' id='word_1_319' title='bbox 469 2316 613 2354; x_wconf 80' lang='lat' dir='ltr'>eadem</span> <span class='ocrx_word' id='word_1_320' title='bbox 644 2316 813 2367; x_wconf 84' lang='lat' dir='ltr'>periodo</span> <span class='ocrx_word' id='word_1_321' title='bbox 844 2316 1005 2356; x_wconf 79' lang='lat' dir='ltr'>diversa</span> <span class='ocrx_word' id='word_1_322' title='bbox 1029 2318 1329 2370; x_wconf 73' lang='lat' dir='ltr'>significatione</span> <span class='ocrx_word' id='word_1_323' title='bbox 1356 2318 1490 2370; x_wconf 86' lang='lat' dir='ltr'>positi.</span> <span class='ocrx_word' id='word_1_324' title='bbox 1555 2319 1637 2357; x_wconf 83' lang='lat' dir='ltr'>Sed</span> <span class='ocrx_word' id='word_1_325' title='bbox 1667 2333 1783 2357; x_wconf 86' lang='lat' dir='ltr'>error</span> 
     </span>
     <span class='ocr_line' id='line_1_40' title="bbox 270 2371 1781 2415; baseline 0.001 -5"><span class='ocrx_word' id='word_1_326' title='bbox 270 2372 389 2411; x_wconf 86' lang='lat' dir='ltr'>facile</span> <span class='ocrx_word' id='word_1_327' title='bbox 411 2371 737 2415; x_wconf 59' lang='lat' dir='ltr'>ca.x*e·t111‚1110do</span> <span class='ocrx_word' id='word_1_328' title='bbox 759 2372 954 2410; x_wconf 64' lang='lat' dir='ltr'>attendas</span> <span class='ocrx_word' id='word_1_329' title='bbox 975 2377 1161 2411; x_wconf 79' lang='lat' dir='ltr'>tenorem</span> <span class='ocrx_word' id='word_1_330' title='bbox 1183 2373 1394 2411; x_wconf 82' lang='lat' dir='ltr'>orationis.</span> <span class='ocrx_word' id='word_1_331' title='bbox 1450 2373 1781 2412; x_wconf 75' lang='lat' dir='ltr'><strong>SOHAEFER.</strong></span> 
     </span>
    </p>

    <p class='ocr_par' dir='ltr' id='par_1_18' title="bbox 274 2426 1781 2522">
     <span class='ocr_line' id='line_1_41' title="bbox 334 2426 1781 2481; baseline 0.001 -16"><span class='ocrx_word' id='word_1_332' title='bbox 334 2428 513 2477; x_wconf 80' lang='grc'>147,16.</span> <span class='ocrx_word' id='word_1_333' title='bbox 560 2427 653 2463; x_wconf 79' lang='grc' dir='ltr'>ὅταν</span> <span class='ocrx_word' id='word_1_334' title='bbox 691 2426 1008 2476; x_wconf 39' lang='grc' dir='ltr'>γὰρὴ-προσηκει</span> <span class='ocrx_word' id='word_1_335' title='bbox 1018 2429 1044 2479; x_wconf 82' lang='lat'>3]</span> <span class='ocrx_word' id='word_1_336' title='bbox 1096 2428 1239 2467; x_wconf 73' lang='lat' dir='ltr'>Citant</span> <span class='ocrx_word' id='word_1_337' title='bbox 1275 2428 1434 2466; x_wconf 78' lang='lat' dir='ltr'>Anecd.</span> <span class='ocrx_word' id='word_1_338' title='bbox 1466 2428 1599 2466; x_wconf 57' lang='lat' dir='ltr'><strong>Belxk.</strong></span> <span class='ocrx_word' id='word_1_339' title='bbox 1623 2443 1660 2481; x_wconf 85' lang='lat' dir='ltr'>p.</span> <span class='ocrx_word' id='word_1_340' title='bbox 1691 2430 1781 2467; x_wconf 88' lang='lat'><strong>161.</strong></span> 
     </span>
     <span class='ocr_line' id='line_1_42' title="bbox 274 2480 776 2522; baseline -0.012 1"><span class='ocrx_word' id='word_1_341' title='bbox 274 2488 378 2522; x_wconf 82' lang='lat' dir='ltr'>extr.</span> <span class='ocrx_word' id='word_1_342' title='bbox 443 2480 776 2520; x_wconf 68' lang='lat' dir='ltr'><strong>SCHAEFER.</strong></span> 
     </span>
    </p>

    <p class='ocr_par' dir='ltr' id='par_1_19' title="bbox 273 2536 1782 2753">
     <span class='ocr_line' id='line_1_43' title="bbox 330 2536 1779 2587; baseline 0 -11"><span class='ocrx_word' id='word_1_343' title='bbox 330 2539 367 2577; x_wconf 87' lang='grc' dir='ltr'>οἱ</span> <span class='ocrx_word' id='word_1_344' title='bbox 399 2537 641 2584; x_wconf 81' lang='grc' dir='ltr'>ἀδικούμειοι</span> <span class='ocrx_word' id='word_1_345' title='bbox 675 2537 880 2587; x_wconf 85' lang='grc' dir='ltr'>ἀριῶνται]</span> <span class='ocrx_word' id='word_1_346' title='bbox 920 2536 1046 2574; x_wconf 75' lang='lat' dir='ltr'>Plene</span> <span class='ocrx_word' id='word_1_347' title='bbox 1076 2538 1111 2575; x_wconf 82' lang='grc' dir='ltr'>οἱ</span> <span class='ocrx_word' id='word_1_348' title='bbox 1142 2538 1383 2586; x_wconf 83' lang='grc' dir='ltr'>ἀδικούμενοι</span> <span class='ocrx_word' id='word_1_349' title='bbox 1415 2540 1605 2584; x_wconf 74' lang='grc' dir='ltr'>ἀρνῶνται</span> <span class='ocrx_word' id='word_1_350' title='bbox 1636 2539 1779 2577; x_wconf 84' lang='grc' dir='ltr'>ἀδικού-</span> 
     </span>
     <span class='ocr_line' id='line_1_44' title="bbox 273 2590 1780 2644; baseline -0.001 -12"><span class='ocrx_word' id='word_1_351' title='bbox 273 2610 395 2643; x_wconf 85' lang='grc' dir='ltr'>μενοι.</span> <span class='ocrx_word' id='word_1_352' title='bbox 420 2590 641 2643; x_wconf 79' lang='lat' dir='ltr'>Euripides</span> <span class='ocrx_word' id='word_1_353' title='bbox 665 2590 822 2629; x_wconf 76' lang='lat' dir='ltr'>Alcest.</span> <span class='ocrx_word' id='word_1_354' title='bbox 848 2603 966 2641; x_wconf 79' lang='lat'><strong>1177.</strong></span> <span class='ocrx_word' id='word_1_355' title='bbox 998 2591 1042 2629; x_wconf 87' lang='grc' dir='ltr'>οὐ</span> <span class='ocrx_word' id='word_1_356' title='bbox 1064 2594 1136 2641; x_wconf 78' lang='grc' dir='ltr'>γὰρ</span> <span class='ocrx_word' id='word_1_357' title='bbox 1160 2593 1328 2643; x_wconf 81' lang='grc' dir='ltr'>εὐτυχῶν</span> <span class='ocrx_word' id='word_1_358' title='bbox 1350 2593 1578 2642; x_wconf 83' lang='grc' dir='ltr'>ἀρνήσομαι.</span> <span class='ocrx_word' id='word_1_359' title='bbox 1618 2593 1671 2632; x_wconf 81' lang='lat' dir='ltr'>ad</span> <span class='ocrx_word' id='word_1_360' title='bbox 1693 2607 1730 2644; x_wconf 89' lang='lat' dir='ltr'>q.</span> <span class='ocrx_word' id='word_1_361' title='bbox 1756 2592 1780 2631; x_wconf 92' lang='lat' dir='ltr'>l.</span> 
     </span>
     <span class='ocr_line' id='line_1_45' title="bbox 277 2645 1782 2700; baseline -0.001 -12"><span class='ocrx_word' id='word_1_362' title='bbox 277 2647 491 2688; x_wconf 81' lang='lat' dir='ltr'>Monkius:</span> <span class='ocrx_word' id='word_1_363' title='bbox 528 2652 550 2667; x_wconf 66' lang='lat'>²⁶</span> <span class='ocrx_word' id='word_1_364' title='bbox 570 2645 691 2684; x_wconf 83' lang='lat' dir='ltr'>Hanc</span> <span class='ocrx_word' id='word_1_365' title='bbox 714 2646 1066 2685; x_wconf 84' lang='lat' dir='ltr'>constructionem</span> <span class='ocrx_word' id='word_1_366' title='bbox 1088 2647 1215 2686; x_wconf 81' lang='lat' dir='ltr'>habet</span> <span class='ocrx_word' id='word_1_367' title='bbox 1233 2649 1433 2696; x_wconf 82' lang='grc' dir='ltr'>ἀρνεῖσθαι</span> <span class='ocrx_word' id='word_1_368' title='bbox 1454 2648 1495 2686; x_wconf 90' lang='grc'>111</span> <span class='ocrx_word' id='word_1_369' title='bbox 1513 2648 1649 2687; x_wconf 87' lang='lat' dir='ltr'>Orcst.</span> <span class='ocrx_word' id='word_1_370' title='bbox 1667 2658 1782 2700; x_wconf 84' lang='grc'>1597.</span> 
     </span>
     <span class='ocr_line' id='line_1_46' title="bbox 275 2701 1529 2753; baseline -0.002 -10"><span class='ocrx_word' id='word_1_371' title='bbox 275 2705 387 2753; x_wconf 84' lang='grc' dir='ltr'>ἀρνεῖ</span> <span class='ocrx_word' id='word_1_372' title='bbox 406 2703 605 2745; x_wconf 78' lang='grc' dir='ltr'>κατακτὰς,</span> <span class='ocrx_word' id='word_1_373' title='bbox 631 2701 719 2750; x_wconf 79' lang='grc' dir='ltr'>κάφ’</span> <span class='ocrx_word' id='word_1_374' title='bbox 742 2703 853 2749; x_wconf 79' lang='grc' dir='ltr'>ὕβρει</span> <span class='ocrx_word' id='word_1_375' title='bbox 875 2701 1006 2751; x_wconf 80' lang='grc' dir='ltr'>λέγεις</span> <span class='ocrx_word' id='word_1_376' title='bbox 1027 2701 1116 2740; x_wconf 85' lang='grc' dir='ltr'>τάδε</span> <span class='ocrx_word' id='word_1_377' title='bbox 1132 2702 1166 2748; x_wconf 65' lang='grc'>;”</span> <span class='ocrx_word' id='word_1_378' title='bbox 1199 2702 1529 2741; x_wconf 76' lang='lat' dir='ltr'><strong>SGHAEFER.</strong></span> 
     </span>
    </p>

    <p class='ocr_par' dir='ltr' id='par_1_20' title="bbox 275 2755 1781 2919">
     <span class='ocr_line' id='line_1_47' title="bbox 337 2755 1779 2809; baseline 0.002 -16"><span class='ocrx_word' id='word_1_379' title='bbox 337 2769 426 2808; x_wconf 74' lang='lat'><strong>147,</strong></span> <span class='ocrx_word' id='word_1_380' title='bbox 451 2769 514 2805; x_wconf 89' lang='lat'>17.</span> <span class='ocrx_word' id='word_1_381' title='bbox 548 2755 749 2808; x_wconf 83' lang='grc' dir='ltr'>προσήκει]</span> <span class='ocrx_word' id='word_1_382' title='bbox 780 2755 925 2794; x_wconf 64' lang='lat' dir='ltr'>Videri</span> <span class='ocrx_word' id='word_1_383' title='bbox 947 2756 1078 2808; x_wconf 82' lang='lat' dir='ltr'>possit</span> <span class='ocrx_word' id='word_1_384' title='bbox 1100 2758 1308 2807; x_wconf 85' lang='grc' dir='ltr'>ὁμολογεῖν</span> <span class='ocrx_word' id='word_1_385' title='bbox 1326 2757 1386 2796; x_wconf 83' lang='lat' dir='ltr'>vel</span> <span class='ocrx_word' id='word_1_386' title='bbox 1408 2757 1491 2796; x_wconf 73' lang='lat' dir='ltr'>tale</span> <span class='ocrx_word' id='word_1_387' title='bbox 1508 2757 1605 2809; x_wconf 85' lang='lat' dir='ltr'>quid</span> <span class='ocrx_word' id='word_1_388' title='bbox 1628 2757 1779 2796; x_wconf 75' lang='lat' dir='ltr'>deesse.</span> 
     </span>
     <span class='ocr_line' id='line_1_48' title="bbox 275 2809 1781 2865; baseline -0.001 -13"><span class='ocrx_word' id='word_1_389' title='bbox 275 2828 347 2852; x_wconf 77' lang='grc' dir='ltr'>σιιν</span> <span class='ocrx_word' id='word_1_390' title='bbox 367 2812 484 2852; x_wconf 68' lang='lat' dir='ltr'>hostis</span> <span class='ocrx_word' id='word_1_391' title='bbox 504 2811 585 2864; x_wconf 66' lang='lat' dir='ltr'>ipse</span> <span class='ocrx_word' id='word_1_392' title='bbox 605 2809 652 2848; x_wconf 77' lang='lat' dir='ltr'>id</span> <span class='ocrx_word' id='word_1_393' title='bbox 669 2810 772 2849; x_wconf 71' lang='lat' dir='ltr'>ultro</span> <span class='ocrx_word' id='word_1_394' title='bbox 781 2811 970 2862; x_wconf 62' lang='lat' dir='ltr'>sineatur</span> <span class='ocrx_word' id='word_1_395' title='bbox 984 2813 1002 2849; x_wconf 77' lang='lat'><em>?</em></span> <span class='ocrx_word' id='word_1_396' title='bbox 1048 2811 1128 2849; x_wconf 85' lang='lat' dir='ltr'>Sed</span> <span class='ocrx_word' id='word_1_397' title='bbox 1154 2811 1249 2850; x_wconf 91' lang='lat' dir='ltr'>licet</span> <span class='ocrx_word' id='word_1_398' title='bbox 1270 2812 1480 2865; x_wconf 80' lang='lat' dir='ltr'>vulgatam</span> <span class='ocrx_word' id='word_1_399' title='bbox 1508 2812 1589 2851; x_wconf 82' lang='lat' dir='ltr'>alia</span> <span class='ocrx_word' id='word_1_400' title='bbox 1620 2825 1781 2865; x_wconf 88' lang='lat' dir='ltr'>quoque</span> 
     </span>
     <span class='ocr_line' id='line_1_49' title="bbox 278 2865 1781 2919; baseline 0 -14"><span class='ocrx_word' id='word_1_401' title='bbox 278 2868 438 2907; x_wconf 81' lang='lat' dir='ltr'>ratione</span> <span class='ocrx_word' id='word_1_402' title='bbox 474 2865 692 2913; x_wconf 82' lang='lat' dir='ltr'>vindicare,</span> <span class='ocrx_word' id='word_1_403' title='bbox 726 2865 886 2912; x_wconf 76' lang='lat' dir='ltr'>aiendo,</span> <span class='ocrx_word' id='word_1_404' title='bbox 924 2866 1151 2917; x_wconf 88' lang='lat' dir='ltr'>projectam</span> <span class='ocrx_word' id='word_1_405' title='bbox 1186 2871 1230 2905; x_wconf 86' lang='lat' dir='ltr'>et</span> <span class='ocrx_word' id='word_1_406' title='bbox 1266 2867 1390 2905; x_wconf 89' lang='lat' dir='ltr'>veluti</span> <span class='ocrx_word' id='word_1_407' title='bbox 1423 2880 1663 2919; x_wconf 81' lang='lat' dir='ltr'>suspensam</span> <span class='ocrx_word' id='word_1_408' title='bbox 1693 2880 1781 2906; x_wconf 87' lang='lat' dir='ltr'>esse</span> 
     </span>
    </p>
   </div>
  </div>
 </body>
</html>
