1914 3184
220 124 305 165 lxiv
842 125 1099 166 REISKII

220 233 307 269 dam
327 232 472 276 critica,
491 234 610 269 bonos
631 241 805 269 auctores
827 232 1125 269 deformaverint
1146 239 1183 267 et
1204 231 1365 280 vestigia
1385 231 1573 266 bonarum
1594 230 1724 266 lectio-

220 309 326 339 num,
358 297 439 332 sine
472 297 608 345 quibus
640 304 815 332 auctores
846 296 1007 344 intelligi
1040 302 1249 342 nequeunt,
1283 294 1583 330 obscuraverint.
1648 294 1726 329 De-

221 360 448 396 monstrabit
468 360 564 396 liber
583 368 714 396 noster
734 360 979 399 variantium,
1003 359 1092 406 quid
1113 358 1323 394 lectionum
1345 357 1728 393 Demosthenicarum

221 431 395 459 versetur
414 424 452 458 in
473 424 592 464 libris,
614 436 774 470 quorum
799 423 908 469 copia
929 422 1038 457 nobis
1060 420 1143 464 fuit,
1166 429 1204 456 et
1225 421 1314 468 quid
1335 428 1503 456 vetustas
1524 420 1634 455 nobis
1655 427 1728 455 tra-

223 486 384 527 diderit;
416 495 497 522 tum
521 486 603 533 quis
632 487 775 533 primus
795 486 931 520 vitium
953 485 1091 532 cuique
1121 484 1205 519 loco
1232 484 1428 524 intulerit;
1460 483 1625 530 denique
1646 482 1729 530 quis

224 550 366 597 primus
396 549 616 589 correxerit,
638 557 704 583 aut
723 548 916 595 quomodo
936 548 1071 583 vitium
1094 547 1230 596 corrigi
1252 547 1402 583 debeat.
1462 547 1544 582 Hac
1573 546 1729 582 demum

223 613 371 648 ratione
405 620 532 660 potest
567 612 613 647 de
643 612 803 647 veritate
832 612 1009 648 lectionis
1039 611 1364 647 Demosthenicae
1395 617 1581 645 constare.
1638 609 1730 643 Non

226 676 374 712 minore
396 675 578 724 religione
600 676 753 710 tractari
774 688 795 710 a
816 675 926 710 nobis
955 674 1098 710 debent
1127 682 1302 709 auctores
1331 672 1493 721 profani,
1515 680 1630 720 atque
1652 672 1730 707 No-

225 752 316 774 vum
337 739 640 774 Testamentum.
697 739 784 782 Qua
804 739 849 774 de
871 751 1004 774 caussa
1033 738 1183 773 codices
1204 738 1253 772 N.
1270 737 1311 772 T.
1343 736 1475 772 sedulo
1504 735 1730 775 excutimus,

227 803 359 839 eadem
381 803 428 839 de
449 815 584 838 caussa
613 803 727 838 etiam
749 802 1022 838 Demosthenis
1051 801 1301 848 aliorumque,
1325 808 1514 848 quotquot
1543 807 1644 841 sunt,
1666 811 1730 834 ve-

228 875 417 903 tustorum
448 874 646 902 auctorum
669 866 819 901 codices
849 864 984 913 inspici
1015 877 1222 912 earumque
1251 864 1437 899 lectiones
1467 863 1547 898 erui
1578 870 1615 898 et
1644 875 1730 910 pro-

228 929 317 968 ferri
336 943 404 978 par
424 938 503 966 est:
534 942 622 965 nam
650 930 730 965 sola
750 930 845 965 haec
866 937 922 965 est
942 929 1003 964 via
1022 929 1221 964 veritatem
1249 927 1468 963 historicam
1489 926 1583 962 texti
1605 928 1729 975 cujus-

228 1007 314 1042 que,
335 994 415 1030 sive
446 1006 608 1035 sacrum,
630 992 708 1028 sive
738 992 939 1040 profanum
967 1000 1036 1033 est,
1061 1004 1081 1028 e
1109 1004 1296 1027 consensu
1327 991 1534 1026 multorum
1561 997 1733 1024 vetusto-

225 1070 310 1093 rum
332 1058 512 1105 probatae
532 1057 620 1092 fidei
641 1056 815 1092 codicum
837 1055 1137 1091 demonstrandi.
1197 1055 1258 1090 Sic
1279 1055 1542 1104 cognoscimus
1568 1053 1733 1102 origines

225 1132 409 1162 errorum,
433 1121 486 1156 sic
508 1121 640 1155 modos
662 1120 905 1160 emendandi,
928 1120 980 1155 sic
1008 1120 1128 1154 multa
1157 1119 1308 1154 occulta
1327 1118 1419 1153 vitia
1445 1117 1730 1165 investigamuS‚

228 1184 281 1220 sic
312 1193 576 1232 corruptorum
608 1184 797 1231 nequitias
827 1183 1159 1231 deprehendimus,
1183 1183 1234 1218 sic
1264 1182 1416 1218 laudem
1444 1180 1637 1216 emendati
1668 1187 1733 1214 aut

226 1247 408 1283 vindicati
440 1251 624 1296 cujusque
659 1247 733 1283 loci
769 1247 915 1282 auctori
949 1259 1017 1282 suo
1052 1247 1264 1281 tribuimus.
1323 1245 1404 1294 Ego
1436 1243 1613 1291 equidem
1645 1255 1732 1278 cum

227 1311 339 1347 video
361 1320 517 1346 strenua
536 1311 735 1347 doctorum
765 1311 962 1346 hominum
986 1322 1101 1358 opera.
1130 1310 1291 1345 aliorum
1321 1316 1408 1357 post
1437 1308 1530 1343 alios
1559 1307 1734 1342 limatum

228 1375 530 1411 Demosthenem
561 1382 599 1410 et
628 1374 814 1423 gradatim
849 1374 1046 1410 meliorem
1078 1373 1233 1414 factum,
1266 1380 1308 1408 ut
1338 1384 1439 1407 nunc
1472 1371 1659 1419 possimus
1689 1382 1735 1405 eo

227 1451 314 1474 cum
337 1439 464 1486 aliqua
484 1437 741 1473 delectatione
763 1437 884 1472 multo
906 1437 1134 1485 expeditiuS,
1157 1445 1270 1484 atque
1296 1439 1458 1484 majores
1484 1434 1605 1470 nostri
1625 1442 1733 1482 pote-

227 1509 328 1542 rant,
349 1503 418 1543 uti,
440 1514 603 1537 veneror
632 1514 762 1536 eorum
793 1513 938 1541 manes,
961 1501 1024 1547 qui
1058 1501 1130 1535 mei
1161 1512 1306 1540 caussa,
1330 1511 1441 1546 quem
1474 1511 1551 1533 non
1584 1506 1735 1538 norant,

229 1565 399 1601 nondum
422 1573 569 1605 natum,
591 1564 890 1600 innumerabiles
911 1576 1111 1611 suscepere
1131 1563 1293 1603 labores,
1317 1575 1479 1610 quorum
1509 1574 1635 1608 neque
1664 1574 1734 1596 nu—

231 1641 379 1664 merum
410 1641 536 1676 neque
566 1628 870 1677 magnitudinem
893 1628 1124 1676 cogitatione
1155 1635 1424 1674 consequatur,
1446 1626 1517 1661 nisi
1539 1626 1603 1673 qui
1624 1625 1735 1660 simili

230 1692 268 1727 in
290 1693 449 1740 pistrino
470 1692 731 1731 desudaverit3
763 1693 921 1739 parique
942 1691 1054 1726 modo
1076 1703 1185 1739 spero
1206 1690 1388 1732 futurum,
1411 1697 1452 1725 ut
1472 1697 1579 1738 grata
1605 1697 1732 1736 poste-

230 1756 321 1791 ritas
342 1755 558 1791 meminerit
585 1755 802 1802 aliquando,
825 1754 938 1790 fuisse
960 1754 1156 1790 Reiskium
1178 1754 1383 1802 quendam,
1407 1753 1601 1788 hominem
1629 1753 1735 1788 labo—

84 1835 218 1860 Lxxvu
232 1820 388 1862 riosum,
409 1820 487 1866 qui,
510 1831 585 1866 quo
608 1818 911 1854 Demosthenem
933 1819 1003 1853 sibi
1024 1819 1062 1853 in
1084 1830 1218 1853 manus
1239 1818 1347 1853 daret
1366 1817 1471 1853 lectu
1493 1824 1530 1852 et
1553 1824 1737 1864 perceptu

234 1883 444 1931 planiorem
467 1882 869 1929 emaculatioremque,
892 1882 1006 1917 nullis
1026 1882 1175 1930 vigiliis,
1197 1881 1289 1917 nulli
1319 1893 1470 1928 operae,
1499 1881 1591 1916 nulli
1621 1892 1737 1928 pecu-

236 1948 322 1983 niae
354 1947 461 1988 adeo,
488 1947 716 1994 pepercerit,
746 1945 884 1980 multas
913 1945 1202 1981 commoditates
1232 1944 1429 1992 spreverit,
1458 1944 1595 1979 multas
1624 1942 1738 1979 taedii

235 2010 472 2058 plenissimas
502 2008 696 2044 molestias
724 2009 824 2044 ultro
850 2009 1071 2055 susceperit,
1093 2021 1230 2043 sannas
1259 2008 1460 2043 stultorum
1483 2007 1740 2047 contemserit,

232 2077 416 2123 jacturam
438 2073 493 2109 rei
512 2072 706 2108 familiaris
727 2073 927 2120 bonaeque
947 2073 1177 2108 valetudinis
1199 2073 1300 2107 bono
1320 2071 1473 2120 publico
1494 2072 1630 2106 lubens
1650 2083 1740 2106 con-

238 2137 448 2179 donaverit,
461 2136 561 2172 vires
583 2136 720 2171 mentis
740 2144 778 2172 et
798 2137 967 2184 corporis
987 2136 1217 2183 impenderit
1236 2136 1451 2185 ignotorum
1474 2134 1618 2175 studiis,
1637 2146 1740 2169 com—

240 2200 425 2243 moditati,
455 2200 711 2236 delectationi.
769 2200 982 2235 Doctorum
1014 2200 1208 2235 hominum
1243 2199 1288 2235 ad
1322 2199 1625 2235 Demosthenem
1657 2198 1738 2233 ani-

242 2264 517 2300 madversiones
546 2264 633 2299 dum
666 2264 831 2305 excutio,
861 2264 974 2298 miror
1003 2263 1094 2299 alias
1123 2263 1280 2298 humani
1308 2263 1449 2312 ingenii
1480 2262 1670 2297 solertiam
1703 2269 1742 2296 et

238 2327 388 2375 igneam
420 2327 510 2367 vim,
543 2327 634 2361 alias
666 2326 891 2362 coecitatem
926 2334 963 2362 et
994 2326 1268 2362 infirmitatem.
1333 2327 1378 2361 In
1410 2325 1741 2361 emendationibus

239 2389 412 2426 felicibus
443 2397 481 2424 et
509 2401 631 2436 paene
657 2389 793 2425 divinis
825 2401 939 2425 cerno
967 2397 1004 2424 et
1032 2389 1279 2425 mirabundus
1308 2388 1474 2435 suspicio
1498 2388 1574 2423 vim
1604 2387 1741 2422 mentis

240 2453 429 2488 humanae
451 2465 497 2488 ex
519 2453 678 2488 occultis
702 2453 870 2501 vestigiis
896 2453 1096 2488 veritatem
1125 2453 1314 2493 eruentis;
1346 2464 1473 2487 rursus
1503 2459 1673 2486 errantes
1702 2451 1739 2485 in

240 2517 352 2552 rebus
374 2516 494 2552 obviis
516 2524 553 2551 et
573 2516 778 2551 notissimis
808 2515 952 2563 sibique
981 2528 1133 2564 prorsus
1163 2516 1364 2551 dissimiles
1392 2527 1476 2550 cum
1498 2515 1623 2556 video,
1645 2514 1739 2549 obli-

240 2580 377 2622 viosos,
410 2592 537 2615 earum
572 2579 739 2626 ipsarum
772 2591 913 2619 rerum,
945 2592 1038 2626 quas
1068 2587 1225 2615 nossent
1255 2578 1419 2626 alibique
1452 2590 1562 2625 saepe
1599 2578 1742 2625 optime

242 2644 497 2684 tradidissent,
520 2643 771 2681 immemores,
792 2655 931 2690 pueros
952 2655 1073 2690 paene
1096 2643 1311 2691 turpissime
1335 2655 1375 2678 se
1395 2642 1543 2682 dantes,
1565 2640 1744 2677 recordor

243 2707 353 2742 sortis
384 2719 499 2747 meae,
523 2705 714 2741 miseratio
737 2717 796 2741 me
817 2706 919 2741 subit
939 2706 1049 2742 sortis
1072 2707 1163 2741 mihi
1184 2719 1268 2741 cum
1291 2707 1457 2741 humano
1479 2704 1582 2740 omni
1603 2715 1743 2753 genere

244 2771 468 2810 communis,
492 2778 529 2805 et
549 2777 591 2804 ut
616 2770 812 2816 praeclara
840 2770 999 2806 aliorum
1030 2771 1188 2806 inventa
1216 2771 1351 2806 lubens
1381 2777 1419 2805 et
1447 2768 1611 2817 gestiens
1640 2779 1743 2802 com-

245 2844 426 2872 memoro,
463 2831 650 2872 collaudo,
686 2831 925 2879 depraedico‚
962 2833 1014 2867 sic
1048 2832 1217 2880 lapsibus
1256 2844 1386 2867 eorum
1421 2829 1540 2865 facilis
1575 2827 1741 2876 ignosco.

247 2894 369 2937 Quam
401 2894 557 2929 eandem
589 2895 820 2941 aequitatem
852 2896 898 2930 ab
930 2894 1010 2930 aliis
1041 2907 1192 2941 quoque
1228 2894 1315 2929 mihi
1348 2901 1384 2929 et
1415 2893 1578 2939 deposco
1609 2899 1645 2926 et
1676 2903 1741 2938 spe
