1914 3184
228 121 311 161 lviii
909 124 1170 164 REISKII

228 228 292 264 nia
325 237 469 272 cernat,
505 238 546 266 ut
584 231 679 266 nihil
712 243 798 266 eum
834 230 963 279 fugiat,
1000 232 1225 279 praesertim
1267 231 1342 267 alio
1380 231 1636 280 praelegente,
1673 231 1737 267 ubi

105 303 214 327 van
228 293 372 329 multae
402 293 483 329 soni
516 293 783 329 similitudines
812 293 847 328 in
879 293 1135 342 diphthongis,
1166 294 1204 328 in
1234 292 1350 329 literis
1380 294 1549 342 ejusdem
1580 294 1675 337 soni,
1696 302 1739 329 ut

89 2056 212 2079 LXVIII

226 372 244 390 ο
274 365 313 392 et
341 372 379 398 ω,
405 358 424 391 δ
453 365 490 392 et
518 373 551 398 τ,
577 370 688 393 aures
716 357 874 398 fallunt;
906 357 997 392 item
1029 357 1059 391 si
1091 357 1221 392 audias
1249 357 1441 406 legentem
1472 359 1739 402 ἀναλισκόμενον

226 432 259 457 e.
275 432 320 462 c.‚
338 433 415 455 non
438 421 558 468 possis
579 434 669 456 aure
689 421 964 460 internoscere,
982 421 1108 455 sintne
1130 420 1204 456 duo
1230 421 1304 456 ista
1322 421 1520 464 vocabula,
1537 421 1576 455 ἂν
1595 422 1737 456 ἁλισκό-

224 498 337 527 μενον,
359 496 407 518 an
429 496 547 519 unum
569 483 824 519 solummodo.
877 483 985 518 Bona
1005 491 1132 518 tamen
1153 484 1228 519 fide
1249 496 1467 520 asseverare
1487 497 1656 532 possum,
1679 497 1738 520 me

225 546 347 582 multo
378 555 415 583 et
445 547 696 595 copiosiorem
727 555 764 582 et
792 546 1003 582 fideliorem
1033 546 1123 582 dare
1154 547 1296 583 codicis
1320 547 1535 597 Augustani
1565 548 1737 584 collatio-

225 624 328 651 nem,
350 624 464 659 quam
486 612 532 647 ad
554 612 625 647 hoc
647 611 721 647 diei
742 611 944 647 habuimus
958 611 1089 647 Wolfii
1112 611 1309 647 beneficio.
1365 611 1454 647 Jam
1476 612 1619 648 dudum
1649 620 1738 648 ante

226 676 318 711 mihi
339 676 565 711 constiterat
586 688 606 711 e
628 675 883 712 Constantino
904 688 1003 717 meo,
1026 688 1140 723 quam
1163 675 1338 723 expediat
1365 688 1386 711 a
1407 675 1564 712 diversis
1585 676 1738 712 easdem

226 740 468 776 membranas
496 740 635 776 iterum
664 740 884 787 iterumque
906 740 1048 775 excuti.
1109 739 1204 774 Eum
1226 747 1316 775 ante
1343 752 1403 775 me
1427 747 1606 787 coeperat
1626 740 1738 775 edere

226 804 261 839 J.
285 804 335 840 H.
358 804 539 839 Leichius
555 804 602 839 V.
625 804 667 839 C.
691 812 730 839 et
750 804 828 839 vita
848 804 1085 839 diuturniore
1111 803 1258 852 dignus.
1317 804 1390 839 Sed
1421 804 1520 838 haud
1548 815 1671 851 pauca
1699 803 1737 838 in

230 880 275 903 ea
303 876 409 915 parte
433 868 690 909 Constantini,
714 881 827 915 quam
856 867 986 909 edidit,
1012 875 1278 908 temeraverat,
1302 868 1376 902 alia
1404 867 1604 909 omiserat;
1636 867 1738 914 quod

228 931 461 979 deprehendi
492 932 710 979 exemplum
740 931 840 980 typis
870 943 1053 966 excusum
1086 930 1131 966 ad
1164 931 1406 966 membranas
1440 931 1541 979 ipsas
1571 931 1737 979 exigens

228 996 285 1031 Ab
308 1008 352 1031 eo
382 1003 555 1042 tempore
585 995 695 1043 coepi
726 995 903 1043 colligere
934 995 1110 1042 exempla
1138 994 1334 1038 librorum,
1356 994 1420 1042 qui
1450 1007 1536 1030 cum
1568 1002 1694 1030 essent
1718 1007 1738 1030 e

228 1059 460 1094 membranis
490 1059 665 1106 primitus
686 1058 790 1099 editi,
813 1058 841 1093 si
872 1058 1102 1105 posteriores
1132 1070 1197 1093 eos
1226 1058 1272 1094 ad
1302 1058 1452 1094 easdem
1482 1059 1737 1099 membranas,

228 1122 328 1157 unde
350 1129 477 1157 essent
498 1122 602 1163 editi,
624 1122 850 1170 exegissent.
874 1121 1017 1156 multae
1039 1121 1134 1157 aliae
1156 1130 1194 1157 et
1215 1122 1336 1157 multo
1357 1122 1533 1157 meliores
1552 1121 1739 1157 lectiones

228 1198 271 1221 ex
294 1186 426 1221 iisdem
450 1186 682 1221 membranis
700 1193 825 1220 essent
844 1185 1027 1232 prolatae.
1084 1185 1256 1220 Adeatur
1276 1185 1438 1220 Fabricii
1460 1186 1503 1221 Β.
1526 1187 1571 1220 G.
1590 1185 1664 1220 vol.
1683 1197 1693 1219 ῐ
1710 1197 1739 1219 1.

227 1262 263 1297 p.
286 1262 355 1296 119
377 1249 442 1285 fin.
466 1257 504 1285 et
522 1261 589 1284 121
612 1250 676 1284 fin.
735 1250 792 1284 De
814 1250 925 1284 Prato
955 1250 993 1284 in
1024 1248 1235 1296 appendice
1262 1248 1430 1284 secunda
1457 1249 1501 1284 ad
1528 1248 1738 1296 Sulpicium

228 1313 412 1349 Severum
434 1313 594 1361 protulit
612 1313 736 1348 varias
755 1313 942 1348 lectiones
962 1312 1008 1347 ad
1029 1312 1146 1347 vitam
1170 1311 1208 1347 S.
1228 1312 1332 1347 Pauli
1354 1312 1545 1348 Eremitae
1566 1324 1586 1347 e
1608 1312 1738 1348 codice

228 1377 342 1412 MSto
365 1377 532 1424 Capituli
546 1376 779 1412 Veronensis
799 1389 819 1411 a
839 1389 877 1411 se
898 1375 1116 1424 diligentius
1137 1376 1324 1423 inspecto,
1346 1376 1538 1417 meliores,
1558 1389 1670 1423 quam
1694 1388 1737 1412 ex

227 1440 362 1476 eodem
384 1440 514 1476 codice
530 1440 736 1475 vallarsius
757 1447 871 1474 antea
897 1439 1022 1473 minus
1043 1439 1244 1474 emendate
1266 1439 1457 1475 edidisset.
1515 1440 1654 1476 Nobile
1675 1453 1737 1475 ex-

228 1505 396 1552 emplum
419 1504 483 1539 dat
502 1504 609 1539 locus
630 1503 726 1538 Livii
749 1503 790 1538 L.
807 1503 910 1538 XLI.
930 1515 1012 1549 cap.
1032 1515 1065 1550 9.
1088 1515 1110 1538 a
1132 1503 1319 1538 Lambino
1341 1503 1577 1545 emendatus,
1598 1503 1644 1539 de
1662 1517 1738 1551 quo

226 1581 262 1603 v.
280 1568 353 1603 vol.
380 1580 413 1614 7.
438 1568 535 1602 Livii
555 1567 821 1615 Drakenborg.
843 1579 879 1614 p.
907 1578 993 1613 223,
1019 1578 1105 1612 224.
1163 1568 1341 1603 Occurrit
1363 1567 1477 1602 etiam
1505 1567 1628 1603 simile
1650 1568 1737 1615 quid

228 1632 432 1668 Wetstenii
459 1632 734 1680 prolegomena
754 1632 800 1667 ad
822 1632 871 1667 N.
884 1631 927 1666 T.
951 1630 1103 1680 legenti.
1164 1630 1239 1666 Sed
1262 1630 1367 1666 locus
1388 1644 1407 1666 e
1429 1631 1613 1666 memoria
1634 1632 1736 1667 exci-

229 1697 296 1737 dit,
329 1709 456 1744 neque
490 1709 592 1732 nunc
628 1696 820 1743 inquirere
851 1703 972 1731 vacat.
1036 1695 1242 1738 Quomodo
1274 1695 1396 1730 codex
1435 1695 1494 1731 hic
1526 1696 1737 1743 Augustam

228 1760 429 1808 pervenit?
489 1760 600 1795 Haud
625 1767 786 1795 constat.
844 1759 1091 1795 Conveniunt
1119 1759 1220 1794 inter
1249 1771 1287 1794 se
1317 1759 1541 1806 plerumque
1563 1761 1659 1808 Aug.
1681 1772 1736 1807 pr.

230 1825 351 1860 Paris.
372 1825 528 1871 primus,
545 1824 762 1858 Vindobon.
776 1823 1067 1859 Wolfenbuttel.
1096 1823 1351 1870 Harleyanus‚
1383 1823 1663 1864 Baroccianus;
1699 1823 1737 1858 in

228 1888 358 1923 multis
388 1896 515 1923 tamen
547 1900 674 1922 rursus
703 1887 803 1922 inter
823 1900 905 1923 sese
931 1887 1160 1934 discrepant,
1184 1894 1222 1921 ut
1252 1900 1327 1922 non
1358 1887 1505 1934 possint
1532 1899 1665 1922 omnes
1692 1887 1738 1921 ab

229 1965 305 1987 uno
327 1952 461 1987 eodem
483 1951 589 1987 fonte
612 1963 796 1986 manasse.

929 2039 959 2080 ᾗ.
985 2037 1041 2072 18.

642 2111 699 2145 De
723 2111 907 2146 Codicibus
929 2112 1148 2158 Auyustunis
1168 2111 1326 2158 reliquis

284 2187 404 2221 Venio
428 2198 530 2221 nunc
562 2186 605 2220 ad
631 2188 912 2234 Augustanum‚
937 2198 1050 2232 quem
1082 2186 1290 2221 seeundum
1309 2192 1325 2210 ¹¹
1356 2185 1550 2233 appellum
1573 2186 1636 2233 qui
1666 2186 1737 2235 sig-

229 2257 340 2284 natus
362 2257 441 2284 crat
462 2262 497 2296 p.
523 2250 584 2295 76.
608 2262 643 2284 n.
665 2261 720 2284 11.
780 2250 964 2284 Continet
987 2250 1048 2284 hic
1074 2250 1191 2284 codex
1216 2250 1381 2296 primuni
1404 2248 1641 2296 Stephanum
1667 2250 1738 2298 By-

231 2313 429 2347 zantinum
451 2325 493 2347 ex
516 2313 683 2348 editione
705 2312 808 2352 Aldi,
832 2321 912 2347 tum
932 2313 1203 2348 Demosthenis
1219 2312 1481 2360 Olyntliiacas,
1500 2313 1738 2362 Philippicas,

230 2376 428 2417 suasorias,
452 2376 497 2411 de
526 2388 668 2411 corona
693 2383 728 2410 et
757 2375 802 2410 de
828 2375 922 2410 falsa
948 2375 1150 2424 legatione.
1209 2375 1341 2410 Codex
1371 2376 1532 2422 scriptus
1559 2384 1615 2411 est
1642 2377 1741 2412 circa

228 2440 329 2475 idem
358 2449 521 2487 tempus,
543 2452 618 2486 quo
639 2439 759 2474 Aldus
779 2438 1019 2486 Stephanum
1040 2446 1077 2474 et
1096 2439 1401 2474 Demosthenem
1433 2439 1562 2480 edidit,
1586 2452 1737 2475 verum-

229 2512 355 2538 tamen
388 2516 462 2538 non
493 2516 535 2539 ex
564 2503 652 2538 Aldi
679 2503 851 2550 exemplo
881 2503 1087 2549 imp1·esso;
1120 2501 1259 2537 multas
1290 2502 1389 2537 enim
1422 2510 1528 2538 tenet
1556 2503 1740 2539 lectiones

229 2567 275 2602 ab
296 2567 433 2602 Aldino
454 2567 634 2603 diversas.
686 2567 814 2602 Codex
837 2574 893 2602 est
914 2575 1026 2602 notae
1048 2579 1171 2613 neque
1192 2566 1371 2613 optimae,
1394 2579 1519 2613 neque
1540 2568 1739 2615 pessimae.

228 2631 294 2665 Mc
329 2639 431 2666 certe
464 2643 541 2666 non
575 2631 766 2678 poenituit
801 2643 887 2665 eum
923 2630 1141 2666 contulisse.
1207 2629 1380 2677 Scriptus
1414 2638 1470 2666 est
1502 2631 1539 2666 in
1577 2630 1686 2666 Italia
1719 2645 1741 2667 a

229 2693 418 2729 Graeculo
445 2695 623 2742 quodam.
682 2695 800 2743 Coepi
830 2695 940 2743 hujus
971 2694 1214 2730 collationem
1237 2694 1271 2729 d.
1294 2707 1321 2729 1.
1345 2696 1432 2730 Oct.
1458 2695 1565 2741 1766.
1593 2696 1738 2731 absolvi

229 2757 263 2791 d.
291 2767 345 2799 ι7.
371 2758 485 2793 Febr.
508 2758 618 2806 1767.

276 2866 294 2882 Π
321 2862 377 2900 [In
405 2864 543 2894 oratioue
573 2875 628 2903 pro
658 2875 771 2894 corona
801 2865 851 2895 hic
877 2867 972 2895 codex
1004 2866 1120 2904 ubique
1148 2866 1211 2895 scre
1243 2866 1399 2895 consentit
1430 2876 1502 2895 cum
1534 2866 1678 2895 Parisino
1705 2867 1736 2895 S·

230 2914 267 2942 G.
295 2914 441 2953 D1N1›.]
