1934 3179
300 113 382 151 448
855 111 971 151 PRO
1004 110 1256 151 CORONA.

298 215 435 255 nesios
464 215 696 268 plerosque,
720 215 789 268 qui
821 230 914 255 cum
945 217 998 256 ab
1027 216 1106 255 hoc
1135 230 1211 269 pro
1242 215 1439 255 libertate
1461 216 1664 256 Graeciae
1692 220 1812 270 gesto

297 270 544 324 gravissimo
575 275 723 310 contra
747 271 987 324 Philippum
1017 271 1124 310 bello
1155 271 1303 310 abesse
1335 285 1417 310 non
1453 271 1666 320 deberent,
1701 271 1812 311 domi

298 330 555 374 manserunt,
580 326 775 379 Philippo
797 327 963 379 quidem
994 341 1077 365 non
1107 326 1371 374 auxiliantes,
1395 326 1466 366 sed
1489 327 1615 366 etiam
1637 326 1813 366 Atheni-

299 381 465 421 ensibus
487 395 607 435 opem
629 396 711 420 non
732 382 925 420 ferentes.
987 381 1214 421 DISSEN.

355 450 402 489 3¹
421 450 452 484 1,
479 449 543 487 29.
565 437 609 475 τὸ
630 439 671 476 δὲ
692 437 1235 489 προσκροῦσαι-συμβῆναι]
1262 436 1492 476 Verissime
1513 441 1655 477 monet
1679 437 1814 476 Wun-

297 492 522 532 derlichius
543 492 732 531 absolute
764 492 865 531 haec
894 491 1033 545 posita
1062 506 1138 545 pro
1160 491 1264 546 quod
1288 506 1377 531 vero
1403 491 1512 531 illud
1535 493 1690 541 attinet,
1712 493 1818 546 quod

296 548 526 599 offendimus
553 561 669 600 mque
694 547 829 586 omnia
855 561 954 600 quae
987 547 1240 600 capiebamus
1272 547 1815 601 contigerunt.001npa1at

299 603 1032 656 Χο11ΟῙ111.Ο)’1οΡ.1,6,18.ἀλλὰ
1065 603 1200 652 μέντοι
1234 604 1279 642 τό
1316 619 1362 653 γε
1391 607 1632 652 μελετᾶσθαι
1669 605 1815 643 ἕκαστα

297 661 374 697 Τῶν
396 659 619 707 πολεμικῶν
642 659 779 728 ἔργωηῖῑῖ
803 659 957 709 ἀγῶνας
983 659 1032 698 ἄν
1060 658 1167 700 Τινάς
1191 675 1256 708 μοι
1284 662 1392 697 δοκεῖ
1416 660 1612 709 προειπὼν
1639 659 1815 701 ἑκάστοις

296 713 471 762 μάλιστα
493 714 540 753 ἂν
561 718 688 753 ποιεῖν
711 715 752 753 εὑ
778 715 987 753 ἀσκεῖσθαι
1016 714 1173 763 ε’καστα,
1196 727 1321 767 porro
1342 713 1539 753 Aeschin.
1569 728 1603 753 c.
1628 714 1813 768 Ctesiph.

298 784 338 822 p.
362 771 428 808 62.
462 771 509 808 τὰ
542 770 583 808 δε
616 771 713 818 μετὰ
743 772 874 813 ταῦτα,
897 769 967 819 ἤδη
1000 771 1153 820 σφόδρα
1184 786 1249 819 μοι
1281 770 1349 808 τὸν
1383 773 1477 808 νοῦν
1509 769 1742 822 προσέχετε,
1772 775 1815 810 et

299 825 427 878 Soph.
453 824 631 864 Philoct.
655 836 751 875 497.
787 824 943 864 Electr.
978 838 1093 877 1071.
1156 825 1391 864 DISSEN.

355 893 450 933 312,
475 881 514 919 6.
538 880 644 933 ἀξιῶ]
671 879 859 919 Arbitror
876 897 888 919 .·
921 881 1030 920 unde
1053 895 1146 920 cum
1167 882 1259 930 περί
1282 884 1569 920 constructum
1591 885 1667 920 est.
1731 881 1815 921 Per

299 937 436 984 νομίζω
472 936 682 988 explicant
715 935 991 989 grammatici.
1055 936 1109 975 V.
1135 935 1266 975 Bekk.
1293 935 1454 975 Anecd.
1484 951 1523 989 p.
1552 948 1649 987 412,
1682 940 1815 977 26.—

302 992 367 1030 28.
431 991 684 1031 SGHAEF.

355 1059 454 1099 312,
484 1058 542 1100 15.
573 1046 822 1101 ψυχρότητα]
851 1048 1064 1099 ψυχρότης,
1088 1046 1327 1094 absurditas,
1350 1048 1515 1101 ineptia,
1539 1062 1645 1100 quae
1666 1049 1815 1090 decent

298 1103 504 1153 ἄνθρωπον
537 1106 604 1141 νοῦ
628 1105 753 1142 κενόν.
819 1103 1161 1155 Interpretantur
1194 1103 1381 1156 proxime
1415 1104 1644 1156 sequentia.
1678 1107 1814 1157 ψυχρὰ

298 1157 445 1209 λέγειν,
468 1157 643 1197 absurda
672 1158 790 1211 loqui.
813 1163 860 1198 ut
888 1163 1001 1198 recte
1022 1163 1206 1206 vertunt,
1228 1159 1356 1198 habet
1379 1158 1619 1212 Xenophon
1642 1160 1810 1201 Conviv.

300 1216 338 1261 6,
365 1224 401 1265 7.
464 1213 716 1253 SOHAEF.

355 1282 451 1322 312,
473 1281 537 1321 23.
562 1270 669 1321 ἔχειν
691 1271 767 1309 ὅσα
788 1269 877 1322 χρὴ]
902 1269 966 1309 Ι)0
986 1269 1255 1309 facultatibus
1277 1270 1543 1310 hereditariis
1566 1270 1813 1311 Demosthe-

299 1324 362 1363 nis
383 1325 474 1365 vide
498 1325 752 1364 Boeckhium
775 1326 930 1365 Oecon.
955 1325 1114 1365 Athen.
1140 1337 1176 1364 2.
1199 1340 1238 1378 p.
1272 1338 1329 1365 10.
1391 1326 1616 1366 DISSEN.

358 1393 451 1431 312,
478 1382 542 1420 26.
578 1381 778 1432 εἰσφέρειν
809 1386 956 1421 notum
987 1385 1051 1420 est
1072 1381 1151 1420 dici
1175 1382 1221 1420 cle
1241 1380 1384 1421 tributo
1405 1382 1729 1422 extraordinario
1759 1383 1817 1422 ad

299 1435 389 1475 belli
408 1437 659 1485 necessitates,
683 1437 732 1475 cf.
755 1436 881 1475 Wolf.
905 1437 1067 1490 Proleg.
1086 1437 1139 1476 ad
1159 1436 1279 1489 Lept.
1302 1452 1341 1490 p.
1362 1451 1441 1489 94..
1462 1437 1645 1477 Boeckh.
1666 1438 1691 1478 l.
1715 1452 1748 1478 c.
1775 1450 1811 1479 2.

299 1506 338 1544 p.
368 1505 406 1544 3.
469 1492 692 1531 Caeterum
732 1491 924 1545 liturgias
958 1492 1125 1545 quidem
1160 1506 1243 1531 non
1275 1494 1551 1545 praestabant
1586 1497 1733 1539 παῖδες,
1767 1498 1814 1533 at

299 1549 506 1598 εἰσφορὰν,
525 1547 649 1599 idque
671 1547 797 1586 etiam
816 1548 1120 1587 Demosthenes
1138 1548 1225 1600 jam
1246 1562 1349 1600 puer
1369 1549 1536 1597 fecerat,
1561 1549 1611 1588 cf.
1630 1548 1811 1589 Boeckh.

301 1602 378 1641 vol.
415 1615 451 1642 2.
493 1617 532 1655 p.
563 1616 602 1655 5.
640 1605 688 1655 83
728 1618 813 1655 seq.
877 1603 997 1653 Quod
1036 1603 1164 1656 igitur
1200 1603 1302 1642 dicit
1338 1605 1536 1652 ἐξελθόντι
1573 1605 1615 1643 ἐκ
1650 1606 1811 1650 παίδων,

303 1663 476 1711 propter
502 1658 693 1711 liturgias
727 1658 840 1698 dicit.
903 1659 1037 1697 Addit
1071 1658 1218 1697 deinde
1249 1659 1430 1698 breviter
1456 1660 1661 1710 εἰσφοράν,
1688 1674 1812 1713 quam

302 1714 343 1752 in
365 1713 545 1766 pueritia
567 1718 609 1753 et
630 1718 726 1766 post
747 1714 968 1766 pueritiam
989 1714 1273 1767 praestiterat.
1334 1714 1559 1754 DISSEN.

357 1772 541 1818 μηδεμιᾶς
581 1771 804 1820 φιλοτιμίας
846 1770 1150 1822 ἀπολείπεσθαι]
1205 1769 1348 1809 Veluti
1395 1784 1487 1809 cum
1529 1770 1592 1809 Ol.
1637 1783 1725 1823 105,
1771 1784 1811 1823 3.

302 1824 521 1864 trierarchi
543 1824 764 1864 voluntarii
787 1829 1070 1870 evocarentur,
1093 1826 1143 1864 cf.
1167 1839 1292 1878 supra
1322 1839 1360 1878 p.
1387 1837 1480 1877 259.
1543 1825 1654 1864 Vide
1684 1826 1812 1866 etiam

302 1879 409 1919 infra
430 1880 871 1933 11316011010111111
893 1880 944 1920 de
965 1894 1063 1920 voce
1085 1881 1288 1931 φιλοτιμία
1308 1880 1571 1933 lalgitionem
1593 1886 1635 1921 et
1657 1882 1812 1921 donum

301 1935 464 1988 publice
485 1935 717 1975 exhibitum
739 1935 999 1988 significante
1021 1936 1070 1976 cf.
1090 1936 1176 1989 Wy
1179 1936 1314 1975 ttenb.
1335 1936 1391 1975 ad
1408 1937 1574 1989 Eunap.
1594 1936 1653 1975 Pr
1655 1950 1810 1977 oaeres.

300 1995 444 2030 annot.
470 2005 509 2043 p.
531 2003 629 2043 327.
692 1991 919 2031 DISSEN.

357 2059 453 2099 313,
468 2059 507 2099 3.
531 2045 587 2099 γ’]
612 2047 801 2086 Attende
821 2047 903 2085 vim
924 2046 1154 2089 encliticae.
1188 2047 1260 2086 etsi
1279 2053 1437 2087 eventus
1458 2047 1539 2100 spei
1559 2061 1635 2087 ozon
1654 2061 1811 2101 respon-

299 2101 371 2149 dit,
394 2108 522 2141 tamen
542 2102 709 2141 honesta.
772 2103 1021 2142 sCHAEF.

355 2169 454 2209 313,
475 2170 515 2208 5.
538 2157 813 2211 συμβεβίωκα]
839 2159 965 2208 ἀγαθῇ
988 2160 1189 2210 γε-τύχῃ
1220 2160 1600 2213 συμβεβιωκὼς-Ι).
1622 2170 1718 2212 315,
1747 2170 1810 2210 17.

356 2280 452 2320 313,
477 2268 515 2306 8.
549 2269 686 2306 σκόπει
707 2268 801 2318 πρὸς
822 2269 963 2318 ταύτην
985 2285 1016 2307 κ.
1039 2285 1073 2306 τ.
1096 2269 1157 2321 λ.]
1190 2268 1306 2309 Oitat
1327 2269 1367 2308 h.
1392 2269 1417 2310 l.
1440 2269 1681 2309 Alexander
1702 2269 1809 2309 Rhe-

300 2327 430 2376 torp.
461 2325 520 2362 16.
582 2323 777 2362 REISK.

356 2391 453 2431 313,
482 2391 542 2417 10.
565 2378 660 2428 πρὸς
680 2381 731 2431 τῷ
754 2379 1011 2431 διδασκαλείῳ
1033 2378 1322 2431 προσεδρεύων]
1352 2379 1517 2419 Dicitur
1537 2381 1810 2431 προσεδρεύων

299 2448 392 2472 011111
413 2438 639 2480 contemtu,
663 2438 710 2473 ut
732 2433 801 2486 qui
832 2447 1041 2473 servorum
1073 2434 1114 2472 in
1145 2434 1312 2473 niodum
1343 2449 1505 2489 semper
1529 2440 1699 2488 praesto
1720 2449 1809 2475 esse

299 2490 471 2529 deberet
490 2490 544 2529 ad
566 2503 738 2528 munera
760 2489 939 2529 servilia.
982 2489 1211 2528 DISSEN.

356 2558 452 2598 313,
484 2558 542 2584 11.
576 2544 619 2583 τὸ
650 2544 978 2598 μέλαν-κορῶν]
1013 2545 1157 2585 Habet
1181 2545 1447 2585 Marcellinus
1468 2545 1492 2586 l.
1516 2559 1549 2585 c.
1571 2546 1625 2585 ad
1646 2560 1687 2599 p.
1714 2556 1806 2598 270,

302 2612 339 2652 7.
402 2600 653 2641 SOHAEF.

356 2669 452 2709 313,
487 2669 550 2697 12.
588 2658 634 2694 τὰ
666 2655 797 2705 βάθρα
832 2655 1072 2709 σπογγίζων]
1111 2655 1227 2696 Oitat
1260 2656 1407 2696 Pollux
1439 2670 1478 2707 4.
1515 2670 1574 2709 ¹9·
1612 2672 1647 2696 v.
1678 2656 1808 2708 βάθρα

300 2712 535 2762 σπογγίζων.
569 2710 764 2749 REISK.
796 2713 843 2750 τὰ
867 2712 998 2761 βάθρα
1022 2710 1205 2751 subsellia
1231 2712 1471 2760 scholastica,
1498 2712 1545 2751 cf.
1572 2712 1681 2752 Plat.
1704 2712 1807 2752 Pro-

300 2770 383 2819 tag.
414 2782 453 2820 p.
475 2778 588 2818 325.
612 2769 784 2819 propter
815 2781 936 2820 quem
967 2766 1103 2806 locum
1125 2767 1333 2807 verissime
1363 2744 1557 2808 observat
1581 2767 1806 2808 Muellerus

298 2822 497 2873 adjuncta
522 2796 684 2874 pulpita
710 2835 839 2874 paiva
866 2822 930 2860 his
958 2822 1136 2863 scamnis
1157 2823 1292 2864 fuisse.
1316 2823 1355 2864 in
1378 2823 1527 2879 quibus
1552 2823 1738 2878 legeient
1764 2828 1806 2865 et

299 2878 525 2917 sciibeient
549 2877 677 2931 puerL
739 2877 911 2919 DISSE
919 2877 968 2919 N
