1934 3179
330 120 411 157 450
885 121 999 161 PRO
1031 121 1285 161 CORONA.

330 228 582 269 Plutarchus
606 230 727 269 Prov.
747 230 867 269 Alex.
892 232 951 276 16,
971 245 1009 282 ]1.
1033 242 1147 282 [255.
1173 231 1287 279 νόμος
1308 230 1355 278 ἦν
1371 230 1584 278 Ἀθήνησιν
1607 232 1649 269 ἐν
1670 235 1749 272 τοῖς
1770 232 1838 281 γά-

327 300 412 332 μοις
434 285 636 335 ἀμφιθαλῆ
664 289 783 324 παῖδα
810 286 945 324 λίκνον
966 285 1214 333 βαστάζοντα
1237 287 1363 336 ἄρτων
1384 285 1517 324 πλέων
1539 284 1621 324 εἶτα
1645 286 1840 336 ἐπιλέγειν

323 338 533 389 ’Έφυγον
566 341 718 385 κακὸν,
751 341 890 390 εὗρον
921 340 1123 389 ἄμεινον.
1190 341 1316 379 Hanc
1347 339 1476 393 igitur
1508 340 1738 387 formulam,
1771 342 1840 380 ob-

327 395 510 434 servabis
532 395 838 447 paroemiacum
860 409 1021 434 versum
1043 409 1133 434 esse
1155 400 1202 435 ut
1223 395 1339 441 alias,
1362 400 1452 434 tum
1474 395 1703 435 Aeschines
1725 411 1840 449 prae—

327 449 416 489 ibat
445 464 563 490 sacro
589 451 762 490 ululatu.
798 451 1032 489 DISSEN.
1095 450 1318 491 Ehnsleius
1344 450 1445 491 haec
1468 451 1725 504 comparavit
1748 466 1840 491 cum

328 504 518 558 Euripid.
543 506 696 546 Bacch.
720 518 814 557 900.
859 505 1110 545 SCHAEF.

382 574 478 613 313,
504 573 568 600 21.
600 562 651 610 μὴ
678 564 752 612 γὰρ
781 561 899 600 οἴεσθ’
920 562 1035 600 αὐτὸν
1062 561 1309 612 φθέγγεσθαι
1339 563 1411 610 μὲν
1436 563 1532 600 οὕτω
1563 561 1677 612 μέγα,
1701 563 1841 602 ὀλολύ-

324 622 402 662 ζειν
424 615 453 655 δ’
473 616 544 668 οὐχ
570 616 863 669 ὑπέρλαμπρον]
904 617 1119 656 Utebatur
1145 616 1375 655 Aeschines
1403 616 1538 656 valida
1564 631 1675 663 voce,
1709 632 1839 670 eaque

325 671 606 723 superbiebat,
630 671 679 711 cf.
702 672 752 711 de
774 672 878 712 falsa
899 672 976 725 leg.
1005 672 1221 711 Demosth.
1244 687 1284 725 p.
1307 685 1416 722 449„
1441 672 1550 711 unde
1577 673 1752 723 εὔφωνος
1782 673 1842 712 di-

326 726 435 766 citur
455 742 495 780 p.
519 740 613 780 320,
640 739 702 772 27.
731 732 774 767 et
804 730 1093 777 λαμπρόφωνος
1114 743 1153 780 p.
1175 740 1269 780 329,
1296 740 1360 780 25.
1422 728 1546 766 Adde
1577 742 1703 780 porro
1728 728 1841 767 Ano-

325 796 494 835 nymum
525 783 566 821 in
597 783 820 836 Biograph.
855 798 921 836 ap.
956 784 1086 822 Bokk.
1109 783 1186 822 vol.
1208 795 1245 836 3.
1270 798 1307 836 p.
1334 796 1427 835 ¹245.
1457 788 1499 822 et
1523 782 1612 822 Vit.
1639 797 1697 822 10.
1721 783 1840 823 Orat.

326 852 395 890 ap.
420 838 634 878 Plutarch.
662 853 700 891 p.
733 840 813 889 840
838 841 890 877 A.
956 838 1065 878 Vide
1104 853 1211 877 nune
1245 852 1499 878 sarcasmum
1532 837 1840 887 Demosthenis,

327 907 419 932 cum
441 893 688 944 φθέγγεσθαι
707 894 808 945 μέγα
830 894 959 933 etiam
981 894 1008 932 ii
1032 894 1238 942 dicantur,
1263 894 1331 946 qui
1357 893 1646 946 imprudenter
1670 894 1840 946 loquun-

327 953 398 988 tur
420 953 461 988 et
484 949 677 993 clamant,
702 950 751 988 cf.
770 950 820 988 de
841 949 945 989 falsa
965 949 1089 1003 legat.
1118 964 1158 1002 p.
1181 963 1276 1000 405.
1319 950 1555 988 DISSEN.

383 1017 479 1057 313,
506 1016 570 1056 23.
603 1006 690 1046 τοὺς
721 1007 861 1046 καλοὺς
892 1005 1050 1046 θιάσους
1081 1006 1169 1046 τοὺς
1201 1004 1547 1055 ἐστεφανωμένους
1579 1007 1629 1057 τῷ
1661 1004 1841 1058 μαράθρῳ

328 1062 388 1099 καὶ
409 1063 453 1109 τῇ
476 1060 614 1114 λεύκῃ]
653 1062 910 1114 Harpocrat.
933 1076 965 1099 s.
989 1075 1025 1099 v,
1049 1062 1177 1108 λεύκη·
1211 1061 1269 1099 ὅτι
1296 1062 1331 1099 οἱ
1352 1063 1399 1099 τὰ
1422 1062 1593 1111 Βακχικὰ
1614 1061 1842 1110 τελούμενοι

328 1117 373 1169 τῇ
402 1117 519 1169 λεύκῃ
545 1116 772 1167 στέφονται,
800 1119 861 1155 διὰ
889 1116 932 1154 τὸ
964 1117 1125 1167 χθόνιον
1152 1116 1250 1155 εἶναι
1281 1115 1324 1153 τὸ
1357 1115 1492 1166 φυτὸν,
1520 1117 1682 1166 χθόνιον
1709 1117 1750 1154 δὲ
1782 1116 1843 1155 καὶ

328 1171 396 1210 τὸν
419 1174 482 1220 τῆς
509 1174 767 1222 Περσεφόνης
789 1171 1000 1211 Διόνυσον.
1054 1172 1123 1220 τὴν
1149 1173 1188 1210 δὲ
1217 1173 1360 1220 λεύκην
1381 1170 1598 1220 πεφυκέναι
1623 1171 1722 1221 φασὶ
1749 1171 1843 1222 πρὸς

328 1227 378 1280 τῷ
395 1226 614 1278 Ἀχέροντι,
638 1229 729 1266 ὅθεν
748 1229 808 1266 καὶ
830 1229 1023 1278 ἀχερωίδα
1046 1230 1253 1266 καλεῖσθαι
1274 1225 1360 1277 παρ’
1379 1225 1552 1278 (Ομήρῳ,
1576 1226 1625 1264 cf.
1644 1226 1771 1265 Hom.
1794 1226 1840 1265 Il.

334 1295 395 1335 13,
418 1284 512 1335 389.
544 1285 603 1325 16,
627 1286 723 1332 482.
788 1282 979 1322 Pertinet
1011 1282 1139 1334 igitur
1171 1281 1297 1321 etiam
1329 1295 1428 1320 usus
1458 1281 1578 1320 albae
1609 1282 1748 1334 populi
1780 1296 1840 1329 eo,

329 1338 439 1391 quod
464 1338 662 1378 Sabazius
685 1353 777 1377 cum
804 1338 985 1390 Dionyso
1007 1334 1215 1376 confusus.
1262 1338 1497 1376 DISSEN.

387 1406 484 1446 313,
511 1407 575 1442 24.
603 1394 798 1447 μαράθρῳ]
834 1393 958 1432 Vires
990 1393 1173 1447 magicas
1205 1392 1387 1432 tributas
1408 1392 1566 1431 videbis
1594 1407 1662 1445 ap.
1688 1392 1841 1432 Jacob-

329 1448 435 1487 sium
457 1449 508 1488 ad
533 1449 695 1489 Aelian.
722 1450 837 1489 Hist.
861 1449 1003 1488 Anim.
1028 1463 1065 1500 9,
1087 1461 1148 1500 17.
1171 1464 1208 1501 p.
1231 1461 1327 1499 312.
1377 1448 1608 1487 DISSEN.

387 1517 482 1556 313,
510 1517 572 1556 25.
596 1505 682 1546 τοὺς
703 1506 815 1554 ὄφεις
836 1505 923 1545 τοὺς
946 1506 1103 1554 παρείας
1127 1504 1293 1557 θλίβων]
1327 1503 1407 1543 Est
1434 1518 1564 1557 genus
1586 1503 1841 1556 serpentium

330 1559 568 1612 ingentibus
610 1560 800 1604 maxilliffi
836 1561 945 1599 unde
985 1574 1146 1603 110111011,
1180 1564 1226 1599 111
1267 1560 1441 1599 tradunt
1479 1558 1764 1612 Harpocratio
1800 1565 1843 1599 et

333 1615 582 1668 Hesychius,
647 1615 756 1654 Vide
788 1616 838 1655 de
870 1615 918 1654 iis
950 1615 1200 1668 interpretes
1230 1615 1283 1654 ad
1310 1615 1525 1667 Arist-oph.
1550 1615 1662 1654 Plut.
1687 1629 1721 1654 v.
1746 1617 1841 1666 690.

330 1675 374 1710 et
395 1671 639 1710 Jacobsium
661 1672 713 1710 ad
738 1671 904 1710 Aelian.
932 1671 1045 1710 Hist.
1067 1670 1207 1709 Anim.
1228 1672 1264 1717 8,
1289 1683 1348 1708 12.
1368 1685 1407 1723 p.
1425 1683 1517 1723 290.
1580 1670 1843 1709 Dicebantur

331 1726 537 1765 neminem
562 1727 724 1766 laedere
751 1741 902 1766 morsu.
966 1726 1106 1765 Etiam
1137 1726 1284 1765 horum
1317 1740 1413 1764 usus
1443 1730 1535 1765 erat
1563 1726 1604 1764 in
1626 1726 1842 1765 Bacchicis

332 1782 466 1827 rebus,
489 1782 538 1821 ef.
562 1782 703 1834 Eurip.
728 1783 881 1821 Bacch.
907 1785 1002 1834 605.
1025 1796 1136 1835 seqq.
1183 1782 1416 1820 DISSEN.
1479 1782 1619 1834 Hujus
1649 1781 1727 1819 loci
1760 1791 1842 1821 me—

331 1837 486 1876 minere
510 1838 634 1877 schol.
660 1838 873 1891 Aristoph.
901 1838 1012 1877 Plut.
1037 1841 1131 1889 690.
1166 1838 1453 1890 Hermogenes
1482 1851 1520 1889 p.
1543 1848 1638 1889 317.
1661 1842 1704 1876 01
1733 1837 1843 1876 Har-

332 1898 492 1945 pocrat.
514 1893 555 1932 in
579 1909 614 1932 v.
640 1896 811 1943 Παρείας
833 1895 956 1943 ὄφεις.
1012 1893 1120 1931 Vide
1145 1892 1380 1946 Etymolog.
1409 1893 1468 1931 M.
1493 1906 1511 1930 s
1550 1907 1584 1931 v.
1610 1894 1779 1942 Παρείας
1800 1898 1842 1932 01

334 1949 603 1987 Annnonium
627 1964 660 1987 v.
686 1951 866 1999 Παρειαί.
901 1948 1160 1987 TAYLoR.

388 2017 483 2057 313,
511 2008 575 2044 26.
603 2009 711 2052 βοῶν
733 2006 816 2044 εὐοῖ
844 2005 982 2057 σαβοῖ]
1015 2004 1247 2043 Dicebatur
1274 2004 1374 2042 deus
1404 2003 1543 2052 σαβὸς,
1568 2002 1747 2042 cultores
1769 2019 1839 2042 σα-

332 2061 411 2109 βοῖ,
435 2065 482 2099 111
504 2066 567 2099 cst
591 2060 753 2109 Βάκχος,
775 2061 930 2111 Βάκχοι,
950 2074 998 2099 ac
1022 2064 1146 2108 σαβοῖ
1161 2059 1345 2112 Phrygia
1365 2059 1498 2098 l'orma
1520 2057 1696 2098 vocativi
1717 2057 1842 2097 fuisse

334 2116 511 2162 videtur,
527 2116 873 2168 quemmhnmlum
889 2115 1042 2154 Bacchi
1064 2115 1302 2154 clamabant
1325 2115 1407 2153 εὐοῖ
1427 2114 1569 2165 Βάκχε.
1621 2114 1842 2153 Caeterum

334 2171 442 2210 1111110
473 2171 605 2210 10011111
638 2171 863 2223 respiciunt
898 2170 1179 2223 Harpocratio
1205 2176 1247 2209 et
1271 2169 1432 2208 Suidas.
1475 2169 1584 2208 Vide
1615 2168 1741 2208 etiam
1766 2170 1842 2208 Lo-

334 2227 451 2265 beck.
475 2226 515 2264 in
540 2226 815 2279 Aglaopham.
837 2241 876 2278 p.
900 2239 1003 2276 1042
1027 2240 1140 2279 seqq.
1194 2225 1413 2264 DISSEN.

393 2281 949 2331 ἐπορχούμενος”Ύης”Αττης,
963 2281 1165 2330 ”Αττης“’Ύ
1168 2280 1229 2333 ης]
1265 2280 1329 2319 De
1361 2279 1595 2318 nominibus
1625 2279 1737 2318 hisce
1764 2278 1842 2318 dis-

334 2342 457 2390 putat
482 2336 713 2375 Lobeckius
736 2336 997 2389 Aglaopham
1021 2351 1058 2388 p.
1084 2348 1186 2387 1045
1210 2349 1323 2387 seqq.
1378 2335 1559 2373 Videtur
1577 2334 1692 2386 Hyes
1710 2334 1841 2387 Phry-

333 2393 447 2446 gium
469 2405 695 2445 cognomen
714 2391 832 2430 Attis
854 2405 954 2430 esse.
1016 2391 1340 2430 Demosthenem
1361 2395 1409 2429 ut
1430 2389 1636 2441 explicare
1657 2403 1841 2442 pergam,

336 2462 417 2487 non
440 2448 585 2487 dubito
606 2461 771 2486 carmen
797 2447 1016 2499 mysticum
1037 2446 1173 2491 fuisse,
1197 2445 1237 2483 in
1260 2460 1340 2497 quo
1362 2445 1588 2484 identidem
1609 2448 1843 2497 repeteren-

337 2509 407 2542 tur
433 2503 510 2542 hae
533 2516 651 2542 voces
680 2507 880 2554 tanquam
904 2503 1103 2552 ἐφύμνιον,
1126 2501 1264 2553 qualia
1290 2502 1457 2551 ἐφύμνια
1488 2505 1584 2539 sunt
1616 2499 1684 2538 illa
1715 2499 1842 2539 notis-

337 2559 439 2598 sima
473 2560 514 2598 ῑὼ
547 2559 688 2610 Βάκχε,
718 2562 761 2597 01
780 2557 904 2606 ’Ὑμὴν
925 2556 953 2596 ὦ
973 2556 1169 2605 Ὑμέναιε.
1234 2557 1301 2595 Ita
1334 2561 1398 2594 est
1434 2556 1591 2595 factum
1624 2559 1672 2594 ut
1704 2559 1841 2594 totum

337 2628 502 2654 carmen
534 2613 645 2653 istud
683 2613 746 2652 his
777 2613 944 2652 vocibus
975 2612 1181 2665 designari
1216 2616 1369 2664 posset,
1402 2616 1529 2663 atque
1563 2611 1640 2649 hoc
1677 2624 1842 2649 carmen

336 2670 520 2709 saltabat
554 2669 794 2711 Aeschines,
831 2673 946 2707 motu
988 2672 1031 2707 et
1069 2667 1256 2721 gestibus
1296 2667 1570 2711 liberioribus,
1608 2665 1842 2718 orgiasticis

339 2725 506 2765 imitans
527 2725 654 2764 verba
675 2729 718 2763 et
740 2723 968 2763 sententias
991 2723 1087 2761 dum
1109 2728 1370 2762 canerentur.
1412 2721 1636 2761 DISSEN.

397 2793 491 2833 313,
518 2791 581 2831 27.
604 2778 785 2832 ἔξαρχος]
820 2779 996 2818 Solenne
1024 2784 1087 2817 est
1119 2777 1297 2828 ἐξάρχειν
1318 2777 1445 2816 etiam
1466 2777 1515 2816 de
1538 2777 1598 2823 iis,
1622 2776 1690 2828 qui
1722 2790 1840 2815 saera

340 2835 524 2874 earmina
554 2838 830 2887 praecantant
858 2839 900 2873 et
931 2834 1198 2887 praefantur;
1232 2847 1339 2871 nunc
1368 2837 1508 2872 autem
1531 2831 1758 2871 Aeschines
1784 2830 1840 2870 sic

340 2891 491 2930 «licitur
511 2890 621 2929 haud
646 2890 767 2928 dubie
789 2904 878 2928 eum
896 2889 1063 2941 prae-<¹217
1081 2894 1201 2928 esset.
1247 2889 1478 2927 DISSEN.
