1934 3179
264 136 348 177 374
823 137 935 177 PRO
968 138 1217 179 CORONA.

264 239 456 280 lictorum
477 255 610 294 poena
631 247 887 282 memoratur
908 244 949 283 in
971 250 1076 284 orat.
1096 259 1129 284 c.
1149 245 1301 299 Euerg.
1324 250 1368 285 et
1391 245 1567 285 Mnesib.
1593 261 1630 298 p.
1652 258 1768 298 1152.

265 301 308 336 et
328 297 382 336 ab
408 296 592 337 Isocrate
614 312 648 337 c.
675 298 834 338 Lochit.
860 300 896 350 ξ.
919 313 959 351 3.
996 301 1259 340 VOEMEL.
1277 317 1315 349 4.
1338 316 1376 354 p.
1400 315 1439 353 5.
1503 302 1658 341 Parum
1678 316 1771 355 pro-

264 352 413 391 babilis
445 352 719 392 Schoemanni
751 355 971 408 explicatio
1002 361 1067 396 est
1092 356 1238 410 Antiq.
1264 357 1374 410 publ.
1398 372 1437 411 p.
1462 370 1553 407 271.
1585 364 1608 379 “
1625 371 1772 409 nempe

266 407 481 447 dimidiam
503 414 667 461 partem
690 424 846 462 poenae
869 411 1012 451 statim
1033 413 1243 465 persolvit,
1261 413 1435 452 alteram
1457 418 1619 466 part-ein
1635 413 1771 452 adhuc

266 463 489 503 debebat.”
552 464 645 504 Hoc
667 466 775 504 enim
797 466 951 507 diserte
973 467 1050 507 dici
1072 469 1293 509 debuisset.

324 521 416 564 261,
438 533 501 560 21.
523 521 591 559 τὸν
614 521 736 560 καλὸν
758 523 996 576 κατάλογον]
1036 524 1277 577 Sequuntur
1297 539 1403 564 nunc
1425 524 1603 577 Oataloyi
1624 524 1774 577 prioris

265 579 308 614 et
339 575 580 615 recentioris
612 576 724 630 legis.
786 578 953 618 Dicitur
982 594 1078 619 vero
1111 581 1326 632 κατάλογος
1358 580 1422 620 hic
1452 595 1550 633 pars
1580 580 1680 634 legis
1711 595 1771 628 ea,

266 645 372 683 quae
394 631 713 685 descriptionem
735 635 915 674 muneris
936 650 1011 688 pro
1033 650 1178 675 census
1204 636 1366 676 ratione
1397 636 1638 689 praestandi
1661 635 1773 676 exhi—

266 686 404 726 bebat.
448 687 671 727 DISSEN.

324 745 417 790 261,
439 755 502 784 22.
526 744 613 785 τοὺς
634 745 883 797 τριηράρχους·
901 751 1106 787 καλεῖσθαι
1127 749 1188 787 ἐπὶ
1205 749 1274 797 τὴν
1291 748 1421 799 τριήρη
1440 749 1715 787 συνεκκαίδεκα
1732 749 1773 787 ἐκ

264 802 340 837 τῶν
363 800 405 837 ἐν
427 803 504 841 τοῖς
530 801 667 852 λόχοις
692 804 945 855 συντελειῶν]
986 803 1040 842 H.
1066 818 1101 843 e.
1124 810 1304 843 vocantem·
1324 803 1538 843 trierarchi
1567 804 1623 843 ad
1651 816 1774 842 unam

264 855 460 894 triremem
481 855 572 895 deni
599 857 680 895 seni
704 871 749 896 ea?
774 858 1020 898 societatibus
1042 860 1084 898 ι’·ιι
1104 860 1337 912 εψηηιονίῖε.
1399 860 1588 899 Obscura
1609 863 1672 899 est
1694 874 1772 899 vox

264 911 396 962 λόχος.
457 911 560 951 Cum
582 926 630 951 ea
651 917 791 952 tamen
823 929 903 953 non
935 915 1065 954 solum
1088 916 1139 955 de
1169 915 1417 955 militaribus
1441 915 1639 955 centuriis
1661 915 1774 955 diota

265 965 331 1014 sit,
355 967 427 1006 sed
448 967 575 1007 etiam
597 967 647 1007 de
669 969 866 1018 civilibus,
888 970 1140 1011 cf.‘Aristot.
1165 971 1287 1011 Polit.
1310 986 1349 1023 5.
1374 973 1424 1019 8.,
1447 971 1640 1011 videntur
1665 985 1773 1010 nunc

265 1023 510 1074 symmoriae
532 1023 834 1078 intelligendae,
857 1027 906 1065 cf.
926 1026 1107 1066 Boeckh.
1131 1028 1182 1066 de
1204 1027 1355 1067 Oecon.
1381 1028 1536 1067 Athen.
1563 1039 1597 1067 2.
1620 1042 1658 1080 p.
1685 1039 1771 1066 102.

266 1077 490 1118 DISSEN.
554 1080 606 1119 V.
631 1080 811 1120 Boeckh.
829 1082 870 1121 in
895 1082 1058 1136 Proleg.
1076 1083 1129 1122 ad
1151 1083 1271 1122 inscr.
1290 1098 1380 1123 nav.
1398 1098 1437 1136 p.
1462 1084 1550 1122 181.
1574 1083 1642 1136 qui
1664 1083 1773 1122 hunc

263 1134 525 1187 alterumque
546 1136 780 1190 catalogum
807 1138 873 1189 (de
891 1153 972 1191 quo
988 1153 1023 1177 v.
1047 1154 1086 1191 p.
1110 1139 1215 1190 182.)
1240 1153 1315 1191 pro
1336 1138 1524 1192 genuinis
1545 1139 1687 1187 habet,
1705 1139 1773 1178 de-

265 1189 401 1229 fensos
423 1191 550 1231 etiam
571 1193 625 1231 ab
644 1193 861 1232 Voelnelio
882 1209 920 1245 4.
943 1209 982 1247 p.
1008 1206 1043 1244 7.
1067 1199 1215 1235 contra
1237 1195 1524 1247 Droysenium.

324 1248 416 1293 261,
444 1249 508 1288 26.
533 1249 594 1287 ἐπὶ
615 1249 721 1301 ἴσον]
759 1249 990 1303 Aliquanto
1010 1251 1268 1303 frequentius
1291 1252 1330 1299 ἐξ
1352 1252 1449 1290 ἴσου.
1493 1249 1742 1290 SCHAEF.

321 1305 365 1351 τῇ
387 1304 569 1356 χορηγίᾳ]
610 1304 665 1343 Η.
688 1319 721 1344 e.
745 1307 979 1359 λειτουργίᾳ,
1002 1312 1049 1346 ut
1071 1306 1240 1359 ponitur
1265 1306 1473 1345 interdum
1495 1321 1574 1346 vox
1603 1320 1772 1360 genera-

264 1358 353 1396 liori
376 1372 510 1407 sensu,
534 1361 582 1398 cf.
601 1359 729 1399 Wolf.
753 1361 806 1400 ad
831 1361 951 1415 Lept.
974 1377 1013 1414 p.
1035 1365 1131 1411 462,
1157 1375 1221 1402 20.
1264 1362 1486 1402 DISSEN.

324 1417 417 1460 262,
444 1428 477 1454 2.
509 1416 595 1457 τοὺς
622 1417 873 1468 τριηράρχους
902 1419 1093 1468 αἱρεῖσθαι
1121 1419 1182 1457 ἐπὶ
1203 1418 1271 1466 τὴν
1292 1419 1422 1468 τριήρη
1448 1418 1522 1457 ἀπὸ
1550 1420 1615 1467 τῆς
1640 1418 1772 1460 οὐσίας

265 1472 361 1509 κατὰ
377 1471 544 1520 τίμησιν,
561 1472 635 1510 ἀπὸ
653 1473 855 1511 ταλάντων
872 1473 980 1525 δέκα]
1013 1474 1243 1513 Trita-arola·
1260 1474 1435 1527 Zefyetntor
1450 1473 1507 1513 ad
1520 1488 1642 1513 unam
1658 1474 1772 1513 trire-

263 1540 362 1564 mem
389 1541 435 1565 ow
461 1541 573 1566 censet
596 1527 638 1565 ’ῐιι
659 1527 813 1566 tabulas·
839 1528 960 1568 relato
980 1529 1070 1567 inde
1090 1545 1115 1569 a
1144 1530 1302 1569 talentis
1324 1530 1461 1569 (levem.
1526 1530 1772 1570 lnstitutum

264 1585 356 1621 erat
386 1583 497 1634 apud
520 1582 799 1622 Athenienses
831 1590 877 1623 ut
909 1599 990 1622 non
1017 1590 1110 1625 tota
1132 1586 1257 1633 οὐσία,
1282 1585 1353 1625 sed
1384 1600 1480 1638 pars
1502 1590 1617 1625 certa
1638 1586 1773 1627 οὐσίας

263 1637 317 1676 ad
339 1651 511 1677 munera
532 1638 695 1691 publica
716 1640 969 1692 praestanda
992 1646 1222 1686 vocaretur.
1239 1656 1344 1694 quae
1361 1641 1481 1694 vulgo
1502 1643 1642 1691 τίμημα
1659 1641 1772 1681 dicta

266 1694 615 1747 (Steuerkapitalx
638 1709 745 1734 nunc
767 1696 881 1735 οὐσία
904 1699 998 1736 κατὰ
1019 1698 1172 1747 τίμησιν
1193 1697 1356 1737 dicitur.
1419 1697 1486 1736 Sic
1518 1712 1567 1735 ex
1594 1697 1772 1750 descrip—

263 1748 377 1788 tione
396 1749 605 1789 Nausinici
631 1750 670 1788 in
694 1750 827 1803 prima
849 1751 976 1791 classe
999 1753 1140 1802 τίμημα
1161 1758 1252 1792 erat
1275 1753 1420 1806 quinta
1442 1767 1538 1805 pars
1560 1753 1708 1799 οὐσίας,
1725 1758 1772 1792 ut

263 1804 331 1857 qui
355 1805 582 1858 quingenta
602 1806 762 1846 talenta
786 1807 1028 1859 possideret.
1052 1808 1174 1861 hujus
1195 1822 1340 1848 census
1372 1808 1412 1847 in
1444 1808 1609 1848 tabulas
1640 1809 1771 1862 publi-

262 1874 331 1899 cas
368 1860 523 1900 relatus
559 1866 727 1901 centum
764 1867 872 1902 esset
908 1864 1173 1911 talentorum,
1212 1865 1352 1904 deceni
1387 1878 1482 1903 vero
1518 1864 1771 1904 talentorum

262 1916 362 1967 ejus,
386 1917 455 1969 qui
478 1917 782 1970 quinquaginta
812 1919 1056 1971 possideret.
1118 1920 1182 1959 De
1203 1935 1284 1972 qua
1315 1934 1359 1958 re
1390 1919 1587 1973 explicuit
1613 1921 1771 1960 Boeck-

263 1971 356 2010 hius
380 1974 532 2012 Uocon.
556 1970 711 2013 Athen.
737 1974 813 2013 vol.
838 1987 873 2014 2.
896 1990 934 2028 p.
960 1988 1009 2016 22
1033 1990 1149 2029 seqq.
1211 1975 1434 2015 DISSEN.

322 2029 414 2073 262,
437 2042 474 2077 4.
510 2031 579 2068 ἐὰν
601 2031 639 2069 δὲ
667 2032 863 2069 πλειόνων
883 2032 905 2081 ἡ
930 2033 1045 2071 οὐσία
1076 2031 1381 2081 ἀποτετιμημένη
1407 2030 1430 2080 ᾗ
1460 2031 1684 2084 χρημάτων]
1723 2032 1771 2071 Si

261 2089 392 2122 autem
406 2084 543 2136 pluris
564 2085 771 2125 aestimata
792 2087 1049 2137 witfitcnltczs,
1073 2087 1113 2126 h.
1136 2102 1170 2126 e.
1194 2087 1227 2125 si
1250 2102 1396 2126 census
1418 2087 1459 2126 in
1481 2087 1647 2126 tabulas
1668 2087 1770 2127 rela-

263 2144 330 2177 tus
352 2139 497 2192 viginti
526 2145 600 2180 aut
628 2141 804 2193 triginta
832 2142 886 2181 sit
912 2142 1177 2188 talentorum,
1201 2143 1258 2182 ad
1276 2143 1436 2182 eandem
1456 2157 1634 2182 normam
1656 2142 1770 2182 litur-

258 2195 328 2246 qia
340 2202 568 2246 praestetur
587 2193 706 2250 usquc
725 2198 782 2236 ad
799 2204 874 2236 tres
894 2199 1072 2237 triremes
1091 2205 1125 2237 et
1145 2199 1348 2251 wari-(sium
1369 2199 1609 2237 actzaarizmz.
1656 2198 1770 2252 Ergo

262 2264 385 2289 unam
417 2251 628 2291 triremem
661 2253 823 2292 curabit
853 2254 968 2305 cujus
998 2256 1139 2303 τίμημα
1170 2254 1327 2300 deceni,
1349 2254 1452 2293 duas
1483 2254 1598 2306 cujus
1628 2255 1770 2303 τίμημα

262 2304 529 2359 vigiliti7·t1·es
557 2307 747 2347 triremes
775 2312 817 2347 et
848 2310 1056 2361 scapham.
1081 2309 1197 2361 cujus
1223 2311 1365 2359 τίμημα
1391 2309 1567 2363 triginta
1592 2309 1768 2349 talento-

263 2375 354 2399 rum
376 2366 450 2400 aut
471 2363 607 2415 paullo
629 2363 756 2416 pluris
778 2369 855 2403 est.
898 2364 1125 2403 DISSEN.

321 2419 413 2463 262,
441 2429 480 2469 5.
513 2419 583 2459 ἕως
613 2420 1034 2472 τριῶν-ὑπηρετικοῦ]
1090 2419 1241 2459 Rarius
1277 2420 1398 2459 obvia
1433 2420 1691 2460 constructio
1727 2420 1767 2459 in

261 2472 532 2524 scriptoribus
554 2474 757 2513 classicis:
789 2478 836 2513 ut
857 2475 1035 2514 insolens
1056 2475 1142 2514 visa
1162 2475 1288 2515 fuerit
1310 2475 1519 2515 Boeckhio
1541 2476 1592 2515 de
1615 2476 1766 2515 Oecon.

261 2528 365 2567 Ath.
389 2529 466 2567 vol.
493 2542 528 2567 2.
551 2544 588 2582 p.
614 2541 707 2569 201.
768 2529 848 2569 Sed
871 2530 1250 2570 Alexandrinorum
1271 2531 1527 2583 temporibus
1553 2531 1612 2571 ita
1641 2531 1768 2570 incre-

260 2582 363 2629 buit.
387 2589 434 2623 ut
455 2599 504 2623 ex
531 2585 636 2624 illius
663 2585 816 2625 aetatis
841 2586 1114 2638 scriptoribus
1137 2587 1246 2639 quod
1275 2587 1377 2626 satis
1405 2586 1459 2626 sit
1487 2587 1767 2640 exemplorum

260 2639 376 2678 facile
393 2640 574 2693 colligas.
613 2641 843 2692 Polybiana
864 2642 1052 2695 exempla
1068 2642 1214 2682 citavit
1233 2642 1648 2695 Schweighaeuserus
1666 2642 1765 2681 Lex.

262 2693 406 2747 Polyb.
431 2710 470 2748 p.
496 2707 587 2748 293.
630 2696 882 2736 SCHAEF.

324 2752 416 2797 262,
446 2753 482 2789 6.
515 2752 759 2804 ὑπηρετικοῦ]
797 2752 1037 2800 ὑπηρετικὸν,
1071 2753 1154 2792 sive
1185 2753 1399 2803 ὑπηρετική,
1434 2753 1600 2805 scapha,
1628 2751 1767 2805 qualia

261 2805 424 2858 navigia
458 2807 511 2845 ad
541 2807 708 2859 quaevis
741 2807 972 2847 ministeria
1004 2807 1154 2847 classes
1189 2822 1327 2847 secum
1363 2808 1587 2848 habebant.
1649 2807 1764 2847 Conf.

262 2859 454 2900 Scheffer.
479 2863 529 2901 de
552 2863 612 2901 Ro.
634 2877 724 2901 nav.
752 2875 787 2901 2.
815 2875 852 2901 2.
917 2863 964 2901 In
997 2863 1264 2916 sequentibus
1293 2864 1346 2902 ad
1377 2864 1475 2902 ἔστω
1508 2862 1716 2916 supplebis
1743 2863 1765 2911 ἡ

259 2918 492 2967 λειτουργία,
531 2919 583 2956 ad
620 2919 732 2957 οὐσία
768 2932 863 2957 vero
900 2921 995 2958 κατὰ
1030 2920 1196 2969 τίμησιν.
1256 2918 1386 2957 Vides
1423 2933 1595 2971 quorum.
1631 2917 1766 2956 minor
