1950 3210
679 147 792 187 I’Ro
824 146 870 186 C(
882 145 1074 186 ›RONA.
1549 149 1623 188 371

118 247 143 288 l.
166 248 236 289 cit.
271 248 493 289 DISSEN.
556 249 672 289 (fitat
693 249 732 288 h.
756 249 779 288 l.
803 255 845 289 et
867 248 1087 289 artificium
1120 249 1208 301 ejus
1238 248 1488 288 rhetoricum
1517 263 1630 287 moro

118 319 193 344 suo
209 305 471 345 demonstrat
489 305 775 359 Hermogenes
794 320 832 358 p.
850 307 943 356 276.
961 320 990 343 s.
1018 304 1285 344 Marcellinus
1302 305 1355 343 ad
1376 304 1630 357 Hermogen.

120 375 159 413 p.
177 373 273 414 343.
297 361 381 401 ἔστι
403 363 443 400 δὲ
466 362 527 400 καὶ
551 363 680 411 ἕτερος
702 362 842 412 τρόπος
865 363 945 412 (τῆς
966 362 1216 412 συγκρίσεως,
1241 375 1305 399 res
1328 360 1437 400 inter
1458 375 1500 399 se
1523 374 1629 399 com-

118 417 313 469 parandi)
338 418 413 457 ἀπὸ
435 420 510 456 τῶν
533 417 789 468 κυρωσάντων
807 416 952 466 (scilic.
969 417 1037 456 τὸν
1056 418 1208 466 νόμον).
1247 418 1296 458 ὡς
1317 418 1337 455 ὁ
1361 415 1629 466 Δημοσθένης·

118 473 168 513 ὡς
190 474 225 512 οῖ
245 474 431 524 πρόγονοι
453 474 586 513 ἔθεντο
601 497 668 512 -.
721 474 782 512 καὶ
803 473 878 512 ἀπὸ
900 476 965 521 τῆς
987 474 1122 518 αἰτίας,
1147 472 1190 512 δι’
1208 472 1254 521 ἣν
1277 474 1401 521 ἐτέθη.
1458 473 1507 513 ὡς
1528 474 1632 522 παρὰ

117 528 169 580 τῷ
193 528 441 578 Δημοσθένει
470 530 697 580 εὑρίσκομεν
722 532 780 581 (p.
809 530 903 578 644.
930 530 1030 578 24.)·
1063 530 1310 580 λογιζόμενοί
1334 545 1376 567 τε
1402 529 1461 567 ὅτι
1487 531 1632 578 μητέρα

116 582 308 634 Ὀρέστης
337 586 567 632 ἀπεκτονὼς,
591 585 690 624 θεῶν
711 587 902 624 δικαστῶν
922 586 1062 637 τυχὼν,
1084 584 1370 636 ἀποφυγγάνει.
1423 584 1484 623 καὶ
1511 584 1632 623 πάλιν

119 641 180 692 (1).
206 642 298 687 260,
323 641 396 691 8.)·
430 642 531 691 ὁρῶν
556 642 630 691 γὰρ
658 641 733 691 ἐγὼ
762 640 806 678 τὸ
839 641 1018 680 ναυτικὸν
1043 642 1149 688 ὑμῶν
1176 642 1480 690 καταλυόμενον.
1542 640 1631 679 Ho-

118 709 208 734 rum
241 695 350 736 inter
379 711 422 736 se
448 710 597 736 nexum
627 710 703 749 ego
729 695 919 748 equidem
949 710 1030 735 non
1062 695 1260 747 intelligo.
1294 696 1487 735 RElsK.
1550 696 1631 735 Sed

118 750 184 789 hic
207 751 333 791 etiam
355 752 613 805 significatur
633 752 655 801 ἡ
678 752 793 797 αἰτία,
817 751 863 791 δι’
879 751 926 800 ἢν
948 753 968 790 ὁ
992 753 1107 801 νόμος
1130 751 1252 801 ἐτέθη.
1304 751 1455 791 SOHA
1466 751 1555 790 EF.

182 808 278 855 260,
306 821 367 846 11.
405 808 492 849 τοὺς
525 809 598 857 μὲν
628 807 839 848 πλουσίους
875 808 1027 848 ἀτελεῖς
1067 807 1142 846 ἀπὸ
1182 810 1327 858 μικρῶν
1363 807 1632 857 ἀναλωμάτων

117 861 385 917 γιγνομενους]
421 864 477 903 Et
506 863 648 902 divites
677 863 866 901 immunes
895 862 1154 916 litmyiarzcm
1181 877 1314 916 parvo
1343 869 1500 916 sumpta
1520 862 1629 914 fieri.

117 917 224 957 Sio'
206 919 282 958 απὸ
305 923 465 970 σμικροῦ
489 918 703 971 Aristoph.
730 918 841 958 Plut.
863 929 962 971 377.
1026 918 1133 958 Nam
1165 919 1362 958 locabant
1394 918 1632 959 trior-alchi-

118 987 211 1013 cum
242 989 391 1013 munus
421 974 582 1014 talento
610 974 876 1027 redemptoli,
899 974 967 1027 qui
995 974 1204 1028 suscipere
1226 974 1358 1023 vellet,
1381 975 1430 1014 cf.
1448 974 1566 1014 Orat.
1591 974 1632 1013 in

121 1029 226 1069 Mid.
249 1044 288 1083 p.
309 1032 406 1083 364.
428 1030 497 1069 fin.
531 1030 713 1069 Boeckh.
736 1030 787 1069 de
810 1030 907 1069 Oec.
930 1030 1087 1070 Athen.
1114 1043 1149 1070 2.
1173 1045 1211 1083 p.
1236 1043 1340 1082 105,
1363 1035 1405 1070 et
1427 1045 1519 1070 cum
1546 1030 1632 1084 plu-

117 1085 265 1125 limam
296 1086 418 1139 hujus
448 1086 647 1140 pecuniae
678 1090 841 1139 pzwtem
870 1101 895 1125 a
921 1085 1041 1125 sociis
1067 1085 1281 1139 exigerent
1303 1089 1367 1135 τῆς
1388 1087 1629 1130 συντελείας,

118 1140 196 1194 ipsi
229 1156 361 1195 pauca
383 1142 553 1187 (labant,
576 1147 619 1181 et
639 1147 782 1181 tamen
814 1141 941 1181 etiam
967 1142 1069 1195 leliq
1072 1156 1219 1181 uarum
1250 1141 1512 1195 litmgiarum
1546 1142 1632 1181 nul-

118 1197 201 1237 lam
232 1199 519 1250 praestabant,
548 1197 881 1251 quandoquidem
915 1198 968 1236 ab
1002 1198 1064 1236 his
1097 1197 1215 1236 liberi
1246 1202 1367 1237 erant
1398 1197 1631 1237 trierarchi.

122 1252 190 1293 Ita
227 1254 385 1293 factum
425 1259 472 1294 ut
512 1268 639 1306 parvo
681 1253 889 1306 impendio
931 1253 1132 1292 immunes
1173 1258 1312 1292 essent
1355 1252 1631 1306 liturgiarum.

120 1308 352 1349 DISSEN.

179 1367 271 1412 260,
301 1366 361 1404 18.
397 1366 459 1404 καὶ
490 1366 654 1416 γραφεὶς
684 1366 752 1405 τὸν
783 1366 917 1416 ἀγῶνα
948 1369 1085 1404 τοῦτον
1116 1366 1170 1406 εἷς
1204 1366 1299 1414 ὑμᾶς
1336 1363 1543 1418 εἰσῆλθον]
1577 1365 1634 1404 Et

119 1427 324 1460 accusatus
339 1421 431 1475 Zeyz‘s
447 1421 551 1460 latae
565 1420 770 1474 prioribus
786 1420 928 1473 leyibas
944 1420 1201 1474 repa-(mantis
1215 1420 1322 1459 subii
1337 1420 1438 1460 hane
1454 1434 1634 1459 caussam

119 1476 234 1530 apud
256 1491 330 1516 vos.
392 1476 458 1516 Sic
490 1477 627 1529 paullo
659 1482 754 1530 post
786 1479 972 1526 εἰσῆλθον
994 1477 1062 1525 τὴν
1086 1476 1255 1527 γραφήν,
1279 1482 1320 1515 et
1342 1476 1434 1515 adv.
1460 1476 1631 1516 Phorm.

119 1547 159 1585 p.
183 1544 278 1585 907.
301 1533 482 1582 οὐδεμίαν
501 1534 656 1572 πώποτε
682 1534 790 1579 δίκην
812 1531 1048 1581 εἰσήλθομεν
1069 1532 1165 1582 πρὸς
1196 1533 1298 1581 ὑμᾶς,
1323 1531 1399 1571 οὔτ’
1421 1533 1634 1582 ἐγκαλοῦν-

119 1605 181 1630 τες
205 1587 281 1628 οὔτ’
301 1589 593 1639 ἐγκαλούμενοι.
655 1589 765 1627 Adv.
790 1588 958 1641 Aphob.
981 1602 1021 1640 p.
1046 1588 1140 1635 840.
1163 1589 1212 1628 ὡς
1236 1590 1310 1639 γὰρ
1331 1589 1398 1629 τὰς
1423 1589 1528 1629 δίκας
1548 1589 1633 1626 ταύ-

119 1660 188 1686 τας
214 1644 383 1693 ἔμελλον
410 1643 574 1683 εἰσιέναι
604 1643 681 1683 κατ’
707 1645 844 1684 αὐτῶν.
905 1643 1077 1683 Dicitur
1103 1643 1354 1695 εἰσέρχεσθαι
1382 1643 1443 1682 vel
1471 1642 1635 1682 εἰσιέναι

119 1704 163 1739 et
185 1700 235 1739 de
262 1714 332 1739 reo
354 1703 397 1739 et
418 1700 469 1739 de
495 1705 638 1740 actore
667 1705 743 1740 aut
769 1704 1027 1739 accusatore.
1090 1698 1210 1738 Conf.
1238 1698 1383 1738 Meier.
1412 1703 1455 1738 et
1483 1699 1633 1738 Schoe-

120 1769 259 1795 mann.
283 1756 333 1795 de
349 1755 438 1809 jud.
462 1756 619 1795 Athen.
643 1770 682 1808 p.
708 1759 801 1805 706.
853 1754 1082 1794 DISSEN.

180 1813 272 1859 260,
299 1825 362 1851 20.
385 1811 428 1850 τὸ
447 1810 563 1860 μέρος
583 1812 659 1851 τῶν
679 1812 846 1863 ψήφων]
888 1812 944 1850 Η.
968 1825 1000 1850 e.
1026 1811 1068 1849 τὸ
1091 1810 1230 1849 τακτὸν
1250 1810 1377 1861 μερὸς,
1402 1810 1512 1863 quod
1540 1817 1633 1849 erat

124 1867 167 1905 τὸ
188 1866 376 1916 πέμπτον.
421 1866 645 1906 DISSEN.

179 1923 272 1969 260,
296 1934 360 1961 21.
381 1923 467 1963 τοὺς
486 1923 678 1973 ἡγεμόνας
699 1926 775 1961 τῶν
797 1926 1018 1972 συμμοριῶν
1039 1927 1200 1961 eertum
1229 1926 1294 1961 est
1324 1921 1448 1960 fuisse
1478 1920 1629 1960 ditissi-

121 1991 222 2022 mos,
256 1977 365 2016 unde
400 1977 590 2016 secundis
626 1981 669 2017 et
703 1978 841 2017 tertiis
875 1983 1154 2030 opponuntur.
1216 1977 1333 2017 Conf.
1364 1976 1548 2015 Boeckh.
1581 1977 1632 2016 de

122 2034 276 2072 Oecon.
302 2033 460 2072 Athen.
486 2046 522 2073 2.
544 2047 584 2085 p.
607 2035 673 2080 60.
700 2038 741 2072 et
769 2047 853 2086 ¹03·
922 2033 981 2071 Hi
1009 2038 1131 2072 erant
1162 2033 1286 2071 duces
1317 2032 1633 2085 symmoriarum

122 2094 163 2128 et
199 2089 402 2141 gerebant
438 2103 536 2127 rem.
575 2088 796 2127 DISSEN.
864 2088 984 2128 Citat
1013 2089 1051 2128 h.
1078 2089 1103 2127 l.
1129 2089 1386 2140 Harpocrat.
1414 2103 1449 2126 v.
1481 2089 1634 2138 ἡγεμὼν

123 2146 350 2194 συμμορίας.
383 2144 575 2182 REISK.
639 2144 747 2183 Vide
777 2144 985 2184 Parreidt.
1016 2144 1177 2197 Proleg.
1211 2144 1264 2183 ad
1291 2148 1396 2182 orat.
1426 2145 1512 2194 περὶ
1540 2160 1633 2192 συμ-

121 2203 266 2250 μοριῶν
287 2215 324 2252 p.
348 2202 415 2251 36.

182 2259 277 2300 260,
303 2268 366 2303 24.
401 2257 433 2294 εἰ
461 2257 501 2293 δὲ
529 2255 593 2304 μὴ,
619 2257 896 2304 καταβαλόντα
925 2257 992 2294 ε’ἇν
1013 2257 1054 2295 ἐν
1075 2255 1292 2308 ὑπωμοσίᾳ]
1326 2255 1402 2294 Sin
1423 2254 1568 2301 minch,
1592 2260 1634 2293 ut

121 2324 206 2349 eam
236 2316 326 2349 ante
358 2310 578 2349 institutam
607 2312 897 2350 accusationem
927 2311 1020 2364 leyz's
1050 2311 1152 2350 male
1182 2317 1340 2364 royatae
1364 2310 1575 2349 desererem
1601 2316 1635 2348 et

122 2380 353 2405 revoc-arem.
414 2365 457 2404 Si
479 2370 577 2405 ante
598 2366 729 2419 legem
750 2372 823 2406 aut
845 2366 1082 2420 psephisma
1097 2367 1261 2419 jussum
1281 2381 1307 2406 a
1329 2365 1481 2419 populo
1503 2365 1634 2405 exori—

122 2426 250 2468 retur,
274 2421 342 2474 qui
373 2420 504 2460 inesse
536 2422 806 2462 contenderet
831 2423 943 2475 quod
968 2422 1178 2462 veteribus
1208 2422 1368 2475 legibus
1399 2426 1509 2460 esset
1539 2435 1633 2460 con-

122 2477 312 2516 trarium.
335 2476 516 2516 debebat
541 2476 575 2515 is
602 2477 874 2529 jurejurando
903 2477 1151 2531 interposito
1176 2477 1383 2516 affirmare
1404 2491 1447 2516 se
1468 2481 1634 2529 rogato-

123 2546 210 2572 rem
241 2532 342 2585 legis
372 2532 679 2584 postulaturum
705 2547 807 2571 esse.
868 2533 959 2582 Quo
980 2533 1253 2585 jurejurando
1285 2532 1477 2571 effectum
1502 2537 1566 2570 est
1587 2536 1635 2571 ut

123 2588 290 2627 interim
307 2586 543 2626 differretur
563 2587 629 2626 lex
650 2592 723 2627 aut
744 2588 979 2640 psephisma
1002 2602 1076 2626 nec
1098 2587 1269 2640 perferri
1291 2594 1445 2639 posset.
1493 2587 1634 2639 Atque

124 2643 226 2682 haec
244 2647 308 2682 est
323 2644 537 2691 ὑπωμοσία,
557 2644 724 2682 verbum
742 2644 1033 2691 ὑπομόσασθαι.
1063 2642 1467 2682 Cf.Sel10e1nann.de
1483 2642 1633 2681 Comit.

125 2698 226 2738 Ath.
256 2713 294 2750 p.
318 2709 394 2750 159
418 2711 505 2750 sqq.
542 2698 688 2736 Meier.
716 2703 759 2736 et
789 2698 1062 2737 Schoemann.
1091 2698 1141 2736 de
1163 2698 1253 2750 jud.
1282 2697 1438 2736 Athen.
1469 2711 1508 2749 p.
1539 2698 1631 2748 285.

125 2753 327 2807 Rogatori
356 2766 451 2792 vero
482 2752 633 2792 licebat
660 2762 758 2792 ante
785 2767 974 2792 caussam
996 2753 1214 2792 dicendam
1235 2753 1425 2791 deserere
1451 2752 1633 2805 rogatio-

125 2823 230 2855 nem,
249 2808 360 2861 quod
382 2813 445 2847 est
468 2810 744 2857 καταβαλόιτα
767 2809 834 2847 ἐᾶι
857 2810 899 2847 ἐν
920 2810 1134 2860 ὑπωμοσίᾳ,
1158 2808 1208 2847 cf.
1227 2807 1413 2847 Platner.
1437 2808 1487 2846 de
1504 2807 1632 2859 judic.

125 2864 283 2903 Athen.
309 2876 344 2903 2.
366 2878 406 2916 p.
428 2876 496 2915 54.
560 2865 779 2903 [wetelum
803 2863 913 2915 quod
942 2849 1148 2917 gloriatur
1170 2863 1473 2902 Demosthenes
1505 2877 1546 2901 se
1573 2877 1633 2901 le-

125 2919 281 2959 stitisse
303 2933 351 2971 pi
354 2918 515 2957 omissis
531 2918 772 2972 e(›1uln‚qui
796 2918 1011 2971 pecuniam
1030 2918 1258 2958 offerebant
1278 2933 1327 2957 ne
1345 2919 1471 2957 felret
1489 2917 1632 2971 legem

824 2989 843 3012 Β
864 2974 889 3007 h
913 2976 937 3012 ,2
