1950 3210
684 138 799 179 PRO
832 138 1086 179 CORONA.
1559 141 1642 178 {3423

125 243 221 284 suit.
283 245 398 295 Quae
431 257 524 283 cum
556 243 617 283 ita
648 243 744 292 sint,
778 248 895 297 patet
930 243 1166 296 psephisma
1197 242 1494 295 Ctesiphontis,
1529 243 1637 296 quod

125 299 233 340 infra
252 299 416 354 legitur,
439 314 520 339 non
542 313 631 339 csse
652 300 872 353 intcgrmn,
896 299 1016 353 qualo
1041 300 1093 339 ab
1116 305 1286 338 auctore
1308 300 1538 351 profectum
1562 305 1638 338 est.

132 355 356 396 DISSEN.

187 425 279 461 243,
321 424 383 464 23.
419 410 566 463 ψευδῆ]
611 412 724 461 Quac-
758 410 985 464 Ctesiphon
1027 410 1078 450 (lc
1118 409 1309 450 laudibus
1353 410 1642 449 Dcmosthcnis

126 468 402 521 praedicalat
464 467 661 520 Syrianus
683 467 736 506 ad
762 467 1012 517 llnmoaon.
1036 481 1073 519 p
1095 480 1158 517 79,
1182 479 1246 517 29.
1280 483 1354 515 χρη
1376 467 1415 504 δὲ
1439 466 1526 505 τοὺς
1546 468 1643 513 μετὰ

128 523 268 576 τέχνης
291 524 523 575 ἐργάζεσθαι
544 524 630 563 τοὺς
652 524 793 572 λογους
815 525 862 561 ἐπ
850 526 1105 574 ιχειροῐντας
1125 527 1203 563 ταῖς
1225 540 1271 560 ιι
1252 523 1447 569 -οδείξεσι
1469 521 1640 569 συμπλε-

129 596 209 619 κειν
230 582 297 621 τὰς
319 581 521 629 ἐπιφορὰς,
545 580 652 617 ἀλλὰ
673 579 723 626 μὴ
747 577 819 626 ἔξω
847 582 914 616 τοῦ
944 578 1196 627 προκειμέιου
1225 576 1388 623 δικάζει]
1412 583 1529 625 (num
1552 578 1643 616 ἀλυ-

129 636 298 682 σκάζειν,
321 649 467 679 errare,
492 634 694 686 vassmw's?
729 635 834 683 εἴπερ
865 634 916 682 μὴ
947 634 1164 682 μέλλοιμεν
1191 634 1233 672 το
1266 636 1332 671 τοῦ
1355 634 1545 684 Αἰσχίνου
1574 649 1643 671 πα-

130 694 215 731 θεῖν
237 691 317 730 καθ’
344 693 502 737 ἑαυτῶν,
526 690 652 740 φασὶν
676 692 742 737 (ut
764 694 827 728 est
849 689 888 727 in
918 689 1170 742 proverbio),
1187 690 1382 737 ἀλώμενοι
1404 690 1520 728 (fort.
1545 689 1645 737 ἀμώ-

127 763 251 795 μενοι,
276 752 527 799 conflerelztes,
549 746 833 794 coacervantes)
858 746 978 783 κόνιν.
1015 746 1076 784 καὶ
1106 748 1178 794 γὰρ
1203 746 1390 795 Αἰσχίνης
1414 746 1456 783 ἐν
1477 747 1526 796 τῷ
1552 746 1645 783 κατὰ

132 805 412 853 Κτησιφῶιτος
443 802 509 840 οὐκ
541 802 744 851 ἀρκεσθεὶς
776 801 1004 850 παράνομοι
1026 804 1146 849 δεῖξαι
1179 817 1221 838 το
1248 802 1401 850 γραφὲν
1427 802 1521 838 κατὰ
1547 801 1645 850 (non

128 857 329 905 adversus,
352 858 425 897 sed
456 856 697 910 simpliciter
727 856 786 904 de
808 856 977 896 timasi
1004 856 1146 908 utique
1178 858 1273 905 ὑπὲρ
1304 870 1355 894 111
1360 855 1467 894 illem
1489 855 1646 908 perspi-

130 913 299 953 cuitatis
333 913 471 953 saltim
503 927 564 965 g]
554 912 641 952 itia
674 917 715 952 et
748 926 797 951 ne
829 912 1001 951 dubium
1032 911 1232 965 supersit)
1262 911 1539 960 Δημοσθένους
1570 911 1645 961 ψή-

131 976 271 1019 φισμα,
296 970 403 1008 ἀλλὰ
423 969 607 1018 προσθεὶς
633 969 683 1009 ὡς
709 969 797 1007 οὐδὲ
824 969 928 1017 ἄξιος
955 969 1153 1018 στεφάνου
1176 969 1195 1006 ὁ
1215 966 1468 1016 Δημοσθένης
1496 969 1647 1017 πρόφα-

130 1041 196 1064 σιν
217 1026 267 1079 τῷ
289 1026 465 1077 ἀντιδίκῳ
487 1027 553 1073 τῆς
579 1028 653 1063 τῶν
685 1025 837 1063 οἰκείων
867 1023 1160 1073 πολιτευμάτων
1193 1025 1364 1072 διεξόδου
1387 1023 1647 1074 κεχορήγηκεν

128 1082 316 1131 ἄφθονον.
352 1082 384 1120 εἰ
418 1084 457 1119 δὲ
480 1081 566 1130 περὶ
597 1081 720 1129 μόνον
754 1080 847 1128 ἔστη
879 1080 922 1118 τὸ
955 1081 1195 1129 κρινόμενον,
1223 1079 1278 1131 (id
1310 1079 1421 1131 quod
1442 1079 1521 1118 fuit
1553 1079 1643 1125 hoc,

130 1151 228 1176 num
250 1136 536 1190 Ctesiphontis
561 1135 793 1175 auctoritas
814 1135 898 1187 juri
926 1135 1033 1175 civili
1064 1138 1301 1189 repugnem)
1328 1138 1468 1174 θᾶττον
1491 1135 1539 1174 ἂν
1563 1136 1644 1174 εἷλε

134 1193 393 1242 Δημοσθένην
412 1191 626 1244 Τιμάρχου.
688 1191 884 1231 REISK.

190 1252 267 1288 τῶν
304 1250 432 1297 νόμων
472 1248 539 1287 οὐκ
581 1249 733 1287 ἐώντων
777 1266 810 1287 κ.
845 1265 878 1287 τ.
912 1248 968 1299 λ.]
1022 1247 1221 1300 Ξ)·ι’ἰειῃυ;ς
1252 1247 1304 1286 ad
1337 1247 1647 1300 Hermogenem

130 1319 170 1357 p.
192 1316 287 1357 302.
322 1304 365 1342 τὸ
388 1305 550 1353 νόμιμον
582 1304 820 1343 πλατύνεται
850 1306 893 1353 τῇ
927 1320 967 1342 τε
990 1305 1123 1357 γνώμῃ
1150 1306 1217 1342 τοῦ
1249 1303 1460 1352 νομοθέτου
1483 1305 1544 1342 καὶ
1567 1307 1647 1344 τοῖς

130 1364 416 1410 περιστατικοῖς
436 1360 582 1410 μορίοις
605 1360 666 1398 καὶ
689 1359 832 1409 ἑτέροις
855 1360 998 1409 νόμοις,
1018 1360 1149 1409 ὥσπερ
1172 1360 1233 1398 καὶ
1251 1358 1506 1408 Δημοσθένης
1529 1360 1571 1397 ἐν
1593 1359 1644 1410 τῷ

132 1432 218 1466 περι
240 1416 439 1466 στεφάνου
460 1415 503 1453 τὸ
527 1417 688 1465 νόμιμον
715 1417 776 1454 διὰ
803 1416 929 1464 νόμων
959 1415 1101 1464 ἑτέρων
1133 1416 1305 1454 ἐπλιιτυι
1310 1431 1363 1453 ει.
1400 1415 1513 1463 ἔθηκε
1536 1417 1575 1453 δὲ
1598 1415 1642 1452 τὸ

137 1473 300 1521 νόμιμον
332 1473 372 1520 ἐξ
394 1472 514 1522 ἀρχης
538 1471 599 1523 (in
632 1470 870 1524 pr‚incipio)
894 1471 937 1510 οὐ
969 1473 1057 1522 γὰρ,
1081 1470 1132 1512 ὠς
1155 1471 1283 1521 ἕτεροί
1311 1477 1451 1539 φασιν,
1473 1472 1515 1509 ἐν
1542 1471 1649 1523 μέσῳ

133 1531 201 1566 τοῦ
222 1528 356 1577 λόγου.
390 1526 456 1577 ἀφ
479 1527 524 1566 οὗ
545 1529 619 1577 γὰρ
641 1527 710 1574 τὴν
732 1528 936 1566 πολιτείαν
958 1527 1028 1575 τὴν
1050 1529 1188 1565 ἑαυτοῦ
1210 1527 1271 1566 καὶ
1292 1543 1361 1575 την
1383 1526 1477 1576 τρὸς
1498 1526 1565 1564 τὸν
1587 1529 1650 1574 δῆ-

133 1600 208 1632 μον
241 1582 396 1622 εὔνοιαν
430 1584 610 1631 εξετάζει,
638 1583 750 1621 οὐδὲν
785 1583 887 1622 ἄλλο
921 1587 1026 1622 ποιεῖ
1053 1581 1074 1631 ἢ
1103 1582 1146 1621 τὸ
1174 1583 1336 1632 νόμιμον
1363 1583 1650 1629 κατασκευάζει.

135 1643 203 1678 τοῦ
241 1641 314 1689 γὰρ
337 1639 528 1689 Αἰσχίνου
561 1639 605 1677 τὸ
634 1641 912 1689 Κτησιφῶντος
942 1638 1133 1689 ψήφισμα
1165 1640 1267 1687 παρὰ
1299 1642 1400 1688 τρεῖς
1430 1639 1653 1688 γεγράφθαι

136 1694 326 1744 λέγοντος
359 1695 513 1743 νόμους,
534 1698 686 1743 πρῶτον
717 1695 803 1743 μὲν,
827 1695 886 1732 ὅτι
906 1694 1034 1745 ψευδῆ
1055 1693 1234 1744 γέγραφε
1265 1694 1352 1744 περὶ
1374 1693 1653 1743 Δημοσθένους

136 1751 342 1801 γράμματα
362 1750 533 1800 γράψας,
557 1751 616 1789 ὅτι
638 1748 785 1794 εὔνους,
812 1750 926 1798 νόμος
952 1748 981 1788 δ’
1007 1749 1116 1788 ἐστὶν
1146 1751 1166 1788 ὁ
1189 1751 1349 1788 κωλύων
1369 1752 1496 1799 ψευδῆ
1518 1750 1652 1799 εἰσφέ-

136 1821 219 1855 ρειν
239 1805 458 1856 γράμματα,
482 1806 662 1855 δεύτερον
682 1806 735 1852 δὲ,
757 1806 808 1854 μὴ
831 1807 974 1854 ἐξεῖναι
996 1808 1291 1855 στεφανοῦσθαι
1313 1806 1356 1844 ἐν
1378 1806 1537 1857 θεάτρῳ,
1561 1803 1650 1843 ἀλλ’

139 1863 181 1900 ἐν
205 1862 343 1905 Πνυκὶ,
367 1862 507 1911 τρίτον,
531 1861 600 1899 τὸν
632 1862 848 1900 ὑπεύθυνον·
878 1861 929 1910 μη
962 1864 1270 1911 στεφανοῦσθαι,
1303 1864 1455 1910 πρῶτον
1488 1861 1654 1909 ἐξετάζει

141 1916 420 1965 Δημοσθένηςέ
447 1918 534 1966 περὶ
555 1919 623 1955 τοῦ
653 1916 705 1964 μὴ
726 1919 853 1966 ψευδῆ
886 1916 1056 1966 γράφειν
1083 1918 1203 1965 νόμον
1231 1917 1291 1955 καὶ
1313 1917 1485 1955 δείκνυσι
1507 1918 1567 1955 διὰ
1589 1918 1655 1964 τῆς

140 1974 278 2011 ἑαυτοῦ
300 1974 498 2013 πολιτείας
519 1971 588 2020 τήν
609 1970 637 2009 τ’
663 1970 818 2021 εὔνοιαν
845 1972 906 2010 καὶ
928 1970 978 2012 ὠς
1004 1971 1048 2010 οὐ
1070 1974 1196 2022 ψευδῆ
1223 1972 1401 2022 γέγραφε
1425 1975 1651 2021 Κτησιφῶν,

139 2026 229 2066 ἀλλ’
252 2028 311 2066 ὅτι
340 2027 512 2075 μάλιστα
539 2028 676 2076 ἀληθῆ.
710 2026 776 2077 ἀφ’
805 2028 848 2066 οὗ
879 2030 975 2078 γοῦν
1008 2030 1073 2074 τῆς
1105 2029 1242 2066 ἑαυτοῦ
1269 2029 1467 2067 πολιτείας
1494 2028 1654 2078 ἄρχεται

139 2085 271 2130 τόπου,
296 2083 357 2122 καὶ
378 2085 443 2131 τῆς
466 2083 617 2123 εὐνοίας
643 2081 706 2121 ἀπ’
731 2084 880 2121 ἐκείνου
907 2083 976 2131 τὴν
1004 2083 1184 2131 ἐξέτασιν
1208 2086 1385 2121 ποιεῖται·
1420 2082 1654 2120 ἐπιδείκνυσι

138 2141 213 2189 γὰρ
244 2137 296 2179 ὥς
331 2138 374 2177 οὐ
405 2138 633 2188 παράνομον
664 2141 707 2176 τὸ
740 2138 930 2189 ψήφισμα
962 2141 1029 2176 τοῦ
1062 2141 1351 2187 Κτησιφῶντος,
1385 2137 1436 2187 μὴ
1470 2137 1655 2188 περιέχον

139 2196 266 2245 ψευδῆ
288 2194 493 2244 γράμματα
515 2194 601 2244 περὶ
623 2194 916 2242 Δημοσθένους,
939 2192 991 2234 ὠς
1013 2192 1148 2234 εὔνους
1171 2193 1311 2243 (scilic.
1335 2193 1432 2244 ἐστὶ)
1459 2194 1504 2247 τῇ
1526 2195 1653 2238 πόλει,

141 2248 232 2288 ἀλλ’
256 2251 394 2298 ἀληθῆ.
425 2250 652 2299 ζηλώσομεν
674 2249 742 2288 οὗν
763 2249 831 2288 τὸν
853 2250 1113 2299 Δημοσθένην
1130 2249 1172 2287 τὸ
1196 2250 1358 2298 νόμιμον
1379 2250 1654 2294 πλατύνοντες,

141 2305 314 2355 καθάπερ
338 2307 483 2346 ἐκεῖνος
505 2306 547 2344 ἐν
576 2308 626 2358 τῷ
657 2306 744 2354 περὶ
772 2305 971 2354 στεφάνου
994 2306 1056 2343 καὶ
1084 2306 1126 2343 ἐν
1154 2305 1204 2358 τῷ
1233 2303 1311 2343 κατ’
1333 2303 1657 2355 Ἀριστοκράτους

143 2362 205 2399 καὶ
244 2361 339 2411 πρὸς
371 2361 579 2409 Λεπτίνην.
627 2360 821 2400 REISK.
878 2360 1065 2399 Primum
1105 2359 1384 2400 accusationis
1425 2365 1551 2412 caput
1592 2365 1657 2399 est

143 2415 514 2468 quodCt-esiphon
549 2416 600 2455 de
633 2416 929 2455 Demosthenis
961 2416 1117 2456 virtute
1153 2422 1196 2455 et
1230 2415 1519 2455 benevolentia
1553 2416 1658 2455 falsa

143 2470 368 2524 scripserit,
390 2471 550 2524 legibus
571 2471 676 2511 falsa
698 2471 802 2511 scita
833 2471 874 2510 in
896 2472 1103 2511 aerarium
1123 2471 1333 2523 publicum
1354 2471 1498 2510 referri
1520 2471 1657 2523 prohi-

143 2526 352 2566 bentibus.
417 2526 704 2566 Servabantur
729 2526 895 2575 δημόσια
922 2528 1130 2578 γράμματα
1160 2527 1201 2565 in
1226 2527 1394 2565 Metroo
1424 2526 1478 2565 ad
1508 2528 1655 2570 forum,

144 2583 195 2621 cf.
229 2582 502 2621 Schoemann.
536 2582 587 2621 de
613 2581 802 2622 Comitiis
834 2597 874 2634 p.
906 2595 994 2634 129.
1060 2582 1121 2621 Ibi
1155 2582 1284 2635 igitur
1314 2581 1441 2621 etiam
1475 2581 1658 2634 psephis-

145 2643 260 2677 mata
292 2637 620 2690 deponebantur,
642 2637 748 2676 conf.
772 2637 969 2676 Aeschin.
991 2644 1122 2676 contr.
1149 2637 1333 2689 Ctesiph.
1362 2651 1400 2689 p.
1426 2638 1491 2675 80.
1554 2637 1658 2676 Cum

144 2698 287 2732 autem
312 2706 386 2746 per
405 2692 593 2732 fraudem
614 2693 740 2732 falsae
767 2692 914 2732 literae
936 2692 975 2730 in
1001 2692 1045 2731 Μ
1053 2697 1216 2732 etl-oum
1240 2692 1381 2731 illatae
1402 2699 1540 2731 essent
1566 2707 1658 2745 pas—

146 2748 238 2796 sim,
254 2747 478 2800 aliquando
499 2747 565 2787 lex
587 2747 674 2787 lata
695 2747 870 2795 videtur,
889 2762 940 2786 nc
957 2748 1035 2787 hoc
1053 2747 1185 2787 fieret.
1240 2748 1382 2800 Atque
1399 2747 1505 2787 hanc
1527 2747 1658 2800 legem

192 2891 202 2910 f
217 2890 351 2928 Βαδίζειν
366 2901 405 2920 ex
421 2892 486 2919 cod.
509 2891 604 2921 Paris.
625 2891 761 2921 restituit
775 2890 866 2920 Wal-
981 2898 998 2919 g
1019 2891 1052 2919 F.
1067 2891 1245 2919 addendum
1263 2889 1327 2919 τόν.
1357 2891 1472 2919 scHA
1482 2891 1545 2919 EF.
1592 2892 1660 2920 Ad-

147 2934 214 2962 zius
228 2933 287 2962 vol.
302 2942 331 2970 4.
350 2943 378 2970 p.
398 2940 468 2970 205.
937 2932 1016 2962 didit
1031 2933 1169 2962 &Valzius
1185 2943 1223 2962 ex
1239 2934 1304 2962 cod.
1326 2932 1344 2961 l.
1363 2943 1387 2961 c.
1406 2944 1435 2971 p.
1457 2940 1524 2971 725.
