1934 3179
269 110 354 151 346
827 111 944 151 PRO
977 109 1230 151 CORONA.

271 215 333 254 καὶ
360 216 397 254 οἱ
423 215 616 265 μερισμοί.
658 215 753 254 οἷον·
788 216 811 254 ἃ
838 217 910 264 μὲν
936 217 1003 255 οὖν
1025 216 1099 267 πρὸ
1129 221 1195 255 τοῦ
1224 218 1783 267 πολιτεύεσθαι-διεκωλύθη,

272 274 392 309 ταῦτα
414 272 498 321 ε’ρῶ.
542 270 736 310 REISK.

333 338 426 379 245,
444 336 481 378 7.
496 344 520 365 α
540 328 612 375 μὲν
626 327 695 365 οὖν
708 327 782 376 πρὸ
799 329 867 365 τοῦ
882 328 1157 366 πολιτεύεσθαι
1177 329 1238 367 καὶ
1254 329 1516 379 δημηγορεῖν’
1501 331 1567 378 εμὲ
1583 330 1786 379 προῦλαβε

276 382 336 421 καὶ
355 382 522 433 κατέσχε
540 383 747 427 Φίλιππος,
766 381 890 435 ἐάσω]
920 382 1032 422 Puta
1046 382 1318 436 Amphipolin
1335 384 1399 423 Ol.
1421 396 1513 437 105,
1528 397 1580 436 3.,
1597 385 1787 438 Pydnam

276 437 340 478 Ol.
361 450 520 490 105,4.,
546 437 793 477 Potidaeam
811 437 874 477 Ol.
900 441 987 485 106,
1015 451 1045 478 1.
1065 443 1244 491 captam
1267 454 1354 492 lpse
1370 453 1466 479 xe1o
1487 439 1665 492 primam
1686 441 1787 493 pub-

274 493 396 532 licam
431 493 662 532 mationem
694 493 745 532 de
777 493 1019 546 Sjmmoriis
1051 494 1200 534 habuit
1232 494 1296 534 Ol.
1328 497 1414 539 106
1444 508 1479 534 2.
1543 496 1623 535 Sed
1660 495 1788 535 etiam

276 563 380 601 quae
402 553 497 601 post
519 548 581 588 Ol.
606 550 692 596 106,
715 561 751 587 2.
776 549 887 602 cepit
910 549 1140 602 Philippus,
1158 550 1224 589 hic
1247 565 1328 589 non
1350 551 1616 604 persequitur
1636 551 1786 591 omnia.

278 604 385 643 Nam
415 604 502 643 Tln
503 604 616 644 101αο
649 604 803 657 oppida
833 605 1065 658 legatoxum
1097 606 1218 658 culpa
1249 606 1402 645 amissa
1432 622 1559 660 supra
1589 606 1787 654 ostendit,

275 660 326 698 de
350 660 579 699 Hilonnesi
602 674 698 700 vero
720 665 763 700 et
789 660 1013 713 Pepaiethi
1046 662 1168 700 iebus
1197 662 1298 701 ilios
1325 662 1494 702 decreta
1524 677 1573 715 p1
1576 677 1788 715 oposulsse

276 715 504 762 contendit,
532 730 660 779 quare
694 716 821 756 etiam
854 717 955 756 haec
991 718 1045 756 ad
1076 722 1284 757 oratorem
1321 732 1401 757 non
1435 718 1659 771 pertinent.
1721 718 1789 758 Sic

275 776 439 811 restant
473 786 535 819 ea,
572 772 613 811 in
649 772 799 825 quibus
836 772 1133 812 Demosthenis
1173 773 1394 827 primaliae
1431 779 1572 827 partes
1608 774 1788 821 fuerunt,

276 842 382 880 quae
401 790 696 867 Demosthenis
717 842 843 881 opem
864 828 1063 899 impedita
1084 834 1193 876 sunt,
1209 834 1338 882 atque
1360 830 1437 868 hoc
1460 835 1523 870 est
1540 830 1650 883 quod
1668 830 1786 870 dicit:

277 884 300 922 ὰ
334 882 362 922 δ’
395 883 461 933 ἀφ
488 884 532 932 ἡς
566 884 708 934 ἡμέρας
741 885 802 923 επὶ
833 887 950 923 ταῦτα
984 885 1153 931 ἐπέστηι
1186 886 1260 936 ἐγω
1293 887 1503 934 διεκωλύθη
1538 887 1788 937 (Φίλιππος),

276 956 395 978 ταυτα
426 956 473 978 αι
478 956 636 989 αμνησω
664 940 724 979 καὶ
755 941 900 979 τούτων
921 942 995 991 ὑφε
991 940 1050 989 ξω
1072 943 1206 991 λόγον,
1272 944 1386 991 Quae
1419 941 1526 981 infla
1548 942 1788 981 videbimus.

281 995 505 1035 DISSEN.

336 1063 514 1103 245,10.
548 1053 571 1091 ἃ
596 1051 920 1105 δ’-ἀναμνήσω]
956 1052 1101 1092 Oitant
1134 1053 1292 1092 Anecd.
1327 1053 1456 1093 Bekk.
1491 1068 1586 1107 pag.
1613 1065 1699 1097 121,
1730 1067 1789 1094 12.

280 1107 529 1147 SCHAEF.

336 1175 429 1214 245,
457 1177 465 1202 1
486 1178 515 1202 1.
538 1165 768 1216 διεκωλύθη]
795 1165 1004 1204 διεκώλυον
1025 1168 1169 1212 λαβεῖν
1192 1164 1426 1217 Dionysius.
1471 1165 1665 1204 REISK.

334 1219 564 1272 ἀναμνήσω]
602 1222 671 1269 ἐρῶ
696 1220 995 1273 Hermogenes.
1040 1219 1234 1259 REISK.

336 1275 499 1328 τούτων]
524 1277 610 1325 περὶ
631 1277 776 1315 τούτων
799 1275 1039 1328 Dionysius.
1082 1276 1278 1315 RFJSK.

338 1342 431 1384 245,
454 1343 516 1370 12.
550 1332 832 1381 πλεονέκτημα,
866 1331 895 1370 ὦ
926 1333 1062 1382 ἄνδρες
1080 1331 1383 1384 Ἀθηιιαῖοι,-]
1432 1332 1721 1385 Hermogenes
1752 1347 1791 1385 p.

282 1390 374 1426 260.
397 1389 571 1426 τοιοῦτόν
594 1389 677 1426 ἐστι
701 1387 981 1440 (splendidum
1005 1387 1183 1440 quidem,
1206 1393 1251 1427 at
1272 1387 1394 1428 fracti
1421 1394 1561 1427 tamen
1592 1392 1635 1427 et
1666 1388 1793 1428 inter-

277 1442 389 1495 rupti
426 1442 676 1495 splendoris)
711 1445 772 1482 καὶ
802 1445 864 1482 τό·
901 1444 1184 1492 πλεονέκτημα,
1218 1443 1247 1482 ὦ
1279 1445 1414 1493 ἄνδρες
1437 1445 1653 1493 Ἀθηναῖοι,
1690 1444 1793 1494 μέγα

276 1500 418 1547 ὑπῆρξε
444 1500 626 1551 Φιλίππῳ
655 1498 758 1549 παρὰ
784 1504 863 1540 τοῖς
877 1498 1090 1548 ”Ελλησιν,
1115 1500 1158 1538 οὐ
1184 1500 1299 1545 τισὶν,
1323 1498 1429 1538 ἀλλὰ
1454 1503 1588 1539 πᾶσιν.
1631 1500 1794 1550 διέκοψε

278 1553 351 1604 γὰρ
375 1555 435 1593 καὶ
457 1555 523 1593 οὐκ
547 1556 655 1593 εἴασε
678 1558 850 1604 φανῆναι
871 1559 937 1593 τοῦ
960 1557 1080 1605 λόγου
1101 1555 1144 1593 τὸ
1167 1556 1268 1605 ἄγαν
1285 1555 1466 1604 λαμπρὸν
1483 1556 1527 1608 τῇ
1549 1558 1710 1609 ὃιακοπῇ
1733 1556 1795 1594 καὶ

280 1612 519 1660 ὑποστροφῇ.
569 1609 779 1649 Aristides
802 1611 852 1650 de
876 1612 930 1649 D.
950 1611 994 1650 U.
1017 1626 1056 1664 p.
1083 1623 1169 1662 190.
1195 1609 1290 1649 κατὰ
1311 1613 1352 1650 δὲ
1375 1612 1624 1662 ἀπαγγελίαν
1645 1612 1794 1661 γίνεται

279 1667 482 1715 σεμνότης,
506 1667 600 1704 ὅταν
625 1683 680 1707 τις
709 1668 953 1715 ὀνοματικαῖς
984 1669 1120 1718 χρῆται
1150 1671 1233 1707 ταῖς
1263 1666 1421 1715 λέξεσιν
1449 1667 1534 1705 ἀντὶ
1564 1667 1791 1716 ῥηματικῶν,

279 1721 373 1760 οἷον·
407 1721 691 1770 πλεονέκτημα,
709 1721 738 1760 ὦ
760 1723 896 1772 ἄνδρες
911 1721 1124 1770 Ἀθηναῖοι,
1145 1722 1246 1772 μέγα
1266 1723 1407 1771 ὑπῆρξε
1425 1725 1622 1774 Φιλίππῳ.
1668 1722 1794 1761 Scho-

279 1777 421 1816 liastes
452 1777 505 1816 ad
530 1777 808 1831 Hermogenis
840 1777 1095 1830 superiorem
1127 1777 1285 1816 locum:
1319 1776 1423 1827 παρὰ
1450 1776 1524 1828 γὰρ
1553 1781 1631 1818 τοῖς
1646 1776 1795 1826 ’Έλλη-

280 1849 345 1871 σιν
378 1850 419 1871 το
451 1834 494 1871 οὐ
526 1835 628 1872 τισίν
661 1835 744 1873 ἐστὶ
776 1834 950 1882 ὃιακοπη,
977 1834 1021 1872 τὸ
1053 1835 1093 1872 δὲ
1126 1831 1231 1872 ἀλλα
1262 1849 1382 1872 πασιν
1415 1849 1522 1872 εστιν
1555 1833 1794 1883 ὑποστροφή.

280 1890 497 1938 σημείωσαι
525 1890 566 1928 δὲ
598 1890 657 1928 ὅτι
686 1890 813 1928 πάντα
843 1888 890 1928 τὰ
921 1890 1068 1938 ἀξίωμα
1099 1890 1243 1940 ἔχοντα
1274 1892 1492 1939 πράγματα,
1522 1886 1634 1927 ἱκανὰ
1663 1888 1796 1937 μέντοι

280 1945 468 2011 ἀνθρώπῳ
493 1948 673 1996 πραχθηι
677 1962 726 1990 αι
751 1963 772 1994 η
802 1962 870 1985 κατ
899 1946 1101 1995 ἀναίρεσιν
1123 1945 1374 1995 εἰσαγόμενα,
1397 1944 1419 1993 ὴ
1443 1943 1520 1983 κατ’
1540 1944 1791 1988 ἀποστάσεις,

280 2018 302 2048 η
325 2001 423 2039 ἀσυι
429 2000 555 2047 δετως,
580 2002 641 2040 καὶ
668 2018 719 2050 μη
740 2002 1034 2050 διακοπτόμενα,
1063 1999 1168 2040 ἀλλὰ
1191 2001 1358 2039 καθόλου
1387 1999 1447 2039 διὰ
1473 2004 1629 2049 μακρῶν
1649 2007 1795 2051 προφε-

279 2057 425 2105 ρόμειά
448 2057 595 2102 κώλων,
615 2056 684 2105 τὴν
705 2058 957 2106 λαμπρότητα
976 2056 1150 2106 μάλιστα
1172 2055 1439 2106 ἀπεργάζεται.
1486 2055 1680 2094 REISK.

342 2125 436 2163 245,
457 2124 517 2164 15.
541 2111 684 2164 φορὰν]
717 2111 820 2162 φορὰ
845 2112 1080 2165 Ij)i0nysius.
1124 2111 1375 2151 SOHAEF.

340 2165 467 2216 φορὰν
488 2169 702 2220 προδοτῶν]
742 2168 951 2207 Diodorus
973 2167 1054 2207 Sic.
1079 2170 1138 2215 16,
1161 2180 1228 2218 54.
1250 2168 1405 2215 τοιαύτη
1437 2165 1540 2216 φορά
1571 2182 1625 2206 τις
1655 2170 1795 2216 προὸο·

283 2227 359 2261 τῶν
389 2222 534 2272 ὑπῆρξε
570 2226 657 2262 τότε
690 2223 784 2262 κατὰ
820 2224 889 2272 τὴν
909 2223 1100 2262 Ἑλλάδα.
1142 2221 1561 2275 111111Υο53011ηὲ1115;
1598 2221 1798 2261 “Sumsit

284 2277 497 2317 Diodorus
519 2278 696 2317 colorem
719 2294 768 2317 ex
792 2278 1079 2318 Deinostheris
1102 2278 1220 2318 Orat.
1243 2292 1317 2330 pro
1336 2278 1486 2317 Coron.
1511 2277 1566 2330 [h.
1589 2276 1656 2329 l.]'“
1717 2277 1796 2316 As-

284 2333 465 2373 sentitur
482 2333 784 2373 Valckenarius
808 2334 944 2374 Diatr.
963 2335 1014 2373 de
1033 2334 1226 2386 Philippo
1246 2334 1408 2372 Maced.
1424 2347 1463 2385 p.
1482 2345 1574 2381 241.
1618 2333 1670 2371 V.
1694 2331 1798 2383 φορὰ

285 2389 439 2442 passim
476 2389 556 2427 dici
587 2390 649 2428 ἐπὶ
680 2394 755 2428 τῶν
780 2392 969 2442 χειρόνων
995 2389 1157 2428 monuit
1191 2389 1379 2428 Joannes
1413 2387 1680 2440 Philoponus.
1742 2389 1794 2427 V.

288 2444 486 2484 Meinekii
512 2445 771 2485 lN‘Iena-ndrea
792 2461 831 2498 p.
854 2448 946 2485 260.
994 2445 1247 2485 SGHAEF.

344 2511 440 2553 245,
464 2505 523 2538 16.
546 2500 734 2551 γενέσθαι
757 2502 816 2540 καὶ
838 2501 1049 2553 τοσαύτην]
1091 2501 1259 2540 Absunt
1280 2515 1305 2539 a
1329 2499 1545 2553 Dionysio.
1582 2499 1776 2539 REISK.

344 2558 404 2595 καὶ
436 2555 477 2594 111
505 2556 712 2595 veteribus
744 2557 836 2595 edd.
861 2561 960 2596 anto
990 2558 1181 2604 τοσαύτην
1208 2556 1361 2596 lectum
1389 2556 1507 2595 deest
1540 2555 1580 2594 in
1606 2555 1731 2594 MSS.
1756 2559 1798 2593 et

286 2612 398 2663 apud
421 2611 644 2656 Theonem,
670 2612 738 2665 qui
762 2613 862 2652 haec
886 2613 1009 2651 verba
1031 2612 1136 2652 citat
1157 2627 1195 2664 p.
1220 2614 1281 2651 18.
1325 2611 1586 2651 TAYLOR.

346 2680 438 2719 245,
461 2679 520 2717 17.
543 2667 622 2720 πω]
648 2669 688 2707 τὸ
714 2668 953 2721 Dionysius.

347 2735 438 2775 245,
465 2734 528 2774 27.
561 2725 599 2762 τί
627 2724 953 2774 προσῆκον-τὴν
978 2724 1111 2775 πόλιν]
1154 2722 1401 2775 Respexisse
1424 2722 1612 2761 Tiberius
1635 2721 1798 2761 videtur

287 2792 325 2829 p.
349 2791 415 2830 31.
437 2782 480 2817 et
502 2791 568 2830 53.
611 2778 861 2818 SOHAEF.

344 2833 525 2881 πράττειν
549 2834 608 2872 καὶ
630 2834 770 2887 ποιεῖν]
808 2834 920 2873 Infra
941 2849 979 2886 p.
1002 2846 1097 2887 373.
1124 2835 1186 2873 28.
1212 2833 1346 2884 πράξει
1369 2834 1430 2872 καὶ
1452 2833 1618 2882 ποιήσει.
1680 2832 1797 2870 Pleo-
