1935 3205
637 157 757 195 ΙἸῖΛ
781 157 810 195 1⁴]
827 157 901 195 ΓΑ
918 156 1040 194 ΤΗ).
1470 155 1594 194 xxxiii

80 267 237 302 dextrae
260 279 279 302 e
302 266 464 301 nubibus
493 274 680 306 exsertae,
704 278 788 300 cum
819 264 994 311 symbolo
1022 264 1337 310 circumscripto:
1368 264 1400 296 si
1426 264 1507 296 deus
1529 275 1597 308 pro

81 331 178 365 uobis
197 331 274 378 quis
299 335 420 364 contra
447 342 520 364 nos.
581 329 803 375 Subscripta
828 336 915 363 sunt
937 328 1030 362 hacc
1052 327 1167 362 verba
1189 342 1194 360 ;
1229 327 1349 361 Lucet.
1375 338 1483 372 1570.
1507 328 1600 373 alunt

84 394 291 429 Miclmelem
320 393 487 429 Somnium
513 394 573 427 snb
602 398 699 427 scuto
725 392 914 427 Bas-iliensi
942 392 997 426 viu
1017 391 1207 426 Jacobaea.
1267 391 1363 426 Fieri
1396 398 1535 437 potest,
1559 399 1598 424 ut

82 458 250 493 Micliael
277 457 339 492 ille
367 456 535 491 Sonnius
565 464 710 503 partem
743 455 1023 503 impendiorum
1055 455 1100 489 ad
1130 455 1239 490 istam
1272 455 1480 490 editionem
1512 468 1597 502 per-

81 521 279 557 ficiendam
308 520 354 556 de
383 534 452 555 suo
480 520 698 557 contulerit.
721 532 843 566 eoque
869 522 930 568 jus
962 519 1223 566 impetraverit
1250 531 1390 554 nomen
1420 532 1528 554 suum
1560 519 1597 553 in

81 585 206 620 fronte
227 585 352 632 operis
373 584 646 632 proscribendi.
699 584 946 619 Conveniunt
967 584 1060 619 haec
1082 583 1157 618 duo
1182 583 1417 630 exemplaria
1440 583 1539 618 inter
1559 595 1598 618 se

82 661 195 696 quam
219 648 502 696 perfectissime,
527 657 567 684 ut
588 661 702 683 ovum
725 660 798 682 ovo
824 661 899 682 non
923 648 1041 694 possit
1062 660 1142 683 csse
1165 647 1336 682 similius,
1385 647 1598 683 Observavi

81 720 211 748 tamen
242 712 433 748 interdum
464 712 564 748 inter
592 712 704 747 ambo
735 711 1031 758 discrepantiam
1062 712 1253 759 quandam
1285 712 1472 753 lectionis,
1501 723 1599 759 quae

82 787 157 811 non
189 784 315 822 potest
345 776 454 811 aliter
483 784 572 811 nata
602 787 696 815 csse,
721 787 834 822 quam
866 775 896 809 si
926 783 1120 810 corrector
1149 774 1288 821 operis,
1316 774 1487 821 quisquis
1517 773 1598 815 fuit,

82 846 260 875 currente
291 839 412 874 adhuc
443 839 561 886 prelo,
591 847 764 874 cerneret
794 838 948 886 aliquod
979 838 1127 879 vitium,
1151 838 1265 885 idque
1297 837 1461 879 tolleret,
1492 846 1600 885 parte

82 903 358 950 exemplarium
376 906 456 952 jam
479 915 632 943 excusa,
654 902 824 937 nondum
848 902 1037 937 omnibus.
1081 902 1269 949 Exempla
1290 902 1469 936 mirificae
1492 902 1602 949 hujus

81 966 136 1002 rei
164 974 252 1002 sunt
272 979 308 1014 p.
330 978 417 1013 151,
440 977 503 1012 34.
526 966 591 1001 ubi
617 966 655 1001 in
685 966 864 1014 exemplo
887 965 1075 1001 Benenati
1104 973 1161 1000 est
1187 966 1320 1010 δωρίας,
1344 965 1381 1000 in
1405 965 1602 1000 Sonniano

82 1032 221 1078 δωρεάς.
243 1045 281 1080 p.
302 1043 388 1078 119,
410 1044 423 1066 1
440 1044 468 1066 1.
499 1032 536 1066 in
559 1044 636 1067 uno
664 1038 721 1066 est
741 1031 966 1075 ἐξυπαθῆσαι,
989 1030 1026 1064 in
1053 1029 1172 1064 altero
1194 1030 1416 1074 ἐξαπατῆσαι.
1440 1030 1480 1064 it.
1503 1041 1539 1076 p.
1563 1041 1599 1073 4,

85 1096 120 1131 8.
147 1104 234 1144 150,
252 1108 313 1143 34.
345 1095 427 1143 163,
446 1095 622 1142 30.176‚
641 1106 703 1141 31.
735 1094 817 1143 189,
837 1107 898 1130 20.
925 1094 1092 1140 286.15.

795 1204 826 1245 ξ.
858 1202 890 1236 8.

425 1278 485 1312 De
504 1276 656 1311 editione
681 1275 800 1323 IVolsz'z'
819 1275 970 1310 secunda
995 1275 1260 1309 Graecolcttitza.

140 1352 286 1387 Eodem
309 1351 384 1386 scre
406 1359 592 1398 tempore,
616 1363 692 1398 quo
714 1350 883 1385 Parisina
905 1349 1081 1398 prodibat
1105 1348 1235 1389 editio,
1259 1360 1430 1384 carceres
1452 1349 1600 1384 morde-

85 1416 151 1450 bat
180 1415 434 1463 Herwagiana
462 1413 586 1454 tertia,
609 1425 706 1460 quae
733 1426 834 1448 anno
863 1423 972 1460 1572.
996 1413 1167 1447 Basileae
1196 1412 1337 1460 prodiit
1362 1412 1434 1448 hoc
1462 1413 1597 1447 titulo:

85 1478 355 1515 Demosthenis
382 1485 419 1513 et
446 1477 645 1513 Aeschinis
673 1477 888 1524 principum
917 1477 1102 1512 Graeciae
1133 1484 1327 1512 oratorum
1359 1488 1486 1524 opera,
1513 1488 1601 1511 cum

85 1543 282 1590 utriusque
310 1541 476 1577 auctoris
502 1541 581 1576 vita
607 1549 645 1576 et
667 1541 822 1589 Ulpiani
851 1541 1138 1576 commentariis
1167 1540 1349 1587 novisque
1376 1540 1528 1575 scholiis
1555 1553 1601 1575 ex

86 1615 221 1655 quarta
250 1618 370 1653 eaque
400 1614 593 1653 postrema
622 1604 899 1654 recognitione,
923 1605 1208 1648 Graecolaffimx,
1231 1604 1297 1640 sed
1325 1604 1500 1639 codicum
1531 1603 1601 1638 im-

86 1683 301 1719 pressorum
330 1678 367 1706 et
393 1670 493 1705 inter
518 1670 587 1705 bos
610 1669 830 1705 Parisiensis
860 1681 979 1717 nuper
1007 1669 1111 1711 editi,
1134 1669 1294 1704 duorum
1325 1668 1602 1715 manuscripto-

87 1747 184 1777 rum,
206 1734 360 1770 alterius
387 1734 585 1775 Pannonii,
609 1733 763 1770 alterius
794 1746 840 1769 ex
867 1734 1093 1783 Augustana
1123 1733 1358 1768 bibliotheca
1386 1732 1604 1767 fidelissima

88 1799 292 1834 collatione
323 1811 345 1833 a
373 1798 521 1834 mendis
551 1805 767 1847 repurgata,
798 1797 912 1832 variis
941 1797 1172 1833 lectionibus
1202 1796 1378 1836 adaucta,
1411 1796 1602 1831 annotati-

88 1862 225 1898 onibus
253 1862 441 1897 illustrata
469 1874 536 1909 per
566 1861 847 1909 Hieronymum
874 1861 1058 1896 VVolfium
1088 1861 1377 1910 Oetingensem‚
1406 1859 1604 1906 utriusque

87 1927 239 1976 linguae
267 1926 306 1961 in
336 1927 562 1976 Augustana
590 1926 722 1961 schola
753 1924 1009 1973 professorem
1039 1932 1111 1960 etc.
1170 1923 1341 1959 Basileae
1377 1936 1423 1959 ex
1453 1922 1606 1958 officina

91 1990 349 2039 Herwagiana
386 2001 454 2039 per
493 1989 701 2025 Eusebium
736 1989 996 2036 Episcopium.
1033 1999 1144 2035 1572.
1214 1988 1416 2023 Habemus
1455 1987 1527 2022 hoc
1566 1987 1603 2021 in

89 2054 200 2090 titulo
220 2054 337 2090 breve
365 2061 632 2103 argumentum
659 2053 776 2100 ipsius
802 2052 940 2100 operiS.
1000 2051 1308 2098 Explicationem
1329 2050 1430 2086 tituli
1460 2051 1606 2086 dabunt

90 2117 344 2165 insequentia.
403 2117 533 2151 Partes
560 2115 685 2163 operis
712 2115 905 2164 sigillatim
928 2127 1216 2162 persequamur.
1273 2114 1442 2149 Titulum
1464 2114 1607 2161 excipit

91 2181 281 2217 dedicatio
309 2180 354 2216 ad
378 2179 588 2215 Henricum
613 2178 913 2228 Recklingerum
942 2186 979 2214 et
1006 2178 1324 2226 Christophorum
1346 2178 1607 2226 Peitingerum

91 2245 323 2281 Duumviros
363 2252 401 2279 et
439 2243 484 2279 ad
521 2243 708 2279 Consules
743 2255 787 2278 ac
827 2242 1012 2278 Senatum
1053 2242 1220 2290 inclytae
1255 2244 1501 2291 Augustanae
1532 2242 1606 2276 rei-

91 2309 278 2357 publicae.
323 2308 355 2343 E
379 2320 453 2355 qua
467 2309 579 2356 juvat
600 2307 694 2342 haec
715 2318 932 2354 excerpere.
979 2306 1194 2355 Fuggerum
1216 2305 1383 2354 appellat
1405 2313 1607 2354 patronum

91 2374 203 2422 hujus
232 2372 371 2420 operis,
401 2371 440 2407 in
471 2373 578 2419 cujus
612 2371 648 2406 id
683 2371 840 2406 nomine
868 2373 949 2419 jam
984 2370 1140 2406 tertium
1175 2368 1610 2418 apparuit.—“Prodiit

92 2436 376 2472 Demosthenes
400 2435 531 2481 (modo
561 2447 700 2482 operae
728 2435 1028 2484 typographicae
1058 2447 1136 2470 non
1165 2434 1213 2470 de
1241 2434 1391 2483 integro
1421 2432 1609 2469 deforma-

92 2500 170 2535 rint
195 2512 252 2541 ea,
279 2511 377 2547 quae
404 2511 474 2549 ego
503 2511 653 2535 summo
680 2499 812 2534 labore
839 2498 1021 2547 expolivi.
1059 2499 1173 2548 longe
1203 2510 1225 2533 a
1250 2498 1381 2545 praelo
1412 2498 1544 2532 absum
1572 2505 1610 2532 et

1616 788 1707 810 XXIX

94 2563 185 2599 alias
219 2563 312 2599 alios
341 2563 492 2599 codices
524 2563 750 2610 chartasque
780 2563 1019 2611 typographo
1050 2562 1164 2607 misi.)
1190 2562 1252 2597 hic
1281 2562 1407 2610 igitur,
1438 2561 1701 2608 inquam‚xxx

96 2627 196 2675 quod
218 2626 370 2674 quidem
392 2627 432 2662 in
459 2638 520 2662 me
547 2626 630 2668 fuit,
652 2638 692 2661 se
718 2625 967 2675 spectandum
989 2625 1273 2661 Demosthenes
1300 2637 1385 2660 cum
1413 2636 1488 2658 non
1516 2635 1607 2659 con—

96 2691 304 2726 temnendo
325 2692 510 2725 comitatu
530 2690 689 2737 praebet

309 2753 396 2789 Jam
417 2753 549 2800 positis
568 2765 686 2788 novus
708 2752 855 2787 exuviis
876 2752 1095 2798 nitidusque
1112 2755 1285 2800 juventa.

98 2817 173 2853 Sed
210 2817 254 2852 ad
291 2817 481 2852 Graecum
517 2816 747 2865 archetypon
779 2815 1020 2851 redeo—fois
1053 2816 1247 2860 φιλέλλησι
1281 2827 1402 2863 spero,
1461 2814 1612 2862 Scripta

96 2881 192 2917 haec
223 2888 280 2917 est
309 2880 497 2917 dedicatio
526 2880 656 2915 Idibus
685 2879 858 2928 Augusti,
888 2879 1006 2914 natali
1037 2891 1134 2914 meo.
1192 2880 1306 2914 Anno
1336 2878 1383 2914 R.
1407 2879 1444 2914 S.
1473 2877 1611 2925 1570.’'

99 2943 232 2980 eodem
261 2944 390 2994 igitur,
416 2956 491 2992 quo
521 2943 692 2978 Parisina
720 2942 874 2990 prodiit.
932 2942 1033 2991 Ergo
1057 2945 1137 2990 Jam
1168 2950 1248 2978 tum
1280 2942 1454 2978 absoluta
1484 2941 1613 2991 praelo

846 3018 865 3040 c
