1914 3184
298 121 394 161 xviii
976 122 1239 163 REISKII

458 229 731 265 Demosthenis
753 229 944 265 orationes
965 229 1063 265 duae
1083 237 1121 265 et
1142 230 1350 279 sexaginta.

457 293 607 328 Libanii
628 293 818 341 sophistae
839 294 876 328 in
897 306 959 329 eas
979 293 1079 341 ipsas
1100 294 1293 330 orationes
1314 302 1548 343 argumenta.

458 356 549 392 Vita
568 357 844 392 Demosthenis
864 369 932 404 per
952 357 1171 392 Libanium⁴

458 420 639 469 Ejusdem
661 421 740 456 vita
758 433 827 468 per
847 420 1103 456 Plutarchum.

294 495 337 530 In
359 496 463 531 calce
485 496 585 531 tituli
607 504 664 531 est
685 496 835 544 signum
858 495 954 536 Ami,
969 507 1133 531 ancorae
1154 495 1372 543 implicatus
1393 496 1564 543 delphin.
1608 495 1651 530 In
1674 508 1808 532 aversa

296 560 424 594 statim
458 560 581 607 prima
611 560 751 608 pagina
780 560 926 595 orditur
955 558 1141 607 praefatio
1172 559 1263 595 Aldi
1293 560 1351 595 his
1380 560 1527 595 verbis:
1563 572 1687 595 ALDUS
1720 572 1806 595 Pius

297 635 502 658 MANUTIUS
534 635 719 658 ROMANUS
752 635 913 658 DANIELI
944 635 1086 658 cLAmo
1118 636 1318 658 PARMENSI
1350 622 1388 659 S.
1419 624 1459 658 P.
1488 623 1534 658 D.
1570 623 1670 658 unde
1697 626 1809 672 juvat

296 687 389 722 haec
420 699 637 734 excerpere,
664 687 766 723 unde
796 687 992 729 nonnulla,
1015 700 1245 735 quamquam
1273 687 1444 730 obscure,
1471 687 1733 735 intelligentur
1761 686 1808 722 ad

294 751 405 799 hujus
425 750 603 786 editionis
622 750 819 786 historiam
844 751 1087 798 pertinentia.
1147 751 1289 786 Nescio
1311 751 1425 794 enim,
1448 763 1545 798 quae
1566 750 1681 786 fuerit
1698 750 1809 786 istius

295 815 431 850 aetatis
460 815 562 850 mala
591 815 829 851 consuetudo
858 827 954 857 rem,
982 815 1028 851 de
1055 829 1129 862 qua
1159 828 1348 863 exponere
1370 815 1526 857 vellent,
1557 814 1808 850 adumbrandi

295 879 427 928 magis,
450 892 561 926 quam
594 879 807 914 enarrandi.
854 879 982 915 Verba
1011 879 1140 927 itaque
1170 880 1272 921 Aldi,
1301 892 1396 926 quae
1427 879 1524 914 tradi
1553 879 1625 914 hoc
1653 876 1739 913 loco
1769 884 1808 913 et

295 943 418 991 accipi
445 942 572 985 refert,
607 944 711 989 (nam
742 943 924 990 pleraque
953 943 1199 991 praefationis
1229 944 1266 979 in
1298 944 1377 978 vita
1404 943 1639 990 fortunisque
1668 942 1808 977 Demo-

294 1007 439 1043 sthenis
461 1007 694 1054 exponendis
715 1019 801 1042 cum
822 1015 1035 1048 versentur,
1058 1008 1131 1043 huc
1160 1008 1214 1043 nil
1237 1007 1398 1051 faciunt)
1420 1007 1514 1042 hacc
1543 1014 1655 1042 sunt:
1689 1005 1806 1041 “Ab-

294 1072 383 1106 hinc
409 1071 488 1106 fere
519 1071 684 1106 triennio
713 1071 958 1119 desyderanti
989 1072 1055 1106 tibi
1085 1072 1275 1107 orationes
1303 1071 1590 1111 Demosthenis,
1613 1069 1714 1105 brevi
1745 1080 1807 1104 me

293 1134 514 1170 informatas
545 1146 629 1169 mea
657 1147 748 1169 cura
776 1135 1061 1181 publicaturum
1091 1136 1241 1182 recepi;
1273 1136 1337 1171 sed
1368 1143 1425 1170 tot
1451 1135 1489 1170 id
1516 1133 1682 1169 tentanti
1714 1132 1807 1167 mihi

241 1199 518 1235 Vlacciderunt
549 1198 838 1246 impedimenta,
869 1206 911 1234 ut
944 1211 1125 1246 persaepe
1163 1199 1297 1235 excudi
1332 1206 1488 1246 coeptas
1521 1196 1805 1240 intermiserim,

295 1263 594 1298 Carteromacho
621 1261 736 1297 etiam
767 1270 899 1298 nostro
929 1263 1285 1299 demirante—cum
1314 1263 1430 1298 etiam
1457 1261 1664 1297 admodum
1691 1273 1806 1307 quam

292 1339 415 1374 pauca
435 1339 563 1362 earum
587 1326 803 1361 orationum
824 1327 998 1373 exempla
1017 1327 1239 1363 excudenda
1258 1326 1484 1366 curaverim,
1502 1325 1616 1372 idque
1637 1332 1805 1366 coactus,

294 1391 395 1437 quod
416 1390 453 1425 in
476 1390 581 1425 nullo
602 1397 690 1425 ante
712 1390 851 1426 accidit
871 1391 1066 1426 volumine
1088 1403 1226 1426 excuso
1254 1391 1292 1426 in
1314 1390 1472 1426 thermis
1494 1389 1643 1424 nostris.
1701 1388 1807 1431 Quo-

294 1466 377 1489 rum
412 1455 584 1489 omnium
615 1454 709 1489 mihi
743 1455 850 1490 testis
883 1462 939 1490 est
972 1455 1137 1502 optimus
1163 1455 1332 1503 Angelus
1358 1453 1595 1493 Chabrielus,
1626 1452 1808 1500 patricius

293 1517 677 1553 Venetus—Nescio
699 1519 890 1565 quomodo
916 1519 1013 1554 liber
1039 1519 1100 1553 hic
1128 1519 1313 1558 omnium,
1337 1530 1430 1564 quos
1453 1516 1726 1564 imprimendos
1745 1516 1807 1552 vel

294 1580 433 1617 Latine
453 1582 514 1617 vel
535 1582 682 1617 Graece
703 1582 932 1623 curavimus,
956 1582 1032 1617 exit
1062 1581 1097 1617 in
1125 1582 1320 1629 publicum
1347 1594 1389 1617 ex
1418 1581 1574 1616 aedibus
1601 1581 1807 1616 nostris.—

293 1645 437 1680 Rursus
463 1645 493 1680 si
522 1646 786 1693 pulcherrimis
812 1646 1095 1681 characteribus
1127 1653 1164 1681 et
1196 1658 1377 1692 perquam
1407 1644 1560 1680 decenti
1590 1643 1713 1679 forma
1740 1645 1806 1679 ha-

294 1708 465 1755 bituque,
488 1721 559 1744 nec
585 1722 662 1744 non
690 1710 1004 1758 castigatissimus
1025 1710 1100 1745 exit
1119 1710 1157 1744 in
1178 1722 1312 1744 manus
1339 1708 1695 1743 hominurn—Has
1715 1720 1806 1743 vero

298 1773 567 1808 Demosthenis
598 1774 789 1809 orationes
820 1774 920 1809 Clari
955 1774 1175 1809 doctissime
1210 1772 1355 1808 nomini
1390 1781 1456 1808 tuo
1488 1779 1728 1819 nuncupatas
1761 1784 1806 1807 ex

293 1836 554 1872 Neacademia
574 1845 703 1872 nostra
724 1837 935 1873 emittimus
957 1838 1004 1873 ob
1027 1838 1165 1872 multas
1187 1837 1465 1873 caussas—Tu
1486 1837 1576 1884 quia
1601 1836 1638 1871 in
1661 1834 1807 1884 inclyta

292 1900 365 1935 ista
384 1900 477 1936 urbe
504 1901 660 1936 alumna
681 1901 849 1936 virorum
873 1901 1059 1937 nobilium
1081 1901 1286 1948 Epidauro,
1311 1901 1371 1936 cui
1399 1913 1500 1936 nunc
1523 1901 1722 1935 Rhacusae
1749 1907 1806 1935 est

292 1977 446 2006 nomen,
470 1971 507 1999 et
530 1964 684 1999 Latinas
712 1972 749 1999 et
771 1966 936 2000 Graecas
964 1965 1095 2000 literas
1126 1965 1326 2011 profiteris,
1358 1965 1601 2011 instituisque
1625 1966 1806 2012 juventu*

292 2034 370 2062 tem
391 2027 503 2062 istam
525 2028 765 2075 eloquentiae
793 2029 1002 2064 studiosam
1030 2037 1110 2064 arte
1137 2029 1384 2064 dicendi.—-“
1399 2029 1504 2064 Haec
1525 2028 1647 2063 visum
1668 2027 1740 2063 fuit
1761 2040 1805 2062 ex

291 2091 364 2126 ista
384 2091 469 2127 Aldi
496 2091 729 2139 praefatione
758 2100 933 2140 excerpta
959 2092 1020 2128 hic
1048 2105 1262 2140 proponere
1283 2105 1302 2127 e
1323 2100 1399 2127 tam
1430 2092 1560 2127 multis
1590 2090 1686 2132 aliis,
1709 2104 1805 2138 quae

292 2155 410 2190 Aldus
442 2155 494 2191 ibi
523 2155 691 2202 disputat
725 2169 746 2191 a
779 2157 973 2203 proposito
1009 2163 1138 2191 nostro
1171 2168 1324 2203 prorsus
1357 2156 1491 2191 aliena.
1555 2154 1703 2198 Quibus
1736 2167 1805 2190 nos

293 2218 406 2253 hodie
427 2218 538 2254 facile
565 2231 775 2260 careamuS,
799 2232 843 2255 ea
869 2227 949 2254 tum
981 2219 1162 2266 temporis
1188 2232 1266 2255 non
1297 2220 1377 2255 sine
1408 2219 1534 2255 fructu
1564 2219 1803 2260 dicebantur,

294 2294 418 2328 neque
446 2289 554 2317 erant
583 2294 660 2317 non
688 2283 914 2318 necessaria.
973 2283 1046 2318 Sed
1073 2295 1116 2318 ex
1145 2283 1228 2323 illis,
1252 2295 1347 2329 quae
1376 2284 1500 2325 retuli,
1524 2289 1806 2331 cognoscantur

293 2345 398 2381 haec.
456 2345 636 2385 Primum,
661 2346 769 2381 illum
797 2345 996 2381 Danielem
1019 2346 1201 2385 Clarium,
1224 2346 1284 2381 cui
1311 2354 1553 2394 nuncupatus
1580 2353 1638 2381 est
1663 2346 1804 2381 Demo-

294 2409 448 2445 sthenes
467 2409 640 2451 Aldinus‚
661 2409 775 2444 fuisse
796 2410 954 2445 Parmae
980 2417 1126 2452 natum,
1147 2409 1227 2445 ludi
1252 2410 1419 2452 literarii‚
1442 2411 1506 2457 qui
1527 2410 1700 2458 Ragusae
1720 2417 1803 2444 tum

294 2480 405 2513 esset,
437 2473 673 2522 magistrum.
732 2472 835 2509 Huic
866 2473 988 2508 eidem
1018 2473 1171 2508 Danieli
1192 2473 1320 2509 Clario
1342 2474 1459 2509 Aldus
1490 2473 1682 2521 inscripsit
1711 2485 1733 2508 a
1763 2485 1803 2508 se

293 2548 394 2571 anno
410 2549 418 2571 1
432 2548 501 2583 501
533 2537 673 2572 editum
690 2536 954 2577 Prudenfflum,
972 2538 1030 2572 cui
1051 2537 1178 2573 addita
1199 2545 1288 2572 sunt
1309 2537 1382 2572 alia
1402 2539 1600 2585 complura
1619 2535 1804 2585 opuscula

292 2601 504 2647 argumenti
537 2601 749 2643 sanctioris,
781 2613 876 2647 quae
908 2608 1082 2637 recenset
1111 2601 1307 2637 Fabricius
1336 2602 1378 2636 B.
1402 2601 1449 2636 G.
1470 2602 1544 2637 vol.
1570 2615 1626 2637 no.
1652 2613 1689 2649 p.
1710 2610 1800 2646 332,

292 2662 456 2704 Deinde,
485 2664 650 2699 triennio
680 2665 980 2699 Demosthenem
1011 2665 1194 2700 Aldinum
1226 2665 1295 2700 sub
1324 2665 1453 2712 praelo
1483 2665 1673 2705 haesisse;
1705 2671 1800 2706 tum,

293 2727 421 2775 magni
458 2727 591 2763 fecisse
624 2729 761 2764 Aldum
800 2730 1076 2777 magnificeque
1111 2729 1399 2777 depraedicasse
1438 2729 1495 2764 sui
1528 2726 1801 2766 Demosthenis

294 2788 523 2836 elegantiam
549 2799 588 2827 et
613 2804 742 2828 curam
772 2793 810 2828 in
839 2796 918 2842 ejus
949 2794 1216 2830 emendatione
1245 2794 1419 2841 positam.
1477 2793 1642 2828 Chartae
1669 2793 1800 2840 utique

293 2859 381 2886 sunt
410 2855 586 2897 mundae,
617 2856 696 2904 typi
725 2869 793 2904 pro
824 2857 896 2892 ista
931 2865 1057 2893 aetate
1091 2858 1194 2898 belli,
1227 2857 1342 2893 editio
1376 2858 1429 2892 sic
1463 2857 1552 2892 satis
1585 2857 1798 2892 emendata.

293 2913 446 2950 Mendis
476 2916 627 2962 quidem
658 2918 805 2955 laborat
835 2921 955 2956 multo
987 2921 1242 2968 paucioribus,
1274 2933 1388 2967 quam
1418 2933 1486 2968 pro
1518 2920 1624 2955 istius
1657 2920 1797 2956 saeculi
