1914 3184
262 116 288 151 2
578 114 662 154 AD
696 115 927 155 LIBANII
962 113 1430 155 PROLEGOMENA.

265 231 389 271 quam
421 217 547 258 etiam
581 218 812 271 praesentis
845 219 1112 273 participium
1148 219 1283 259 locum
1316 220 1455 268 habet,
1487 234 1613 273 quum
1642 219 1771 260 futuri

264 273 464 328 temporis
494 274 611 314 notio
633 275 757 314 verbo
780 275 878 315 insit
900 274 1107 326 ἀρξόμεθα.

322 342 358 376 2,
382 343 421 379 4.
453 329 520 384 ἦν]
557 332 630 380 μὲν
661 330 709 380 ἧν
742 331 850 384 Aug.
889 345 981 379 sec,
1023 332 1201 371 fortasse
1237 344 1286 370 ex
1322 331 1520 384 proximis
1555 331 1773 372 Aeschinis

262 385 410 426 verbis.

323 455 359 488 2,
381 454 422 496 5.
456 441 736 495 ἀνεπίληπτος]
772 441 988 482 Plutarch.
1015 443 1068 483 V.
1091 442 1312 482 Dcmosth.
1337 457 1372 483 c.
1394 459 1433 492 4.
1467 443 1722 494 Δημοσθένης
1753 445 1772 482 ὁ

263 498 386 548 πατὴρ
410 498 686 547 Δημοσθένους
706 498 754 547 ἣν
774 499 847 548 μὲν
868 502 943 541 τῶν
965 503 1094 538 καλῶν
1117 499 1178 538 καὶ
1200 499 1358 550 ἀγαθῶν
1378 501 1540 551 ἀνδρῶν,
1557 500 1605 541 ὡς
1627 501 1775 550 ἱστορεῖ

267 554 515 603 Θεόπομπος,
540 555 768 592 ἐπεκαλεῖτο
791 555 831 593 δὲ
852 555 1147 606 μαχαιροποιὸς,
1171 555 1427 606 ἐργαστήριον
1449 556 1551 608 ἔχων
1578 555 1680 607 μέγα
1712 556 1774 595 καὶ

263 610 423 651 δούλους
454 610 633 661 τεχνίτας
668 612 779 648 τοῦτο
815 610 1065 661 πράττοντας.
1129 610 1423 651 Trierarchum
1460 611 1585 651 fuisse
1626 615 1772 652 narrat

266 665 434 705 Lucian.
458 664 628 704 Encom.
654 664 872 706 Demosth.
893 681 926 706 c.
948 680 1012 706 11.
1046 667 1120 706 TA
1130 667 1305 706 YLOR.

323 734 359 766 2,
385 733 421 771 7.
456 720 684 775 Παιανιεὺς]
716 722 832 762 Duos
852 722 979 762 fuisse
999 723 1271 763 Pandionidis
1293 723 1427 763 tribus
1449 738 1579 778 pagos
1599 723 1774 763 Paeani-

265 777 424 816 ensium
455 777 620 817 nomine
651 778 893 831 appellatos.
916 779 1094 819 alterum
1116 783 1191 818 τῶν
1213 781 1466 830 καθύπερθεν,
1490 780 1667 820 alterum
1698 784 1774 819 τῶν

264 833 489 885 ὑπένερθεν,
513 848 563 873 ex
587 833 936 888 Harpocmtione,
962 835 1126 883 Photio,
1152 835 1280 875 Suida
1305 835 1479 889 aliisque
1500 840 1680 885 constat,
1703 836 1775 876 ad-

265 889 507 942 monuitque
538 889 664 929 schol.
687 891 777 930 cod.
801 891 920 931 Bav.:
966 893 1084 932 διττοὶ
1115 895 1225 942 δῆμοι
1261 895 1326 941 τῆς
1360 893 1616 934 Πανδιονίδος
1649 895 1776 943 φυλῆς

267 948 354 994 εἰσι,
390 946 451 985 καὶ
485 948 623 996 ὁμοίως
659 947 842 997 ἑκατέρου
874 951 940 988 τοῦ
976 948 1094 998 δήμου
1125 948 1194 987 τὸν
1228 949 1395 997 δημότην
1431 949 1642 988 καλεῖσθαί
1675 954 1775 999 φησι

268 1001 476 1042 Παιανιέα.
538 1002 632 1042 Non
654 1007 822 1043 constat
843 1004 976 1043 utrius
998 1006 1160 1055 δημότης
1180 1003 1304 1043 fuerit
1328 1004 1645 1044 Demosthenes.

327 1071 361 1106 2,
394 1072 403 1096 1
422 1072 453 1097 1.
486 1059 683 1111 Γύλωνος]
722 1059 773 1098 In
796 1061 954 1100 Γλύκων
975 1065 1217 1114 corruptum
1239 1074 1304 1113 ap.
1329 1060 1465 1100 Tzetz.
1490 1060 1603 1100 Hist.
1622 1062 1659 1106 6.
1680 1061 1745 1112 78.

328 1128 362 1161 2,
391 1127 452 1153 12.
483 1115 710 1167 προδοσίας]
748 1115 992 1169 Nymphaei,
1028 1116 1168 1170 oppidi
1207 1116 1399 1156 Pontici:
1447 1132 1482 1156 v.
1513 1117 1707 1157 Aeschin.
1735 1132 1774 1170 p.

270 1172 334 1222 78,
365 1183 425 1224 ¹5·
450 1175 492 1210 et
515 1171 651 1210 Tzetz.
674 1171 699 1210 1.
717 1186 750 1211 c.

329 1240 364 1275 2,
394 1241 454 1276 14.
503 1228 776 1280 Κλεοβούλης]
825 1227 979 1268 Matris
1020 1228 1096 1267 11οο
1143 1243 1304 1275 110111011,
1348 1228 1458 1282 quod
1505 1243 1587 1268 non
1633 1228 1776 1283 tetigit

268 1282 512 1332 Aeschines,
544 1288 778 1324 memorant
810 1284 1026 1325 Plutarch.
1050 1284 1103 1324 V.
1126 1284 1267 1324 decem
1299 1290 1405 1325 orat.
1428 1299 1461 1324 c.
1486 1286 1522 1334 8,
1554 1300 1593 1339 p.
1617 1286 1699 1336 844
1722 1285 1775 1324 A.

270 1339 459 1378 Zosimus
482 1339 676 1379 Ascalon.
693 1340 782 1380 Vit.
802 1341 1019 1381 Demosth.
1034 1356 1072 1393 p.
1099 1342 1185 1391 176.
1209 1340 1272 1380 ed.
1298 1341 1436 1381 Reisk.
1463 1342 1600 1394 (Orat.
1618 1342 1697 1381 vol.
1715 1342 1775 1392 4.)

272 1395 449 1435 Photius
471 1395 577 1435 Bibl.
594 1410 633 1449 p.
650 1409 745 1448 492,
768 1409 830 1437 21.
849 1402 891 1437 et
915 1397 1113 1437 Libanius
1135 1397 1285 1437 iterum
1307 1397 1347 1436 in
1369 1398 1555 1438 ὑποθέσει
1577 1397 1777 1438 orat-ionis

271 1466 304 1491 c.
329 1452 555 1505 Aphobum
584 1465 615 1491 1.
637 1467 675 1506 p.
700 1453 795 1492 812.

330 1520 366 1557 2,
394 1520 455 1561 15.
490 1509 696 1561 Αἰσχίνης]
734 1508 946 1548 Plutarch.
970 1509 1024 1548 V.
1048 1509 1265 1549 Demosth.
1288 1524 1322 1548 c.
1345 1524 1383 1558 4.
1420 1510 1444 1549 a
1473 1509 1501 1549 δ’
1535 1511 1725 1562 Αἰσχίνης
1756 1512 1776 1549 ὁ

271 1564 394 1615 ῥήτωρ
437 1565 560 1615 εἴρηκε
601 1566 687 1615 περὶ
727 1568 791 1614 τῆς
830 1565 1140 1616 μητρὸς,-ούκ
1177 1566 1319 1617 ἔχομεν
1361 1567 1484 1605 εἰπεῖν
1520 1565 1585 1606 εἴτ’
1626 1567 1779 1616 ἀληθῶς

273 1622 422 1671 εἴρηκεν
444 1623 519 1660 ε’ίτε
539 1625 792 1672 βλασφημῶν
814 1622 874 1660 καὶ
898 1623 1245 1673 καταψευδόμενος.

331 1688 366 1725 2,
395 1677 456 1715 18.
508 1679 639 1727 κομιδῇ
672 1678 776 1729 νέος]
835 1678 980 1717 Annos
1017 1682 1175 1730 septem
1211 1681 1361 1717 natus:
1410 1693 1444 1717 v.
1481 1678 1697 1718 Demosth.
1734 1693 1773 1731 p.

275 1735 296 1770 ὅ
312 1744 368 1783 ’4,
392 1746 428 1784 9-

332 1800 368 1838 2,
398 1802 458 1842 19.
491 1789 540 1830 ὥς
562 1792 702 1840 φησιν]
740 1789 786 1828 V.
810 1789 1024 1829 Plutarch.
1046 1789 1070 1828 1.
1093 1804 1128 1828 0.

333 1856 368 1893 2,
395 1857 459 1885 22.
493 1844 715 1898 Βάτταλον]
753 1845 982 1885 Aeschines
1002 1846 1090 1885 fals.
1113 1846 1189 1899 leg.
1212 1861 1250 1899 p.
1273 1859 1339 1895 41.
1370 1858 1414 1898 13
1437 1859 1443 1882 :
1490 1847 1532 1885 ἐν
1562 1847 1675 1886 παισὶ
1706 1848 1779 1896 μὲν

274 1900 328 1940 ὢν
359 1902 502 1950 ἐκλήθη
530 1902 575 1939 δι”
598 1903 879 1953 αἰσχρουργίαν
909 1904 995 1941 τινὰ
1027 1903 1086 1941 καὶ
1118 1904 1305 1941 κιναιδίαν
1328 1902 1505 1944 Βάταλος
1526 1903 1596 1942 rel.
1659 1903 1779 1942 Idem

275 1956 599 1996 Demosthenem
620 1957 857 2010 Implentem
883 1957 1050 1998 simulat
1071 1973 1104 1997 c.
1129 1958 1336 1998 Timarch.
1358 1973 1397 2011 p.
1422 1969 1482 2010 17,
1504 1971 1558 2008 42
1580 1975 1587 1998 :
1623 1967 1647 1978 “
1672 1961 1705 1998 εἰ
1727 1959 1778 2009 μὴ

276 2014 337 2052 καὶ
364 2015 429 2063 ἐμὲ
456 2013 549 2060 ὃεῖ,”
571 2014 707 2063 φησίν,
732 2019 755 2035 “
772 2015 979 2053 ὑπακούειν
1005 2018 1084 2055 τοῖς
1112 2016 1247 2066 ὄχλοις
1274 2015 1324 2063 μὴ
1349 2014 1608 2065 Δημοσθένην
1641 2017 1778 2055 καλού-

274 2085 405 2118 μενον,
430 2070 535 2108 ἀλλὰ
558 2069 774 2117 Βάτταλον,
796 2071 853 2109 ὅτι
875 2071 1013 2120 ταύτην
1035 2069 1079 2119 ἐξ
1106 2072 1415 2121 ὑποκορίσματος
1442 2072 1571 2121 τίτθης
1591 2071 1660 2120 τὴν
1682 2073 1779 2111 ἐπω-

276 2126 414 2174 νυμίαν
436 2124 550 2176 ἕχω.”
613 2124 719 2163 Τ11111
750 2126 870 2165 addit
891 2141 929 2179 p.
958 2128 1019 2174 18,
1045 2128 1120 2165 28:
1167 2127 1248 2166 ἐπεὶ
1277 2127 1337 2166 καὶ
1368 2127 1453 2178 περὶ
1485 2129 1548 2176 τῆς
1575 2126 1780 2178 Δημοσθέ-

277 2196 364 2222 νους
396 2181 623 2230 ἐπωνυμίας,
650 2181 693 2219 οὐ
727 2186 848 2223 κακῶς
874 2181 948 2221 ὑπὸ
975 2185 1039 2231 τῆς
1066 2182 1208 2232 φήμης,
1235 2182 1325 2221 ἀλλ’
1356 2184 1427 2235 οὐχ
1455 2183 1527 2222 ὑπὸ
1558 2186 1623 2233 τῆς
1652 2184 1780 2232 τίτθης

277 2236 474 2277 Βάτταλος
505 2238 849 2287 προσαγορεύεται,
886 2239 925 2286 ἐξ
959 2239 1165 2288 ἀνανδρίας
1194 2240 1253 2278 καὶ
1288 2240 1492 2281 κιναιδείας
1521 2239 1780 2291 ἐνεγκάμενος

276 2293 445 2341 τοῦνομα
466 2292 536 2331 1·01.
598 2292 901 2331 Demosthenes
926 2293 1013 2346 ipse
1040 2294 1162 2346 hujus
1188 2293 1352 2333 convitii
1374 2299 1587 2334 auctorem
1609 2295 1780 2335 Aeschi-

276 2361 371 2386 nem
406 2348 616 2387 accusavit
648 2348 698 2387 de
721 2348 869 2387 Coi-011.
891 2364 930 2402 p.
956 2350 1048 2397 288,
1078 2361 1121 2399 17
1142 2364 1149 2387 :
1194 2351 1334 2399 βούλει
1363 2352 1529 2399 ἐμαυτὸν
1556 2352 1641 2400 μὲν,
1664 2351 1709 2390 ὃν
1732 2351 1780 2391 ἂν

277 2403 326 2442 σὺ
374 2405 670 2454 λοιδορούμενος
716 2405 777 2443 καὶ
822 2406 1016 2456 διασύρων
1064 2405 1264 2451 καλέσαις,
1311 2406 1514 2445 Βάτταλον
1560 2406 1658 2446 εἶναι
1707 2407 1781 2446 rel.

280 2458 470 2498 VOEM.
532 2459 598 2498 Dc
628 2459 927 2513 significatione
957 2460 1132 2499 nominis
1154 2461 1330 2501 videnda
1355 2461 1509 2501 scholia
1529 2462 1583 2502 ad
1605 2462 1779 2502 Aeschi-

277 2528 371 2554 nem
392 2530 431 2568 p.
459 2525 519 2565 17,
542 2528 609 2562 42.
641 2530 773 2569 nuper
797 2531 846 2555 ex
875 2516 1085 2556 codicibus
1112 2521 1247 2556 aucta.
1308 2518 1377 2557 Ad
1400 2517 1647 2571 scripturam
1670 2520 1780 2572 quod

277 2571 432 2611 attinet
463 2571 681 2611 dubitatur
710 2576 850 2611 utrum
881 2572 1052 2626 simplex
1082 2587 1136 2612 an
1167 2573 1316 2626 duplex
1345 2591 1365 2612 τ
1395 2579 1593 2627 praestet.
1623 2575 1674 2614 de
1699 2589 1780 2628 quo

278 2632 374 2680 post
403 2627 505 2666 alios
536 2627 714 2666 diximus
746 2642 821 2682 ego
852 2628 892 2667 in
925 2628 1138 2669 Thesauro
1166 2629 1367 2683 Stephani
1389 2630 1465 2669 vol.
1492 2642 1526 2677 2,
1548 2646 1587 2684 p.
1614 2632 1705 2670 186.
1738 2636 1780 2670 ct

283 2683 465 2723 Meinek.
489 2683 602 2723 Hist.
625 2683 739 2723 Com.
761 2700 800 2738 p.
822 2697 917 2738 334.
941 2699 1024 2738 seq.
1086 2685 1248 2738 Duplex
1282 2686 1596 2726 commendatur
1628 2687 1779 2740 Hedyli

280 2753 397 2778 versu
419 2739 529 2792 apud
551 2739 818 2780 Athenaeum
838 2755 928 2794 4.p.
954 2744 1026 2787 176
1046 2741 1108 2780 D:
1144 2742 1205 2780 καὶ
1226 2742 1295 2781 τὸν
1316 2743 1358 2781 ἐν
1380 2743 1556 2792 ἀκρήτοις
1577 2742 1781 2782 Βάτταλον

279 2795 484 2844 ἡδυπότην,
507 2796 574 2834 ubi
597 2796 678 2835 duo
707 2797 949 2850 apographa
974 2797 1153 2847 βάταλον
1173 2797 1326 2838 violato
1346 2803 1492 2837 metro.
1553 2798 1780 2851 Singularis

281 2855 343 2889 est
365 2850 502 2903 opinio
526 2851 733 2892 Scliacfcri
765 2857 986 2906 utrumque
1016 2853 1174 2893 dictum
1202 2868 1290 2893 esso
1315 2853 1582 2905 conjicientis,
1606 2853 1781 2895 Βάταλος

282 2906 334 2944 ab
356 2905 403 2944 iis
426 2906 492 2958 qui
518 2906 784 2946 Demostheni
807 2909 850 2947 τὸ
869 2909 1061 2959 μαλακὸν,
1086 2909 1281 2951 Βάτταλος
1303 2910 1355 2949 ab
1378 2909 1427 2948 iis
1456 2909 1523 2961 qui
1550 2909 1592 2948 τὸ
1614 2911 1778 2960 τραυλό-
