1934 3179
280 126 364 165 326
837 129 950 167 PRo
983 128 1233 169 CORONA.

342 243 434 284 235,
462 245 476 270 1
496 245 523 271 1.
551 232 797 286 ὑπερβολὴν]
832 234 914 272 Per
936 235 1141 283 ἀναβολὴν
1162 249 1212 274 ex
1238 235 1276 274 h.
1298 235 1322 273 l.
1346 234 1526 288 explicat
1548 233 1725 275 Photius
1746 250 1785 289 p.

282 290 377 333 621,
402 299 466 327 20.
497 293 540 327 et
568 288 706 341 Etym.
738 289 797 328 M.
826 303 865 341 p.
899 290 992 341 778,
1019 292 1087 343 36.
1115 291 1224 342 quod
1255 289 1386 343 ipsum
1420 290 1572 344 legitur
1601 290 1642 329 in
1674 291 1787 331 dete-

281 341 459 382 rioribus
481 343 689 383 codicibus
712 344 1020 384 Demosthenis.

341 410 433 450 235,
458 411 518 451 13.
542 401 675 449 ὅρκους
695 404 841 449 λαβεῖν
856 417 895 439 τε
918 401 979 439 καὶ
1001 401 1149 453 δοῦναι]
1185 401 1232 439 111
1255 402 1615 442 senatusconsulto
1638 402 1788 441 Demo-

282 453 440 493 sthenis
462 454 575 506 prius
592 456 884 495 tantummodo
901 456 1063 509 jussum
1081 461 1188 504 erat,
1206 461 1252 496 ut
1269 456 1482 510 exigerent
1498 457 1788 510 jusjurandum

281 524 306 548 a
330 508 535 562 Philippo.
580 509 804 549 DISSEN.

342 577 434 617 235,
458 578 517 616 17.
543 567 962 619 Εὔβουλος--Κλέων]
993 567 1201 606 Eubulum
1224 572 1265 607 et
1280 567 1593 620 Ctesiphontem
1613 567 1789 608 vidimus

281 634 320 672 p.
349 621 777 673 232.-—De1110c1²ates
804 622 961 675 Sophili
989 623 1097 662 filius
1123 622 1275 663 dicitur
1297 638 1334 676 p.
1361 635 1453 675 291.
1515 623 1653 676 Hujus
1675 624 1789 664 dicta

282 676 477 716 nonnulla
496 676 677 717 afferunt
699 678 950 717 Aristoteles
973 679 1143 718 Rhetor.
1161 692 1200 731 3,
1218 694 1256 729 4,
1275 692 1313 731 3.
1332 683 1374 717 et
1397 679 1648 718 Plutarchus
1669 679 1787 733 Reip.

282 731 533 772 Administr.
560 733 774 787 Praecept.
806 748 839 773 c.
869 745 904 778 7.
934 749 969 787 p.
1000 735 1093 786 803,
1123 734 1349 774 d.-—Cleon
1381 734 1544 774 Cleonis
1574 735 1681 774 filius
1710 735 1789 776 fuit

278 787 435 826 amicus
458 788 692 838 Aeschinis,
712 790 759 828 cf.
780 789 887 829 iufra
907 805 944 842 p.
967 802 1059 841 244.
1094 790 1319 830 DISSEN.
1384 789 1502 829 Dixit
1523 791 1574 829 de
1595 790 1658 830 his
1680 791 1789 845 lega-

281 842 335 881 tis
371 843 573 896 Droysen.
605 860 646 898 p.
681 857 918 898 912-915,
983 846 1030 884 In
1066 846 1246 899 genuino
1283 846 1451 885 decreto
1488 846 1629 886 decem
1663 847 1788 886 fuisse

280 898 439 952 legatos
461 900 620 940 dictum
641 906 705 940 est
726 902 780 940 ad
802 916 839 954 p.
866 912 958 954 235,
982 915 1015 941 1.
1078 902 1131 941 V.
1156 902 1283 941 etiam
1306 901 1539 941 Boehneck.
1562 917 1600 955 p.
1622 903 1721 954 382.

340 967 431 1007 235,
458 967 521 995 20.
552 957 594 995 τὸ
621 957 821 1010 Φιλίππῳ]
860 957 902 996 τὸ
929 961 995 996 τοῦ
1022 958 1219 997 Φιλίππου
1247 957 1316 997 alii
1347 955 1507 996 codices
1539 962 1581 997 et
1611 958 1788 998 Hermo-

279 1024 404 1063 genes
434 1026 473 1064 p.
509 1025 599 1063 294.
662 1012 901 1052 Genitivum
939 1013 1006 1065 qui
1043 1013 1291 1060 maluerunt,
1325 1013 1451 1052 etiam
1478 1028 1513 1052 v.
1550 1025 1614 1053 20.
1646 1018 1789 1053 tenere

280 1065 513 1107 debuerunt
543 1071 607 1117 τῆς
637 1070 803 1116 πόλεως,
831 1069 940 1121 quod
966 1069 1055 1108 cod.
1078 1083 1183 1107 unus
1212 1069 1298 1108 dat.
1363 1068 1430 1108 Sic
1459 1083 1498 1121 p.
1531 1082 1623 1121 234,
1649 1082 1714 1122 25.
1742 1072 1789 1109 τὰ

279 1124 393 1171 μικρὰ
415 1123 666 1174 συμφέροντα
687 1127 751 1173 τῆς
771 1126 934 1166 πόλεως.
971 1124 1080 1177 quod
1102 1124 1226 1164 aliter
1242 1124 1366 1164 scribi
1389 1138 1469 1163 non
1492 1125 1643 1178 potuit.
1692 1125 1788 1164 Plu-

279 1177 448 1217 tarchus
467 1178 519 1218 V.
547 1180 672 1233 Ages.
694 1194 726 1219 c.
752 1192 820 1233 37.
848 1180 890 1219 τὸ
917 1183 960 1229 τῇ
987 1180 1143 1231 Σπάρτῃ
1170 1180 1383 1231 συμφέρον.
1426 1181 1497 1219 sed
1524 1194 1620 1219 mox
1647 1181 1696 1234 τῷ
1724 1183 1790 1230 τῆς

279 1235 459 1282 πατρίδος
480 1235 731 1285 συμφέροντι.
775 1235 843 1275 ubi
871 1240 1058 1276 mutatae
1087 1235 1408 1276 constructionis
1437 1250 1585 1275 caussa
1613 1250 1695 1276 non
1725 1240 1789 1276 est

278 1288 467 1329 obscura.
530 1290 582 1330 V.
606 1295 689 1330 not.
713 1291 766 1330 ad
790 1291 962 1345 Gregor.
986 1291 1172 1331 Corinth.
1194 1307 1234 1345 p.
1258 1304 1350 1345 139.
1392 1291 1641 1331 SOHAEF.

337 1356 430 1397 235,
456 1357 520 1385 22.
554 1347 734 1400 καθῆντο]
767 1347 894 1400 Apud
925 1346 1184 1386 priscianum
1206 1347 1284 1386 vol.
1309 1359 1345 1387 2.
1373 1362 1413 1400 p.
1437 1351 1524 1400 196.
1548 1347 1612 1387 ed.
1643 1347 1787 1387 Krehl.

278 1398 343 1438 hic
378 1401 480 1439 ordo
516 1402 757 1441 verborum:
803 1403 989 1452 ἐκάθηντο
1026 1408 1127 1453 τρεῖς
1163 1404 1278 1445 ὅλους
1312 1406 1434 1452 μῆνας
1471 1405 1514 1442 ἐν
1552 1404 1786 1456 Μακεδονίᾳ.

279 1454 532 1496 SCHAEF.

339 1515 439 1561 τρεῖς
465 1513 580 1553 ὅλους
605 1513 742 1566 μῆνας]
776 1513 854 1552 Die
877 1514 1219 1567 quinquagesimo
1243 1513 1479 1567 Philippum
1507 1518 1789 1554 convenerunt

278 1566 447 1605 tandem
479 1581 501 1606 e
533 1567 711 1607 Thracia
741 1569 944 1615 reducem,
968 1570 1018 1609 cf.
1042 1569 1259 1609 Demosth.
1282 1570 1332 1609 de
1364 1569 1453 1608 fals.
1479 1569 1603 1623 legat.
1627 1584 1666 1622 p.
1690 1582 1787 1621 390.

279 1621 340 1661 Α1
376 1622 499 1661 (101110
533 1624 711 1663 aberant
746 1625 1044 1677 propemodum
1080 1629 1167 1664 tres
1203 1639 1363 1664 menses
1397 1640 1422 1664 a
1450 1625 1489 1663 d.
1521 1638 1559 1677 3.
1588 1625 1786 1678 Munych.

277 1691 406 1730 usque
427 1678 481 1717 ad
503 1678 542 1717 d.
568 1692 628 1731 13.
652 1679 840 1732 Sciroph.
884 1680 1105 1719 DISSEN.

336 1745 428 1786 235,
454 1736 517 1773 28.
548 1736 649 1773 ὥστε
669 1737 735 1783 τῆς
761 1735 910 1785 εἰρήνης
938 1735 985 1775 ἂν
1007 1734 1268 1788 διημαρτήκει]
1303 1735 1448 1775 Citant
1470 1736 1629 1775 Anecd.
1653 1735 1784 1775 Bekk.

276 1803 316 1840 p.
344 1790 431 1833 126,
455 1802 522 1842 31.
567 1789 815 1829 SCHAEF.

335 1845 427 1896 236,
452 1857 484 1883 1.
509 1849 550 1883 τὸ
571 1847 644 1893 μὲν
665 1846 796 1884 τοίνυν
819 1863 848 1884 κ.
866 1862 898 1884 τ.
913 1846 974 1900 λ.]
1009 1846 1124 1886 Citat
1144 1846 1186 1885 h.
1209 1846 1234 1885 l.
1259 1846 1545 1900 Hermogenes
1564 1860 1603 1898 p.
1628 1858 1721 1900 293.
1745 1850 1788 1886 et

276 1899 326 1937 de
363 1899 631 1940 collocatione
665 1901 883 1939 verborum
921 1901 1103 1949 subtilia,
1143 1902 1290 1941 umbra
1323 1906 1365 1941 et
1396 1902 1482 1941 otio
1514 1901 1787 1942 Grammatici

277 1954 300 1992 d
306 1954 317 1992 1
320 1968 414 2007 gna,
436 1960 672 2008 argutatur.
717 1955 792 1994 RE
800 1956 815 1994 I
823 1957 850 1996 S
857 1957 910 1996 K.

342 2012 433 2063 236,
460 2024 495 2051 2.
531 2011 700 2063 κλέμμα]
752 2011 922 2065 Ulpiani
955 2013 1009 2052 ad
1040 2013 1080 2052 h.
1106 2013 1129 2051 l.
1162 2012 1373 2060 scholium,
1408 2015 1686 2062 παραμυθεῖται
1720 2015 1788 2054 τὰς

276 2068 480 2116 συμφορὰς
514 2066 663 2116 κλέμμα
694 2066 837 2117 λέγων,
871 2067 961 2106 ἀλλ’
985 2069 1029 2107 οὐ
1061 2069 1297 2119 κατόρθωμα,
1331 2072 1520 2107 tractans
1554 2067 1787 2121 Lennepius

276 2122 328 2159 ad
360 2121 526 2161 Phalar.
549 2137 590 2174 p.
613 2133 709 2175 312.
733 2136 764 2161 s.
787 2123 925 2162 nescio
952 2123 1049 2176 quid
1082 2123 1286 2163 reconditi
1322 2123 1363 2162 111
1397 2123 1522 2162 verbo
1554 2126 1787 2173 παραμυθεῖ-

277 2193 338 2215 ται
378 2176 510 2216 inesse
558 2181 714 2216 temere
759 2178 936 2218 statuit:
991 2178 1142 2231 quippe
1189 2178 1432 2232 simpliciter
1471 2178 1581 2218 valet
1619 2178 1782 2218 solatur.

277 2231 528 2271 SOHAEF.

337 2290 428 2337 236,
451 2300 490 2337 5.
523 2289 618 2338 ὑπὲρ
651 2289 958 2340 οῧ-τουτοισί]
998 2289 1142 2329 Citant
1168 2289 1324 2328 Anecd.
1354 2289 1483 2328 Bekk.
1512 2304 1607 2342 pag.
1636 2301 1725 2343 132,
1749 2291 1786 2328 6.

280 2341 530 2381 SCHAEF.

337 2398 397 2436 καὶ
419 2397 496 2449 ἀεὶ]
536 2397 737 2450 Copulam
769 2398 969 2438 omittunt
994 2400 1153 2438 Anecd.
1177 2399 1309 2438 Bekk.
1334 2399 1358 2437 l.
1382 2414 1416 2439 c.
1449 2399 1786 2439 SCHAEFER.

280 2452 347 2491 Sic
377 2452 480 2492 alias
514 2454 574 2492 καὶ
605 2454 691 2493 τότε
724 2454 785 2492 καὶ
819 2457 887 2492 νῦν
910 2454 1096 2508 Thucyd.
1123 2468 1155 2501 1,
1180 2456 1258 2499 88.,
1293 2458 1361 2493 νῦν
1387 2471 1428 2494 τε
1457 2455 1519 2493 καὶ
1544 2456 1630 2494 τότε
1660 2455 1786 2508 Soph.

280 2507 434 2547 Electr.
453 2510 550 2557 676.
571 2521 665 2559 907.
728 2509 861 2547 Porro
884 2510 945 2548 καὶ
969 2514 1035 2549 νῦν
1060 2510 1120 2549 καὶ
1142 2510 1201 2549 ἀεὶ
1225 2510 1332 2549 Plat.
1358 2509 1570 2549 Phaedon.
1587 2525 1627 2563 p.
1647 2510 1711 2558 88,
1731 2510 1785 2557 d.‚

279 2567 347 2601 νῦν
368 2580 409 2602 τε
433 2564 492 2602 καὶ
515 2565 578 2602 ἀεί
597 2563 785 2617 Sympos.
802 2579 835 2603 c.
863 2576 926 2615 29.
951 2580 988 2617 p.
1011 2578 1103 2614 217.
1160 2565 1367 2617 Loquitur
1387 2569 1529 2605 autem
1550 2569 1637 2605 tam
1654 2565 1787 2604 vivide

281 2619 583 2658 Demosthenes
609 2624 781 2672 propter
803 2619 1034 2660 irrisionem
1058 2620 1276 2660 Aeschinis
1304 2621 1385 2660 ista
1413 2621 1502 2660 loca
1524 2625 1786 2660 contemnen-

280 2673 345 2712 tis.
390 2674 613 2713 DISSEN.

338 2732 429 2781 236,
456 2741 490 2780 7.
522 2730 651 2778 ἐπειδὴ
677 2732 749 2780 γὰρ
776 2731 1027 2783 ὡμολόγησε]
1066 2731 1300 2772 Constabat
1331 2732 1440 2770 inter
1472 2745 1613 2770 omnes
1636 2731 1785 2770 Demo-

279 2785 467 2824 sthenem
504 2784 638 2837 ipsum
677 2785 771 2824 huic
808 2785 1003 2839 legationi
1037 2786 1285 2834 interfuisse,
1316 2787 1560 2839 dixeratque
1587 2786 1626 2825 id
1659 2786 1785 2826 etiam

283 2840 513 2879 Aeschines
536 2854 676 2878 rursus
697 2840 737 2878 in
759 2841 947 2880 oratione
970 2855 1056 2888 sua,
1080 2857 1208 2894 quare
1230 2842 1339 2881 nullo
1361 2842 1482 2881 modo
1503 2856 1569 2881 res
1590 2856 1615 2881 a
1636 2842 1785 2881 Demo-

280 2896 424 2933 sthene
455 2895 520 2933 hic
555 2895 716 2933 reticeri
754 2901 945 2947 poteram
987 2902 1221 2949 suspectum
1253 2912 1294 2935 se
1328 2897 1588 2943 reddidisset.
1622 2896 1655 2936 si
1688 2896 1785 2937 reti-
