1950 3210
561 139 636 178 l)l⁴]
672 139 748 179 ΕΑ
760 139 867 178 Ls'A
906 138 1265 177 LEGATIONE.
1584 142 1668 180 523

154 250 324 284 eventus
360 246 599 284 frustrutnr.
668 244 714 283 V.
759 260 796 297 p.
831 258 925 298 37⁸3,
963 258 1033 288 10.,
1071 245 1137 283 ubi
1177 243 1403 297 opponitur
1441 247 1666 293 κατορθοῦν.

156 300 241 340 SOI
252 302 265 339 Ι
277 301 308 339 Α
323 301 406 340 ΕΡ.

211 368 307 409 377,
334 358 396 396 26.
429 357 529 396 τοῦτ“
553 358 636 397 ἔστι
657 357 700 396 τὸ
721 356 920 410 λαμπρόν]
962 358 1052 396 Hoc
1079 362 1143 396 est
1166 356 1265 395 illud
1292 355 1428 395 nobile
1449 370 1668 405 argumen-

156 418 244 452 tum
279 428 359 465 quo
393 413 497 460 fidit,
532 428 575 452 so
608 413 729 453 effert
762 418 804 453 et
833 414 982 466 jactat.
1044 414 1161 453 (jons.
1194 427 1232 465 p.
1255 425 1351 464 430,
1378 424 1442 463 27.
1476 411 1669 451 RlfilsK.

159 468 320 521 Leptin.
350 484 389 522 p.
410 482 459 520 47
477 483 505 508 ι.
535 471 569 522 Q.
593 482 660 523 53.
693 468 782 509 ἀλλ’
812 470 903 509 αὐτὸ
931 471 975 519 δὴ
1004 473 1114 509 τοῦτο
1146 470 1207 509 καὶ
1235 469 1277 507 τὸ
1306 469 1435 507 δεινόν
1461 469 1570 507 ἐστιν
1591 467 1671 518 (the

154 539 245 577 very
265 525 523 578 quintas-senec
543 526 593 578 οῖ’
616 526 861 579 (ίιῖςρι-ασιζῇιί
880 526 1044 565 conduct
1058 541 1069 563 .·
1103 540 1150 565 as
1173 525 1205 564 it
1228 525 1261 563 is
1283 523 1578 577 subsequently
1602 538 1669 564 ex-

154 580 324 633 pressed
341 585 421 622 πῶς
442 581 512 632 οὐχ
535 581 804 632 ὑπέρδεινον
826 582 1040 631 ποιήσομεν
1058 585 1085 632 ;)
1122 581 1326 621 Aristocr.
1346 595 1384 633 p.
1402 583 1496 634 690.
1519 581 1554 631 §-
1576 592 1668 633 255.

154 635 244 676 ἀλλ’
279 638 323 677 οὐ
356 637 457 676 τοῦτ’
490 637 576 677 ἔστι
612 638 654 676 τὸ
691 640 854 685 δεινόν,
892 638 919 677 l.
951 638 1118 690 Aphob.
1159 653 1196 691 p.
1222 640 1316 689 825.
1357 638 1481 689 Q415.
1546 635 1670 676 Plato

154 692 281 746 Gorg.
304 707 343 745 p.
359 706 408 746 5¹
426 706 438 732 Ι
460 692 509 732 Β.
536 694 674 733 οὐκοῦν
696 697 807 733 τοῦτο
826 695 869 743 δὴ
888 695 949 733 καὶ
966 696 1008 732 τὸ
1026 695 1294 745 ἀγανακτητόν
1310 710 1319 737 ς
1357 692 1403 732 Sl
1417 693 1425 730 l
1441 692 1453 731 l
1469 692 1668 733 LLICTO.

210 751 257 788 τὰ
291 748 559 803 πράγματ’-]
603 750 642 788 A
676 749 830 789 similar
866 749 1085 801 reasoning
1116 764 1174 789 we
1212 749 1296 788 find
1336 749 1375 787 in
1413 748 1591 788 Aristot.
1635 762 1665 788 1.

154 804 327 845 Rhetor.
356 818 416 858 15,
439 816 500 857 17.
524 806 659 845 where
681 806 732 845 he
755 805 787 845 is
809 806 993 857 showing
1014 802 1105 844 how
1122 806 1346 845 advocates
1370 804 1516 843 should
1539 819 1668 859 argue

154 860 187 900 if
215 861 313 915 they
336 861 440 901 have
473 876 526 901 no
559 861 782 909 witnesses,
804 862 881 902 but
914 862 1007 915 onl)⁷
1024 861 1213 915 prohahle
1245 867 1484 914 anonumum.
1519 862 1579 901 καὶ
1611 862 1670 900 ὅτι

153 917 221 957 οὐκ
244 918 353 957 ἔστιν
373 919 612 968 ἐξαπατῆσαι
633 920 680 958 τὰ
702 920 832 958 εἰκότα
855 918 957 971 (that
969 916 1158 972 probccble
1185 923 1412 968 arsynments
1433 922 1574 957 cannot
1595 917 1670 956 im-

144 987 238 1027 pose
258 987 362 1027 upon
388 974 532 1027 ajury
549 989 561 1012 .·
595 988 663 1014 see
691 990 742 1013 on
769 976 804 1028 Q.
831 977 926 1027 105)
952 973 1009 1014 ἐπ’
1033 976 1214 1027 ἀργυρίῳ.
1249 974 1308 1012 καὶ
1335 974 1393 1012 ὅτι
1420 974 1491 1025 οὐχ
1513 975 1669 1013 ἁλίσκε-

153 1046 215 1069 ται
241 1032 288 1070 r&
316 1031 443 1070 εἰκότα
471 1034 825 1082 ψευδομαρτυριῶν.
888 1031 977 1070 The
1004 1030 1193 1085 opposite
1222 1034 1344 1083 party
1367 1029 1457 1069 who
1485 1029 1561 1069 has
1583 1029 1669 1069 wit-

154 1100 294 1125 nesscs
315 1085 349 1125 is
370 1090 415 1126 to
437 1086 576 1140 reply:
611 1088 669 1126 ὅτι
686 1088 757 1139 οὐχ
774 1088 936 1127 ὑπόδικα
961 1086 1002 1139 (i.
1018 1102 1052 1127 e.
1073 1088 1433 1138 ψευδομαρτυριῶν)
1457 1087 1504 1125 τὰ
1527 1086 1668 1125 εἰκότα.

155 1141 467 1182 SHILLETO.

210 1210 306 1252 377,
332 1200 397 1238 28.
425 1197 472 1241 ὦς
495 1198 517 1249 ἢ
540 1198 1095 1249 πεπεισμένα-ἐξεταζόμενα
1117 1199 1315 1252 φαίνεται]
1351 1199 1519 1238 Statum
1541 1198 1669 1237 Grac-

154 1254 242 1294 ciae
265 1254 392 1294 talem
414 1269 513 1302 esse,
533 1255 666 1308 qualis
688 1269 796 1294 nunc
817 1260 893 1303 est,
917 1255 1000 1295 sive
1023 1255 1126 1303 ideo,
1146 1255 1256 1308 quod
1277 1254 1524 1308 populorum
1542 1254 1670 1294 Grae-

153 1324 295 1350 corum
317 1310 409 1351 aliis
430 1312 618 1352 oratione
640 1311 793 1351 blanda
813 1317 887 1351 aut
910 1311 1067 1350 idoneis
1088 1310 1348 1365 argumentis
1369 1315 1480 1350 esset
1500 1324 1670 1363 persua-

154 1381 246 1406 sum
278 1371 325 1407 ut
354 1372 563 1408 vetustam
600 1367 851 1407 sententiam
884 1382 999 1407 suam
1036 1372 1250 1407 mutarent
1287 1371 1331 1406 et
1363 1381 1439 1419 pro
1474 1366 1670 1406 libertate

156 1423 336 1477 Philippi
360 1424 617 1478 susciperent
639 1423 868 1477 imperium,
892 1423 977 1463 sive
998 1423 1108 1477 quod
1130 1423 1199 1463 alii
1223 1423 1298 1462 hoc
1319 1422 1508 1476 gratuito
1530 1422 1670 1462 nescio

155 1479 272 1533 cujus
303 1480 418 1520 ducti
454 1480 593 1534 gratia
624 1480 830 1528 fecissent,
854 1480 926 1520 sed
957 1494 1005 1519 eo
1037 1484 1136 1520 sunt
1167 1479 1207 1518 in
1239 1479 1340 1526 loco,
1365 1478 1406 1517 in
1439 1493 1560 1531 quem
1595 1483 1670 1518 tua

155 1535 337 1590 proditio
358 1550 407 1576 ea
427 1536 635 1590 perduxit.
698 1536 893 1576 REISK.

211 1594 307 1645 378,
339 1605 369 1632 1.
405 1593 657 1646 χαριζόμενα]
699 1593 808 1633 Cave
839 1592 1047 1646 intelligas
1079 1591 1242 1645 passive
1269 1591 1448 1631 fortasse
1475 1589 1670 1630 inductus

154 1648 347 1701 opposito
378 1649 633 1699 πεπεισμένα.
696 1648 895 1689 Activam
918 1648 999 1688 vim
1030 1648 1187 1688 habere
1219 1647 1386 1687 docebit
1419 1647 1520 1686 haec
1551 1661 1670 1700 para-

154 1704 342 1757 phrasis:
388 1703 438 1746 ὦς
473 1704 495 1754 ἦ
531 1705 787 1756 πεπεισμένοι
819 1703 841 1755 ἢ
877 1706 1125 1757 χαριζόμενοί
1157 1721 1208 1758 τῳ
1247 1703 1466 1754 πράττομεν
1499 1705 1669 1742 τοιαῦτα.

155 1760 407 1801 SOHAEF.

212 1820 309 1870 378,
325 1832 364 1867 4.
388 1819 590 1868 ἀπόκριναι
611 1820 684 1869 γὰρ
707 1817 805 1868 δεῦρ’
830 1835 863 1856 κ.
881 1834 913 1856 τ.
928 1817 983 1870 λ.]
1009 1816 1105 1856 Huc
1126 1822 1289 1869 spectat
1311 1815 1488 1855 fort-asse
1509 1829 1670 1855 comma

157 1873 268 1912 istud
293 1873 468 1913 Suidae:
501 1872 762 1924 Ἀποκρίθητι.
825 1872 1092 1923 Δημοσθένης·
1126 1873 1331 1923 ἀπόκριναι
1358 1872 1469 1922 δεῦρό
1489 1888 1554 1921 μοι
1576 1888 1669 1921 παρ-

157 1930 464 1969 ελθών.-ἇλλὰ
487 1930 547 1968 καὶ
570 1929 824 1979 Δημοσθένης
844 1929 956 1980 λέγει
983 1930 1025 1968 ἐν
1058 1931 1110 1982 τῷ
1140 1927 1218 1968 κατ’
1243 1928 1444 1979 Αἰσχίνου,
1469 1928 1518 1968 ὡς
1538 1928 1667 1978 προεί-

154 2001 276 2036 ρηται.
330 1985 453 2024 Adde
475 1984 855 2039 Harpocrationem
872 2000 907 2024 v.
927 1984 1165 2035 Ἀπόκρισις.
1216 1983 1424 2023 Disertius
1445 1982 1670 2036 aliquando

156 2041 265 2081 idem
294 2041 445 2081 Suidas
466 2056 500 2080 v.
526 2045 666 2092 Δεῦρο.
728 2041 852 2082 Certe
881 2045 1043 2094 spectat
1068 2040 1355 2093 Hermogenes
1377 2039 1512 2079 verbis
1543 2038 1669 2078 diser-

155 2097 351 2139 tissimis:
386 2099 588 2149 ἀπόκριναι
608 2099 683 2149 γὰρ
700 2100 809 2148 δεῦρο
832 2096 1005 2138 ἀναστάς
1025 2111 1102 2147 μοι·
1137 2096 1180 2136 οὐ
1202 2099 1275 2148 γὰρ
1293 2095 1337 2145 δὴ
1359 2094 1404 2135 δι’
1429 2096 1608 2145 ἀπειρίαν
1624 2112 1670 2146 γε

156 2154 201 2193 οὐ
234 2153 375 2205 φήσεις
408 2154 515 2206 ἔχειν
546 2155 567 2192 ὅ
598 2171 632 2193 τι
670 2155 800 2195 εἴποις.
835 2168 874 2206 p.
903 2166 994 2206 179.
1023 2153 1086 2192 ed.
1120 2152 1189 2191 Fr.
1223 2152 1355 2191 Porti.
1408 2151 1669 2190 TAYLOR.

158 2209 482 2264 Harpocration,
504 2209 741 2261 Ἀπόκρισις,
763 2210 785 2259 ἡ
807 2208 1335 2261 ἀπολογία-Δημοσθένης
1364 2207 1442 2247 κατ’
1468 2208 1668 2259 Αἰσχίνου·

156 2266 361 2317 ἀπόκριναι
393 2268 467 2317 γὰρ
499 2269 611 2316 δεῦρο
643 2267 850 2317 παρελθών
880 2282 957 2316 μοι.
1019 2265 1220 2305 Similiter
1245 2264 1467 2304 Anecdota
1490 2263 1670 2303 Bekkeri

157 2335 306 2376 p.429‚
327 2323 389 2362 18.
448 2321 685 2373 Ἀπόκρισις·
718 2323 739 2371 ἡ
762 2322 1140 2373 ἆπολογία.-ἆλλᾶ
1162 2321 1223 2360 καὶ
1247 2320 1503 2370 Δημοσθένης
1531 2320 1671 2369 ὁμοίως

157 2378 268 2429 λέγει
290 2379 333 2418 ἐν
353 2379 404 2431 τῷ
427 2376 504 2417 κατ’
529 2380 731 2430 Αἰσχίνου,
751 2379 994 2429 ἀπόκριναι
1015 2376 1144 2428 λέγων
1166 2378 1299 2428 δεῦρό
1319 2393 1393 2426 μοι
1415 2377 1667 2426 παρελθών.

159 2433 331 2481 Eadem,
355 2448 437 2472 non
457 2434 588 2474 citato
610 2433 855 2474 nominatim
880 2433 1173 2475 Demosthene,
1194 2448 1233 2486 p.
1254 2434 1425 2481 208‚29.
1441 2431 1670 2482 Ἀπόκριναι

158 2489 232 2540 γάρ
263 2506 326 2537 μοι
357 2492 467 2539 δεῦρο
499 2490 681 2532 ἀναστάς·
715 2491 759 2529 οὐ
786 2493 859 2540 γὰρ
887 2489 930 2529 δι’
956 2490 1135 2539 ἀπειρίαν
1157 2488 1364 2539 ἀγνοήσεις
1385 2489 1406 2525 ὅ
1427 2504 1461 2526 τι
1484 2488 1601 2536 εἴπῃς·
1635 2489 1671 2526 οῖ

156 2547 229 2595 μὲν
251 2545 293 2584 τὸ
315 2546 521 2595 ἀπόκριναί
540 2552 666 2595 φασιν
687 2546 804 2584 αὐτὸν
827 2544 1018 2595 εἰρηκέναι
1041 2545 1108 2583 οὐκ
1131 2544 1192 2582 ἐπὶ
1214 2548 1289 2582 τῶν
1312 2545 1396 2591 ἑξῆς
1418 2544 1667 2593 πραγμάτων,

159 2600 248 2640 ἀλλ’
272 2602 333 2640 ἐπὶ
355 2604 431 2640 τῶν
450 2600 520 2650 ἤδη
543 2600 763 2652 εἰρημένων,
786 2601 850 2639 ἵνα
874 2600 925 2649 μὴ
946 2602 1099 2649 ζητῆται
1120 2600 1142 2647 ἡ
1165 2600 1358 2649 ἐρώτησις,
1383 2599 1419 2637 οἱ
1450 2599 1491 2637 δὲ
1513 2597 1556 2636 τὸ
1579 2599 1671 2637 ἀπό-

160 2658 288 2707 κριναί
317 2662 442 2707 φασιν
474 2656 572 2695 εἶναι
603 2656 688 2695 ἀντὶ
716 2659 782 2694 τοῦ
809 2656 1069 2706 ἀπολόγησαι.
1134 2654 1392 2693 Posteriores
1423 2667 1505 2692 non
1536 2653 1666 2693 male:

160 2726 396 2766 quanquam
428 2725 510 2750 non
536 2711 654 2751 video
684 2711 781 2764 quid
813 2725 887 2750 nos
918 2716 1041 2764 cogat
1067 2724 1207 2750 vocem
1238 2709 1318 2749 alia
1347 2723 1471 2762 quam
1501 2709 1671 2762 propria

159 2768 465 2822 significatione
497 2767 738 2821 intelligere.
802 2767 987 2807 Pessime
1019 2766 1177 2819 priores
1204 2767 1405 2817 ἀπόκριναι
1437 2765 1670 2805 retulerunt

159 2824 211 2864 ad
229 2839 289 2872 ea,
314 2838 419 2876 quae
435 2829 532 2863 ante
551 2823 663 2863 dicta
684 2828 794 2862 sunt.
856 2823 975 2873 Quod
997 2828 1137 2862 autem
1159 2836 1240 2861 non
1262 2821 1450 2874 sequitur
1472 2822 1667 2871 ἐρώτησις,

159 2894 280 2920 nemo
297 2880 529 2929 mirabitur,
545 2879 613 2932 qui
635 2879 866 2918 meminerit
892 2884 1107 2918 oratorum
1127 2891 1283 2917 morem
1300 2878 1425 2917 verba
1444 2877 1497 2916 ab
1516 2876 1594 2916 alio
1616 2877 1668 2917 ad

159 2936 283 2976 alium
312 2937 491 2989 abrupte
523 2935 744 2988 subitoque
772 2934 1051 2975 convertendi.
1114 2934 1236 2973 Adde
1259 2933 1367 2987 quod
1394 2932 1669 2972 conversionis
