1914 3184
289 155 369 193 132
698 155 1049 195 PHILIPPICA
1086 153 1381 194 SECUNDA.

344 261 410 304 68,
429 270 493 298 22.
512 260 597 301 τοὺς
610 261 682 309 μὲν
700 261 1078 311 συστρατεύσαντας]
1099 259 1321 298 Thebanos
1336 271 1428 297 cum
1444 257 1585 297 Persis
1601 257 1793 310 conjunc-

286 320 352 354 tos
373 320 519 355 contra
541 316 726 356 Graecos
748 330 953 369 pugnasse
975 314 1328 369 perfidissimeque
1355 314 1484 368 egisse
1506 314 1627 367 vulgo
1649 319 1794 353 notum

286 376 362 411 est.
426 371 479 410 V.
504 371 709 411 Herodot.
734 386 772 424 9.
795 371 884 411 init.
948 371 1135 411 VOEM.

343 427 409 472 68.
430 439 494 467 22.
522 428 604 469 τοὺς
625 427 655 467 δ’
679 427 745 466 οὐκ
768 428 1089 480 ἐναντιωθέντας]
1117 426 1261 479 Argivi
1279 425 1522 466 societatem
1540 426 1794 465 Graecorum

283 489 524 524 recusantes
545 498 570 522 a
591 488 740 523 neutra
760 488 880 536 parte
903 488 1124 523 steterunt.
1188 482 1390 522 Herodot.
1412 495 1447 534 7,
1478 482 1710 534 148-—152
1741 481 1791 521 cf.

286 553 323 590 9.
348 551 409 579 12.
471 539 656 577 VOEM.

342 596 408 643 68,
436 607 498 647 23.
522 595 641 649 οἶδεν]
666 595 772 642 Hoc7
796 609 877 635 11011
902 595 1002 634 εἶδεν
1024 610 1054 634 3.
1076 593 1160 649 ᾔδει
1183 594 1300 640 dixit„
1319 593 1417 647 quia
1437 593 1538 632 haec
1560 597 1681 632 extra
1702 607 1794 632 nar-

283 650 488 691 rationem
504 651 642 704 posita
659 656 756 691 sunt
771 667 778 690 :
805 651 910 690 vovit
930 651 1055 704 ’ῖφίΐιιν
1073 650 1280 704 (cognitos
1298 650 1446 698 habet)
1466 655 1500 688 et
1517 654 1657 688 vestros
1673 663 1796 688 mores

282 712 318 746 et
343 706 613 747 Thebanorum
636 708 966 761 Apaz'vorsnamque.
1028 706 1226 746 Narratio
1257 706 1408 746 iterum
1440 704 1584 757 incipit
1609 719 1634 744 a
1660 704 1794 744 verbis

283 762 402 813 ἡγεῖτ’
424 764 505 803 οὖν.
570 763 792 803 FRANK.

341 819 416 872 ἰδίᾳ
436 819 479 858 τὸ
500 820 748 873 λυσιτελοῦν]
775 820 806 859 Ι.
830 834 863 858 e.
887 819 929 858 τὸ
955 820 1029 872 ἰδίᾳ
1050 824 1104 866 A„
1129 819 1203 871 ἰδίᾳ
1223 823 1396 872 propter
1417 818 1499 857 vim
1521 816 1792 870 oppositionis

282 875 534 928 praeposito,
557 881 604 916 ut
626 881 767 916 monet
791 875 1013 915 Frankius.

341 932 406 977 68,
431 933 497 970 26.
533 933 595 971 ἐπὶ
627 936 705 974 τοῖς
736 933 892 973 δικαίοις
921 929 1171 984 αἱρήσεσθαι]
1211 930 1317 970 Eam
1348 929 1575 970 amicitiam
1602 928 1794 982 justitiae

283 986 436 1026 limites
469 1002 550 1027 non
586 1002 873 1028 excessuram:
923 1001 995 1026 vos
1027 1001 1160 1039 neque
1195 986 1408 1026 ministros
1440 985 1656 1026 libidinum
1694 986 1792 1033 fore,

282 1057 415 1095 neque
435 1043 650 1096 adjutores
672 1045 725 1084 ad
747 1043 932 1097 injurias.
988 1042 1177 1082 WOLF.

340 1100 406 1145 68,
433 1101 495 1138 28.
526 1101 587 1140 καὶ
607 1101 713 1153 τότε]
747 1100 840 1139 Scil.
862 1099 1004 1150 ᾑρεῖτο.
1038 1098 1231 1137 REISK.
1297 1098 1518 1138 Formulae
1541 1099 1602 1138 καὶ
1623 1099 1711 1137 τότε
1734 1098 1795 1137 καὶ

284 1158 352 1194 νῦν
374 1155 657 1209 similibusque
688 1156 776 1196 sola
798 1157 1018 1195 verborum
1046 1154 1283 1208 praesentia
1304 1154 1402 1194 addi
1425 1154 1573 1194 solent.
1637 1154 1794 1207 Sopho-

283 1210 366 1250 cles
390 1211 547 1252 Electr.
576 1214 670 1263 676.
707 1215 775 1252 νῦν
807 1229 847 1251 τε
883 1213 943 1251 καὶ
974 1210 1049 1250 τότ’
1079 1210 1243 1250 ἐννέπω.
1309 1210 1414 1249 Ibid.
1437 1221 1533 1262 907.
1567 1211 1629 1249 καὶ
1660 1212 1729 1249 νῦν
1761 1209 1793 1248 θ’

282 1268 420 1315 ὁμοίως
451 1268 511 1307 καὶ
541 1268 617 1306 τότ’
642 1269 904 1317 ἐξεπίσταμαι.
966 1266 1110 1320 Antig.
1142 1268 1228 1305 181.
1254 1270 1321 1306 νῦν
1349 1283 1390 1306 τε
1425 1267 1486 1306 καὶ
1517 1265 1642 1306 πάλαι.
1674 1269 1791 1305 δοκεῖ.

285 1322 615 1364 SGHAEFER.

341 1379 406 1425 68,
433 1392 496 1432 29.
531 1380 574 1419 οὐ
607 1383 680 1432 γὰρ
712 1381 756 1430 δὴ
787 1379 965 1433 τριήρεις]
1000 1379 1108 1419 Nam
1136 1378 1415 1418 Athenienses
1449 1377 1668 1418 etiamtum
1694 1390 1791 1431 300.

284 1434 475 1474 triremes
496 1435 702 1476 inst1¹¹ue1e
722 1440 933 1489 potei¹.a11t
999 1435 1053 1474 V.
1074 1450 1114 1488 p,
1139 1448 1207 1487 51.
1270 1434 1347 1474 FR
1352 1434 1491 1473 ANK.

342 1493 408 1543 69,
438 1504 470 1530 1.
507 1491 584 1532 οὐδ’
623 1494 665 1532 ἐι
699 1491 849 1546 μὲν-]
891 1492 1172 1531 Buttmannus
1203 1491 1245 1530 in
1278 1491 1363 1529 ind.
1395 1505 1453 1530 01¹.
1488 1489 1593 1529 Mid.
1627 1504 1666 1542 p.
1700 1491 1792 1540 167.

283 1552 472 1587 nostrum
494 1547 628 1587 locum
650 1547 753 1588 satis
774 1552 887 1587 recte
909 1548 1211 1611 interpretatus
1242 1552 1328 1587 est:
1362 1561 1481 1600 mque
1501 1546 1545 1585 in
1567 1545 1794 1584 mediterta-

281 1603 363 1642 nois
382 1602 507 1643 subito
519 1604 712 1657 praeclar
716 1618 778 1643 ιιηι
794 1603 870 1643 sibi
891 1604 996 1643 visus
1011 1610 1062 1643 est
1083 1603 1258 1642 invenite
1271 1618 1328 1656 pr
1332 1603 1561 1656 ιιιοιῗραίιιιιι,
1580 1615 1689 1653 σιιμι3
1700 1615 1794 1654 gyra-

284 1659 344 1698 tia
359 1659 607 1699 maritimmn
623 1660 739 1700 illum
749 1674 841 1712 jam
858 1660 1017 1699 missam
1027 1660 1193 1712 filicem,
1246 1659 1293 1697 Ν·
1286 1674 1353 1698 am
1368 1658 1565 1712 primaria
1586 1657 1795 1697 sententia

284 1714 523 1754 continetur
543 1716 725 1756 secundo
746 1716 966 1755 enunciato
985 1731 992 1754 :
1027 1730 1108 1754 non
1142 1714 1306 1755 destitit
1338 1714 1555 1768 imperium
1575 1713 1702 1753 maris
1723 1728 1793 1766 ap—

281 1774 437 1823 petere,
460 1771 520 1811 ita
541 1778 587 1812 ut
610 1786 660 1811 ne
680 1772 782 1812 haec
804 1771 970 1824 quidem
993 1786 1139 1811 caussa
1161 1785 1249 1810 esse
1269 1771 1413 1824 possit.
1431 1784 1504 1810 cu1¹
1524 1773 1705 1809 vestram
1726 1769 1793 1809 ille

283 1826 414 1866 classe
435 1828 677 1880 pollentium
698 1828 936 1875 amicitiam,
960 1842 1066 1880 quae
1088 1827 1253 1880 quidem
1281 1826 1408 1866 maris
1434 1825 1652 1879 imperium
1673 1825 1792 1865 affec-

283 1882 392 1922 tanti
414 1883 632 1924 utilissima
652 1884 772 1932 foret,
796 1884 1012 1937 spreverit,
1035 1883 1267 1923 destitisset
1292 1883 1401 1922 enim
1421 1883 1611 1928 fortasse,
1635 1881 1667 1920 si
1691 1882 1793 1921 satis

282 1939 465 1991 amplum
486 1939 705 1993 imperium
726 1940 767 1978 in
788 1939 1103 1979 mediterraneis
1125 1939 1363 1979 invenisset.
1427 1937 1647 1977 FRANK.

342 1998 408 2047 69.
431 2009 470 2048 3.
505 1995 581 2036 οὐδ’
605 1997 838 2048 ἀμνημονεῖ]
876 1995 970 2035 Hoc
999 2000 1087 2034 est:
1121 1995 1279 2035 mavult
1300 1995 1425 2034 fidem
1450 1994 1641 2047 frangere
1668 2007 1793 2046 quam

282 2064 369 2097 nos.r
380 2051 461 2113 *qui
492 2052 706 2104 adjutores
737 2051 981 2102 injuriarum
1014 2065 1094 2090 non
1126 2065 1278 2096 sumus,
1301 2051 1455 2090 habere
1482 2049 1638 2090 amicos
1660 2053 1703 2089 et
1724 2049 1791 2088 de-

284 2105 437 2146 vincire
470 2107 546 2147 sibi
579 2107 804 2147 beneficiis.
838 2108 975 2159 ἔτυχεν
1008 2107 1128 2155 dixit
1156 2111 1203 2146 ut
1236 2106 1490 2160 significaret
1512 2105 1791 2145 Athenienses

284 2162 476 2215 precibus
511 2168 554 2203 et
588 2163 958 2216 pollicitationibus
988 2162 1169 2216 Philippi
1207 2163 1337 2202 victos
1373 2176 1516 2225 pacem
1557 2161 1593 2200 ei
1629 2175 1792 2200 conces-

283 2217 396 2263 sisse
431 2233 557 2271 quum
587 2219 664 2272 ipsi
695 2219 802 2258 bello
832 2223 971 2258 essent
1008 2219 1241 2272 supeiiores
1276 2233 1324 2258 ac
1361 2217 1528 2257 minime
1560 2216 1790 2271 defatigati.

341 2328 418 2368 οὐδ’
460 2331 906 2382 ἀμνημονεῖ-ἔτυχεν]
963 2330 995 2370 (
998 2330 1107 2370 itant
1144 2330 1302 2369 Anecd.
1342 2330 1472 2369 Bckk.
1514 2344 1552 2382 p.
1595 2342 1685 2381 119,
1726 2341 1789 2381 23.

285 2384 354 2423 ubi
376 2399 452 2437 pro
473 2385 562 2424 οὐδὲ
583 2387 650 2426 τὰς
671 2386 908 2437 ὑποσχέσεις
928 2385 1079 2438 legitur
1102 2386 1162 2424 καὶ
1184 2402 1214 2424 τ
1238 2384 1585 2425 13.SCHAEF.

342 2443 408 2492 69,
431 2451 471 2493 5.
506 2457 582 2479 παι
586 2457 633 2480 τα
655 2443 754 2480 ταῦτ’
779 2442 902 2492 εἰδὼς]
940 2441 997 2480 Et
1018 2441 1220 2493 majorum
1243 2446 1480 2480 nost1¹¹01um
1503 2440 1670 2479 virtutis
1691 2454 1790 2493 gna-

284 2510 366 2543 rus,
408 2510 482 2535 nec
521 2496 674 2536 oblitus
715 2496 1075 2550 pollicitationum.
1128 2496 1319 2535 WOLF.
1382 2497 1536 2536 Sensus
1570 2496 1789 2536 verborum

285 2553 551 2593 εἴποι-εἰδὼς
590 2554 701 2602 (nam
741 2553 842 2592 haec
878 2553 1122 2606 jungenda),
1160 2552 1236 2591 nisi
1272 2552 1403 2600 fallor,
1437 2552 1503 2591 hic
1544 2556 1634 2591 est:
1679 2551 1790 2591 dicat

283 2607 431 2660 aliquis
454 2607 571 2660 quasi
592 2612 729 2647 totum
755 2622 893 2647 rerum
914 2609 1209 2648 hodiernarum
1230 2612 1388 2648 statum
1413 2608 1579 2661 penitus
1602 2621 1790 2661 perspec-

284 2667 373 2702 tum
405 2664 563 2703 habens
611 2664 940 2704 SCHAEFER.
975 2664 1080 2704 οἶδεν
1111 2665 1177 2703 οὗν
1211 2663 1452 2715 ἀμφοτέρους
1480 2681 1512 2702 κ.
1540 2680 1573 2702 τ.
1599 2668 1637 2702 λ.
1663 2665 1788 2725 §.133

283 2721 342 2758 At
363 2719 486 2758 melier
488 2719 569 2759 cula
584 2719 699 2759 clim}
692 2720 732 2759 it
751 2720 904 2772 aliquis
924 2734 1024 2766 eum
1041 2720 1220 2773 quamtis
1239 2720 1332 2759 haec
1347 2719 1479 2759 omnia
1499 2719 1615 2758 sczret
1636 2718 1680 2768 (i.
1698 2733 1733 2758 e.
1755 2718 1788 2757 si

284 2789 486 2814 summam
508 2789 646 2814 rerum
676 2780 852 2829 spectas,
877 2776 1063 2830 quamvis
1094 2775 1219 2815 sciret
1249 2789 1368 2814 suum
1399 2775 1661 2814 commodum
1684 2774 1790 2812 The-

285 2830 485 2869 banorum
521 2830 704 2871 amicitia
738 2831 912 2885 augeri)
940 2838 1068 2871 tamen
1102 2845 1178 2870 ιιοιι
1212 2831 1400 2871 commodi
1427 2831 1492 2870 sui
1526 2843 1668 2869 caussa
1695 2829 1790 2868 haec

286 2888 411 2937 (quae
432 2885 468 2924 ei
485 2886 779 2926 Thebanorum
799 2887 1026 2927 amicitiam
1041 2887 1261 2926 firmatura
1277 2901 1321 2926 er
1323 2890 1416 2937 ant)
1426 2887 1578 2939 jecisse,
1600 2885 1668 2925 sed
1685 2888 1785 2924 cett.

286 2940 362 2989 Qui
396 2945 487 2992 post
514 2942 579 2980 Δί’
603 2947 641 2981 et
674 2944 779 2983 εἰδώς
811 2943 1113 2995 interpnngunt
1144 2944 1205 2990 (ut
1238 2942 1517 2992 Sohaeferus).
1540 2944 1787 2993 arroganter
