1914 3184
315 133 368 169 82
740 132 1138 172 OLYNTHIAOA
1173 130 1408 170 TERTIA.

317 237 474 289 plenus7
497 241 705 285 strenuus,
728 237 850 277 fortis
865 253 874 284 3
907 237 977 276 sed
1001 241 1213 276 oratorem
1239 250 1332 275 eum
1360 235 1486 275 fuisse
1513 234 1727 288 copiosum
1757 248 1834 274 nec

319 293 540 346 quisquam
571 293 763 340 tradidit,
796 307 871 332 nec
903 293 1021 332 valde
1053 291 1274 332 verisimile
1304 296 1369 331 est
1397 291 1525 344 (conf.
1547 290 1619 330 W.
1641 290 1832 330 Vischer.

317 349 448 389 musei
472 349 655 389 Helvetii
678 349 882 402 disciplin.
901 348 1200 388 historicarum
1217 347 1294 386 vol.
1316 362 1346 387 ].
1363 363 1402 401 p.
1417 359 1498 400 372
1518 348 1643 400 sqq).
1692 346 1834 385 Nomi—

318 404 382 444 nis
404 405 534 459 igitur
555 404 819 445 similitudini
842 410 988 444 0111101
1009 403 1169 457 aliquid
1190 403 1354 443 videtui
1375 403 1549 443 dedisse
1586 402 1798 442 SAUPP.

374 475 441 513 34.
468 474 532 514 23.
555 459 1082 514 προπέποται-πράγματα]
1117 459 1198 499 Cit
1188 464 1234 499 at
1262 459 1301 499 11.
1322 460 1346 499 1.
1371 459 1659 512 Hennogenes
1679 473 1719 511 p.
1746 470 1835 510 197

318 517 369 556 de
402 517 640 556 inventione
676 516 783 555 libro
804 531 843 565 4.
873 531 963 569 ο1)1Ῑ
991 533 1078 567 περι
1110 518 1262 567 τροπῆς
1295 515 1346 555 de
1377 515 1559 554 dictione
1589 514 1778 567 tlopica:
1811 514 1835 564 ἡ

316 573 495 624 ῥητορικη
517 575 902 624 πολυπραγμονοῦσα
920 574 1082 611 -οὕτω
1108 588 1246 623 χρηται
1271 575 1351 613 τοῖς
1376 572 1599 622 ἀλλοτρίοις
1628 571 1834 620 ὀνόμασιν,

318 629 418 667 οἶον·
459 629 701 678 προπέποται
737 630 784 668 τὰ
820 631 883 677 τῆς
918 629 1069 669 πόλεως
1104 627 1322 678 πράγματα.
1370 627 1455 666 ἀντὶ
1490 631 1557 666 τοῦ
1592 627 1834 677 προδέδοται.

320 684 515 724 REISK.
580 684 632 723 V.
656 685 710 724 ad
732 699 771 737 p.
794 697 890 736 324,
918 697 980 723 22.

374 753 442 793 34,
469 742 533 780 26.
564 739 730 793 τούτων]
768 740 831 780 Sc.
855 745 931 779 τῶν
955 741 1127 791 ῥητόρων
1151 741 1199 778 τὰ
1229 741 1291 788 τῆς
1324 739 1475 780 πόλεως
1505 738 1713 789 πράγματα
1744 755 1836 789 προ-

320 797 569 836 πεπωκότων.
603 796 810 835 BREMI.

374 865 442 904 34,
468 865 534 905 27.
563 853 685 892 καίτοι
705 852 914 901 σκέψασθε
938 869 1017 890 κ.τ.
1034 850 1093 904 λ.]
1131 851 1301 890 Recitat
1330 851 1369 889 h.
1395 850 1420 889 1.
1446 849 1672 903 Dionysius
1695 849 1836 890 Halic.

324 908 401 948 vol.
426 910 462 948 6.
486 923 525 962 p.
547 921 667 961 1015.
701 908 894 948 REISK.

377 977 444 1017 34,
471 965 533 1006 28.
560 965 685 1016 ἔργων
706 978 786 1003 0111.
810 963 1051 1016 Dionysius.

376 1034 444 1074 35.
469 1034 502 1060 Ι.
525 1021 568 1060 οὐ
590 1019 930 1073 γὰρ-γενέσθαι]
966 1019 1148 1073 Apsines
1170 1034 1208 1072 p.
1230 1030 1325 1070 701.
1350 1019 1597 1068 λαμβάνεται
1618 1019 1658 1057 δὲ
1681 1022 1837 1069 (exem—

321 1076 409 1130 pla)
433 1075 455 1126 ἦ
485 1075 530 1125 ἐξ
556 1078 721 1122 οἰκείων,
745 1075 766 1125 ἦ
794 1078 833 1125 ἐξ
861 1077 1093 1126 ἀλλοτρίων.
1134 1077 1180 1114 τὰ
1206 1077 1280 1124 μὲν
1301 1075 1369 1114 οὖν
1395 1076 1435 1123 ἐξ
1461 1075 1612 1113 οἰκείων
1633 1075 1837 1125 ἀγωνιστι-

322 1134 469 1183 κώτερα
495 1133 554 1172 καὶ
575 1132 937 1184 προσεχέστεραῌ
951 1131 1001 1173 ὠς
1020 1134 1125 1182 παρὰ
1147 1131 1405 1180 Δημοσθένει·
1441 1131 1485 1170 οὐ
1506 1133 1580 1181 γὰρ
1602 1130 1837 1181 ἀλλοτρίοις,

321 1188 410 1230 ἀλλ’
434 1190 589 1230 οἰκείοις
619 1188 834 1241 χρωμένοις
863 1189 1177 1239 παραδείγμασιν
1204 1187 1428 1236 εὐδαίμοσιν
1454 1188 1543 1235 ὑμῖν
1570 1185 1699 1235 ἔξεστι
1726 1186 1837 1237 γενέ-

323 1249 428 1285 σθαι.
462 1244 656 1284 REISK.

377 1312 445 1354 35,
471 1312 507 1339 2.
531 1302 622 1350 ὑμῖν
643 1299 876 1353 χρωμένοις]
914 1299 1092 1339 Invertit
1115 1298 1353 1352 Dionysius.
1386 1298 1579 1338 REISK.

379 1371 446 1410 35,
469 1371 508 1410 3.
531 1355 737 1409 γενέσθαι]
770 1358 979 1407 γίγνεσθαι
1002 1355 1238 1408 Dionysius.
1272 1354 1467 1394 REISK.

381 1417 522 1453 ἐκεῖνοι
549 1411 929 1465 τοίνυν-ἑκόντων]
969 1411 1089 1452 (311111
1112 1410 1303 1451 Tiberius
1325 1425 1364 1463 p.
1388 1424 1453 1462 19.
1516 1410 1677 1450 Eadem
1708 1424 1839 1463 usque

323 1470 378 1510 ad
401 1469 602 1520 ἀνήγαγον
625 1469 756 1507 Rufus
778 1483 817 1521 p.
842 1470 907 1520 87.
942 1467 1272 1508 SCHAEFER.

380 1537 494 1578 35‚4
469 1523 718 1577 4.ἐφίλουν]
754 1524 845 1563 Non
880 1538 1042 1577 semper
1073 1523 1128 1562 illi
1161 1537 1346 1563 amorem
1370 1522 1496 1562 vestri
1529 1537 1631 1576 piae
1663 1536 1706 1561 se
1736 1522 1839 1561 fere-

323 1583 440 1625 bant
470 1581 512 1619 id
540 1581 650 1633 quod
683 1580 870 1619 homines
906 1580 1059 1633 populo
1096 1579 1360 1619 blandisntcs
1392 1579 1529 1618 facere
1560 1578 1766 1626 solebant,
1792 1582 1840 1617 ut

324 1638 422 1678 Cleo
454 1637 519 1676 ille
552 1636 853 1689 Aristophanis
877 1636 1086 1689 E‹1.739:
1120 1635 1202 1684 ὁτιη
1225 1639 1327 1685 φιλῶ
1351 1652 1401 1680 σ,
1426 1633 1455 1674 ὼ
1478 1634 1588 1684 Δημ’.
1614 1634 1778 1685 ἐραστης
1806 1633 1837 1673 τ’

324 1695 399 1743 εἰμὶ
429 1695 498 1734 σός
527 1693 637 1744 (coll.
662 1708 696 1731 v.
722 1693 1163 1744 780.828.).1.95.1;
1197 1692 1246 1731 σὺ
1273 1691 1316 1730 δ’.
1341 1690 1369 1730 ὠ
1394 1692 1643 1742 Παφλαγὼν,
1673 1690 1840 1740 φάσκων

325 1754 460 1798 φιλεῖν
491 1750 530 1797 μ’
559 1750 825 1799 ἐσκορόδισας.
873 1754 913 1788 et
937 1763 972 1787 v.
1001 1753 1101 1801 ¹340
1130 1762 1218 1801 sqq.
1284 1732 1460 1786 Isocrat.
1491 1747 1529 1785 8.
1558 1761 1597 1799 p.
1623 1747 1698 1799 183
1730 1750 1840 1786 extr.

328 1804 540 1844 SAUPP.

382 1859 537 1913 αὐτοὺς]
572 1859 745 1899 Omittit
767 1859 970 1899 cod.Vat.
995 1859 1166 1898 Tiberii.
1229 1858 1309 1898 Sed
1336 1863 1452 1898 recte
1478 1857 1662 1906 additur,
1686 1858 1765 1898 etsi
1797 1858 1839 1897 in

323 1916 464 1969 priore
485 1916 673 1955 membro
695 1923 759 1955 est
781 1917 860 1956 οἶςε
896 1914 1125 1968 eujusmodi
1149 1920 1389 1955 structurae
1410 1914 1599 1967 exempla
1630 1928 1712 1953 11011
1740 1928 1840 1954 rara

324 1978 435 2012 sunt.
499 1972 659 2011 Eodem
689 1971 813 2010 modo
845 1986 1073 2024 pronomen
1103 1971 1212 2012 οὗτος
1242 1970 1282 2009 in
1315 1970 1549 2023 posteriore
1579 1970 1677 2009 talis
1708 1974 1841 2010 struc-

326 2032 447 2068 turae
478 2028 665 2067 membro
697 2027 879 2080 ponitur.
912 2042 952 2080 p.
979 2039 1070 2078 794.
1097 2038 1132 2079 7.
1163 2027 1186 2066 ἃ
1209 2028 1318 2065 κοινὰ
1350 2027 1395 2076 νὴ
1423 2028 1499 2065 Δία
1529 2029 1651 2065 πᾶσιν
1675 2026 1842 2078 ὑπάρχει

324 2089 407 2125 τοῖς
445 2083 741 2134 ἀγωνιζομένοις
775 2086 878 2133 παρὰ
914 2086 979 2132 τῆς
1012 2087 1089 2122 τῶν
1119 2084 1255 2122 ἄλλων
1285 2083 1390 2131 ὑμῶν
1423 2084 1590 2131 φύσεως,
1622 2083 1683 2121 καὶ
1718 2082 1842 2123 οὐδεὶς

326 2141 440 2180 αὐτὸς
462 2141 583 2191 ἑαυτῷ
611 2142 752 2178 ταῦτα
778 2138 890 2190 φέρει
911 2143 987 2178 τῶν
1009 2138 1319 2189 κρινομένων-.
1354 2137 1685 2177 SCHAEFER.

383 2207 450 2247 35,
465 2208 505 2246 5.
530 2194 647 2233 πέντε
670 2195 731 2233 καὶ
753 2194 1036 2244 τετταράκοντα
1058 2193 1143 2247 ἔτη]
1173 2194 1256 2233 Alii
1281 2193 1509 2246 scriptores
1530 2193 1613 2232 alio
1634 2207 1840 2233 annorum

327 2264 499 2289 numero
535 2250 818 2302 principatum
852 2250 1173 2289 Atheniensium
1211 2249 1569 2296 circumscribunt,
1605 2248 1665 2288 ita
1702 2254 1750 2288 ut
1785 2250 1841 2289 ab

326 2319 436 2344 anno
468 2308 563 2355 476,
598 2320 678 2357 quo
720 2305 1003 2358 principatum
1044 2306 1099 2344 ad
1136 2305 1416 2345 Athenienses
1457 2305 1711 2345 translatum
1752 2318 1843 2345 esse

329 2360 402 2399 W.
428 2361 622 2413 Krueger
655 2360 797 2400 docuit
827 2360 1065 2412 (hist-phil.
1090 2361 1265 2399 Studien
1296 2375 1336 2413 p.
1366 2362 1469 2413 38),
1498 2361 1559 2399 vel
1595 2361 1650 2399 ad
1681 2360 1840 2400 cladem

329 2415 509 2455 Siculam
541 2430 674 2455 annos
703 2418 754 2467 65
779 2415 841 2455 vel
870 2416 925 2455 ad
961 2416 1055 2455 belli
1089 2415 1431 2468 Peloponnesiaci
1465 2416 1588 2455 finem
1623 2430 1756 2455 annos
1788 2427 1839 2469 73

327 2472 413 2511 sive
444 2471 625 2510 rotundo
657 2485 829 2510 numero
858 2483 911 2522 70
938 2471 1153 2510 duravisse
1184 2471 1340 2511 (licant.
1402 2472 1558 2521 Quodsi
1590 2471 1657 2510 hie
1686 2472 1838 2511 Demo-

328 2527 496 2567 sthenes
518 2540 571 2580 45
595 2541 726 2566 annos
753 2527 906 2579 posuit,
929 2527 980 2565 de
1011 2527 1131 2566 initio
1156 2527 1251 2566 belli
1276 2526 1619 2580 Peloponnesiaci
1643 2531 1699 2577 (a.
1721 2529 1841 2580 431.)

328 2583 547 2636 cogitavit,
572 2583 613 2621 id
635 2582 745 2636 quod
776 2582 864 2635 ipse
892 2583 1039 2622 addito
1061 2598 1096 2622 v.
1121 2584 1288 2622 ἑκόντων
1310 2583 1533 2636 signifieat.
1597 2583 1843 2623 Accuratis-

328 2639 431 2678 sime
462 2639 512 2677 de
544 2638 707 2678 ratione
740 2638 888 2677 horum
922 2653 1188 2678 numerorum
1217 2639 1410 2691 exposuit
1442 2639 1501 2678 H.
1523 2638 1690 2679 Clinton
1721 2639 1843 2678 Fast.

330 2694 440 2733 Hell.
466 2707 503 2736 2.
526 2709 566 2747 p.
594 2695 672 2745 248
696 2708 783 2747 sqq.
818 2694 1029 2733 SAUPP.
1093 2694 1371 2748 Septuaginta
1403 2694 1487 2734 tria
1518 2694 1659 2747 posuit
1690 2694 1844 2733 Demo-

329 2749 499 2789 sthenes
520 2764 559 2802 p.
585 2763 599 2788 1
617 2751 675 2797 16,
696 2762 760 2789 21.

386 2817 453 2857 35,
478 2807 515 2844 6.
540 2806 661 2845 πλείω
683 2804 713 2844 δ’
735 2803 757 2854 ἢ
778 2804 913 2858 μύρια]
950 2804 1129 2844 Pericles
1156 2806 1269 2858 apud
1291 2804 1573 2857 Thucydidem
1598 2818 1633 2851 2,
1655 2818 1716 2857 13.
1738 2804 1841 2844 dicit

330 2860 609 2900 Athenienses
631 2860 786 2900 habere
807 2860 849 2898 in
870 2875 967 2899 arce
988 2875 1060 2899 sex
1081 2861 1193 2900 milia
1211 2861 1467 2900 talentorum
1483 2859 1647 2913 argenti
1670 2859 1841 2913 signati,

330 2915 504 2954 donaria
536 2930 664 2955 aurea
696 2920 738 2954 et
769 2921 985 2968 argentea.
1008 2916 1068 2954 vel
1100 2916 1265 2968 publica
1288 2916 1348 2955 vel
1379 2915 1557 2967 privata.
1584 2915 1839 2955 talentorum
