1914 3184
270 128 385 168 xxxii
900 131 1168 171 REISKH

271 239 351 285 ejus
379 236 615 284 praefatione
643 237 793 287 colligo,
817 238 915 274 hane
946 252 1100 286 operam
1133 238 1349 274 exantlavit.
1407 239 1516 282 Quae
1544 238 1673 273 onmia
1700 237 1788 273 satis

273 313 359 336 eum
386 300 430 336 ad
454 313 594 348 aequos
621 303 1057 338 excusent.-———Morellus
1078 303 1113 338 in
1142 310 1249 350 parte
1271 315 1293 337 a
1313 314 1351 337 se
1380 310 1508 338 curata
1531 302 1671 350 ubique
1700 302 1791 337 citat

274 372 361 399 octo
389 364 540 400 codices
566 365 836 401 Demosthenis
858 365 992 401 MStos
1015 380 1034 401 e
1058 366 1291 401 bibliotheca
1316 366 1420 413 regia
1441 365 1673 413 depromtos,
1696 377 1791 412 quos

273 428 331 463 his
351 428 470 463 literis
492 428 666 478 designat
687 444 692 463 :
726 445 755 464 a.
777 433 812 470 β.
834 445 866 476 γ.
889 431 918 464 δ.
940 446 965 464 ε.
991 432 1017 473 ζ.
1040 446 1070 474 η.
1093 431 1123 464 θ.
1183 430 1264 478 Ego
1290 429 1328 464 in
1348 429 1445 465 libro
1465 429 1694 464 variantium
1708 429 1791 476 pri-

275 505 377 534 mum,
397 493 596 533 secundum,
620 493 763 528 tertium
782 500 818 529 et
840 494 893 528 sic
914 506 1026 541 porro
1049 494 1212 541 appello.
1271 493 1420 536 Quibus
1439 493 1607 528 numeris
1628 492 1665 527 hi
1688 492 1791 528 codi-

276 568 339 592 ces
366 556 479 591 hodie
506 556 644 604 signati
669 557 757 597 sint,
781 556 977 606 indagavit
996 557 1136 605 Taylor
1162 565 1199 593 et
1227 557 1283 592 his
1306 556 1429 592 verbis
1455 556 1729 592 demonstravit
1753 556 1792 591 in

276 619 514 668 praefatione
549 619 595 655 ad
630 632 739 655 suurn
775 620 1105 656 Demosthenem:
1148 637 1179 655 α.
1213 621 1291 655 sive
1327 620 1444 656 codex
1480 619 1794 655 Morellianorum

279 684 421 732 primus
449 683 576 719 locum
609 684 724 719 habet
753 683 865 719 hodie
895 684 932 719 in
962 684 1193 720 bibliotheca
1221 684 1326 733 regia
1352 695 1464 730 2190.
1487 695 1659 719 numero.
1719 684 1792 720 Re-

279 747 383 795 liqua
421 760 498 782 una
536 759 621 782 cum
655 746 810 796 judiciis
845 747 891 784 de
926 749 1053 784 valore
1093 751 1276 797 cujusque
1315 747 1455 784 codicis
1490 746 1662 787 Parisini,
1698 759 1795 794 quae

279 811 419 858 Taylor
438 811 538 852 tulit,
561 811 660 858 apud
680 811 803 859 ipsum
825 811 940 847 velim
962 811 1047 861 legi.

337 875 439 910 Citat
477 875 671 910 interdum
708 875 848 923 Taylor
885 875 1070 911 lectiones
1108 884 1290 923 tanquam
1332 889 1351 911 e
1388 876 1562 911 Parisinis
1601 875 1796 911 codicibus

282 940 448 983 haustas,
472 952 631 986 quarum
661 940 806 975 mentio
831 940 937 975 nulla
956 941 999 975 fit
1024 940 1062 975 in
1093 940 1259 975 editione
1282 940 1462 975 Parisina.
1520 940 1673 988 Ergone
1692 939 1795 974 locu-

282 1002 419 1051 pletior
445 1010 482 1038 et
509 1002 726 1051 diligentior
745 1015 864 1050 penes
893 1015 980 1038 eum
1006 1002 1078 1038 fuit
1106 1004 1257 1039 illorum
1287 1004 1461 1040 codicum
1491 1003 1676 1040 collatio?
1708 1003 1796 1038 Non

280 1066 444 1101 videtur.
504 1066 586 1100 Imo
622 1066 745 1113 potius
784 1067 991 1103 editionem
1028 1067 1235 1103 Parisinam
1276 1081 1387 1116 saepe
1426 1068 1581 1103 nomine
1621 1067 1796 1103 codicum

280 1130 470 1179 regiorum
504 1130 684 1178 appellat,
715 1144 810 1177 quos
839 1144 924 1167 eum
957 1131 1077 1166 oculis
1108 1144 1183 1166 non
1216 1132 1353 1168 vidisse
1384 1140 1532 1167 constat
1564 1145 1609 1167 ex
1641 1144 1728 1166 ann.
1750 1131 1795 1166 ad

282 1207 316 1242 p.
343 1204 430 1240 277,
457 1193 515 1228 28.
575 1193 698 1242 Saepe
728 1194 820 1230 citat
844 1195 983 1243 Taylor
1013 1196 1161 1231 codices
1190 1195 1375 1231 I'arisinos
1406 1209 1614 1244 perperam,
1637 1195 1701 1230 ubi
1732 1208 1798 1242 par

282 1263 362 1292 erat
391 1256 598 1292 lectionem
630 1257 810 1307 marginis
840 1258 1031 1295 Lutetiani
1061 1259 1302 1295 solummodo
1329 1258 1487 1294 laudari.
1546 1259 1633 1293 Non
1666 1270 1798 1293 omnes

280 1319 465 1356 lectiones
503 1321 695 1357 variantes
736 1323 772 1357 in
813 1322 983 1371 margine
1018 1323 1147 1358 Lutet.
1180 1332 1387 1359 annotatae
1426 1331 1514 1358 sunt
1549 1335 1568 1357 e
1605 1322 1798 1358 codicibus

282 1383 393 1432 regiis
427 1384 616 1425 parisinis,
650 1386 714 1421 sed
748 1399 815 1422 eae
849 1387 1101 1426 solummodo,
1136 1387 1271 1434 quibus
1305 1388 1517 1435 adscriptae
1549 1395 1637 1421 sunt
1667 1385 1799 1422 literae

282 1464 312 1481 a.
335 1451 370 1489 β.
393 1464 426 1494 γ.
449 1456 520 1483 etc.
582 1449 770 1497 Reliquae
800 1450 996 1491 lectiones,
1020 1464 1116 1498 quae
1148 1452 1204 1486 his
1235 1451 1335 1487 notis
1365 1459 1507 1491 carent,
1530 1451 1682 1486 tametsi
1715 1462 1800 1498 pos-

285 1511 360 1546 sint
387 1511 515 1547 itidem
546 1512 647 1548 illinc
677 1514 814 1549 ductae
845 1528 939 1556 esse,
962 1523 1091 1550 tamen
1122 1523 1226 1550 certo
1253 1516 1289 1551 id
1321 1516 1445 1552 doceri
1475 1515 1621 1562 nequit,
1650 1522 1688 1550 et
1715 1527 1800 1563 pos-

288 1583 376 1610 sunt
405 1576 464 1611 alii
492 1576 616 1612 fontes
647 1590 775 1613 earum
804 1579 1013 1614 lectionum
1045 1579 1311 1620 demonstrari,
1334 1593 1364 1615 e.
1388 1592 1419 1615 c.
1444 1580 1561 1615 codex
1593 1578 1799 1627 Obsopoei‚

288 1642 354 1674 aut
384 1639 500 1674 editio
529 1640 679 1681 Aldina,
711 1650 775 1676 aut
811 1642 1010 1690 quaepiam
1047 1642 1120 1678 alia
1152 1643 1350 1684 vetustior,
1388 1651 1454 1678 aut
1490 1643 1601 1679 index
1643 1642 1800 1691 alicujus

141 1717 272 1740 xxvnl
289 1703 506 1738 vetustioris
529 1704 718 1748 editionisj
742 1714 807 1741 aut
832 1714 965 1742 auctor
992 1706 1125 1754 aliquis
1146 1715 1329 1747 vetustus
1353 1716 1393 1742 ut
1415 1708 1692 1755 Hermogenes,
1715 1707 1798 1741 Ari-

289 1768 417 1811 stides,
448 1768 652 1816 Dionysius
684 1769 893 1810 Halicarn.,
918 1770 1124 1818 Longinus,
1157 1772 1232 1811 alii,
1265 1780 1329 1806 aut
1360 1772 1487 1806 Wolfii
1518 1771 1799 1810 annotationes,

291 1839 362 1866 etc.
421 1831 607 1867 Universe
635 1845 709 1867 non
735 1833 885 1868 videtur
906 1834 1115 1869 Lambinus
1143 1835 1292 1870 codices
1315 1836 1502 1870 Parisinos
1529 1848 1741 1884 usurpasse,
1764 1843 1802 1870 et

293 1895 329 1930 in
358 1896 546 1943 exemplo,
568 1897 667 1943 quod
691 1897 877 1933 Morellus
904 1898 1054 1946 reliquit
1081 1900 1260 1940 moriens,
1282 1901 1359 1947 ipse
1389 1913 1410 1935 a
1432 1902 1629 1936 Benenato
1654 1900 1802 1948 accepit

291 1960 359 1994 sibi
390 1960 584 2000 traditum,
616 1961 716 1996 uude
752 1974 891 2010 operae
922 1963 1114 1998 Parisinae
1145 1963 1351 1999 editionem
1385 1977 1490 1999 suam
1523 1971 1801 2013 expresserunt,

293 2022 546 2072 Herwagiana
565 2023 687 2071 prima
713 2033 815 2073 puta,
838 2025 989 2061 nonnisi
1012 2039 1150 2075 paucas
1173 2028 1353 2074 quasdam
1381 2029 1564 2076 reperisse
1587 2042 1606 2064 e
1629 2028 1805 2064 Parisinis

293 2087 412 2135 primo
440 2095 477 2123 et
499 2087 632 2134 quinto
660 2088 748 2123 solis
769 2089 815 2124 ad
843 2090 1035 2126 orationes
1062 2104 1084 2125 a
1105 2091 1290 2139 Leptinea
1318 2092 1406 2127 inde
1429 2092 1656 2140 posteriores
1681 2105 1803 2127 anno-

293 2159 415 2191 tatas3
455 2159 630 2187 caeterae
668 2152 852 2188 lectiones
892 2152 944 2188 illi
983 2155 1156 2203 exemplo
1195 2168 1216 2189 a
1247 2156 1411 2191 Mol-ello
1453 2156 1666 2203 adscriptae
1704 2156 1804 2191 unde

294 2221 432 2255 essent,
456 2213 645 2262 ignorasse
666 2229 792 2263 neque
813 2217 958 2252 discere
980 2231 1143 2254 curasse.

348 2278 512 2313 Miretur
538 2278 632 2325 quis,
655 2279 867 2315 Fabricium
896 2280 935 2315 in
962 2281 1062 2316 Bibl.
1085 2282 1149 2317 Gr.
1179 2283 1252 2317 vol.
1277 2295 1303 2317 1.
1334 2296 1368 2330 p.
1387 2283 1476 2330 926.
1499 2284 1696 2323 affirmare,
1725 2283 1803 2319 edi-

295 2341 437 2376 tionem
461 2341 681 2383 Parisinam,
704 2343 749 2378 de
772 2356 847 2390 qua
872 2357 975 2379 nunc
1003 2357 1127 2380 sermo
1148 2346 1258 2380 nobis
1285 2357 1351 2386 est,
1375 2347 1555 2394 prodiisse
1584 2360 1627 2382 ex
1657 2347 1806 2382 officina

295 2404 494 2441 Michaelis
524 2405 672 2447 Sonnii,
701 2420 786 2442 cum
812 2408 1021 2455 Dionysius
1051 2417 1179 2444 tamen
1209 2410 1418 2444 Lambinus
1447 2410 1541 2458 ipse,
1564 2410 1626 2457 qui
1658 2419 1806 2459 poterat

295 2469 349 2503 rei
375 2477 503 2517 gestae
525 2469 629 2505 testis
655 2483 735 2506 esse
764 2472 1008 2511 certissimus,
1033 2484 1115 2507 eam
1141 2474 1339 2508 Benenato
1367 2473 1521 2514 tribuat,
1545 2487 1619 2521 quo
1646 2474 1804 2516 factum,

298 2540 338 2567 ut
359 2545 380 2567 a
399 2533 561 2580 Tayloro
583 2534 740 2581 aliisque
762 2534 950 2571 Benenati
973 2536 1087 2571 editio
1109 2537 1333 2584 appelletur.
1383 2537 1556 2573 Eximam
1578 2538 1679 2573 hunc
1700 2551 1806 2574 scru-

298 2597 440 2644 pulum.
498 2596 597 2632 Sunt
629 2610 745 2645 penes
779 2611 839 2634 nie
874 2599 948 2634 duo
983 2600 1213 2647 exemplaria
1243 2601 1435 2637 Parisinae
1469 2602 1580 2650 hujus
1616 2601 1805 2643 editionis,

298 2661 394 2696 inter
420 2674 459 2696 se
487 2662 599 2697 rebus
627 2663 802 2698 omnibus
831 2671 979 2711 praeter
1004 2663 1157 2699 titulum
1189 2664 1393 2700 simillima.
1452 2665 1494 2700 Iu
1523 2665 1678 2700 alterius
1698 2667 1808 2702 titulo

299 2725 531 2772 conspicitur
560 2726 708 2774 signum
740 2727 892 2762 Adriani
919 2728 1102 2769 Turnebi,
1131 2729 1282 2776 thyrsus
1312 2742 1436 2777 angue
1464 2729 1693 2777 implicatus,
1721 2741 1807 2764 cum

300 2788 598 2835 subscriptione:
629 2793 768 2831 βασιλεῖ
794 2790 822 2825 τ’
843 2792 956 2839 ἀγαθῷ
982 2795 1128 2839 κρατερῷ
1148 2792 1176 2826 τ’
1198 2794 1342 2838 αἰχμητῇ
1372 2793 1547 2828 Lutetiae
1577 2802 1686 2839 1570.
1709 2793 1808 2839 apud

300 2852 488 2886 ‚loannem
512 2853 765 2889 Benenatum.
814 2855 980 2890 Alterius
1002 2857 1228 2903 exemplaris
1249 2857 1360 2892 titulo
1385 2856 1623 2903 suppositum
1647 2862 1702 2889 est
1723 2867 1807 2890 scu—

303 2923 382 2948 tum
414 2915 636 2960 quadratum
670 2930 754 2952 cum
786 2919 958 2954 basilisco
990 2932 1009 2954 e
1038 2920 1201 2955 fiammis
1235 2928 1459 2969 exsurgente
1490 2930 1617 2954 versus
1648 2917 1808 2966 digitum
