1934 3179
305 137 389 174 324
857 135 970 175 PRO
1003 134 1254 175 CORONA.

302 240 525 293 polationis
552 240 801 280 documenta
826 246 873 280 ut
905 255 985 279 non
1013 241 1198 280 dubitem
1228 241 1268 280 in
1295 256 1436 281 eorum
1462 242 1686 284 concedere
1717 259 1805 285 seu-

301 296 492 343 tentiam,
514 296 581 348 qui
613 296 711 335 ficta
742 310 791 335 ea
822 296 960 335 omnia
992 311 1081 335 esse
1109 297 1374 348 judicarunt:
1408 299 1461 337 ab
1484 313 1565 351 qua
1595 300 1804 341 sententia

303 351 522 391 Dobraeus
548 366 710 404 quoque
741 351 927 404 proxime
957 352 1104 399 abfuit,
1128 367 1253 405 quum
1284 353 1422 393 onmia
1441 354 1540 406 fere
1566 355 1734 396 decreta
1763 356 1804 395 in

301 407 377 446 hac
410 407 597 447 oratione
628 407 759 447 citata
790 407 930 460 spuria
961 422 1050 447 esse
1081 408 1206 447 videri
1239 409 1548 461 pronunciaret.
1611 411 1804 451 Ceterum

301 463 530 502 notandum
552 468 616 502 est
634 477 739 515 quae
760 462 927 502 recitari
944 463 1129 515 jusserat
1149 463 1450 504 Demosthenes
1472 480 1552 504 non
1575 481 1648 518 per
1668 472 1804 506 totam

301 518 529 558 orationem
564 518 753 571 suppleta
785 519 838 557 ab
869 518 1169 572 interpolatore
1204 534 1305 563 esse,
1338 520 1415 559 nisi
1444 521 1534 573 quis
1560 536 1666 574 quae
1697 537 1804 562 nunc

302 574 453 613 desunt
475 579 660 613 veterum
681 574 943 613 librariorum
964 575 1085 627 culpa
1118 574 1317 614 excidisse
1345 576 1512 615 credere
1539 577 1671 622 malit,
1693 578 1803 630 quod

300 643 382 668 non
404 634 544 682 potest
565 629 619 668 ad
647 629 847 682 liquidum
877 630 1060 682 perduci.
1122 630 1424 671 Desiderantur
1443 636 1583 671 autem
1606 632 1804 685 epistolae

301 684 406 724 duae
436 686 473 736 ξ.
499 687 591 725 268.
617 688 725 732 280.‚
751 685 964 737 responsio
993 686 1287 725 Thebanorum
1316 688 1351 740 ξ.
1382 699 1488 737 271..
1522 687 1804 741 psephismata

302 741 338 790 ξ.
365 743 457 791 276.
482 742 574 782 281.

360 809 451 848 235,
476 810 507 835 1.
529 799 803 850 ΨΗΦΙΣΜΑ]
840 798 959 847 Quod
991 803 1206 838 senserant
1237 797 1364 838 etiam
1394 798 1475 846 alii,
1506 814 1636 852 nuper
1665 799 1803 839 claris—

299 852 401 890 sime
437 852 620 892 ostendit
658 853 890 892 Boeckhius
926 853 967 892 in
1005 854 1180 893 Dissert.
1210 854 1260 893 de
1294 854 1499 894 Archont.
1532 855 1730 908 pseudon.
1761 862 1803 895 et

304 907 546 946 Winiewski
568 908 607 946 in
626 908 945 948 Commentariis
968 910 1062 955 suis.
1087 910 1162 948 hoc
1184 909 1419 963 psephisma
1440 910 1606 949 omnino
1626 910 1803 950 alienum

298 977 386 1002 esse
415 964 468 1002 ab
500 964 576 1002 hoc
606 964 707 1003 loco.
770 965 1101 1019 [Schoemannus
1123 979 1227 1017 quae
1249 965 1412 1005 dixerat
1433 966 1483 1004 de
1514 966 1652 1006 comit.
1674 981 1712 1019 p.
1736 978 1801 1018 92.

299 1031 365 1071 93.
402 1019 528 1072 (plag.
564 1019 648 1069 F).
680 1020 929 1059 retractavit
964 1020 1109 1073 Antiq.
1143 1021 1253 1073 publ.
1285 1035 1324 1073 p.
1356 1020 1470 1074 222]
1536 1022 1638 1060 Cum
1675 1022 1803 1061 venis-

298 1079 391 1114 sent
412 1074 536 1128 legati
562 1075 752 1128 Philippi.
776 1076 838 1114 bis
863 1076 1031 1115 comitia
1062 1076 1199 1129 populi
1232 1075 1376 1115 habita
1407 1081 1528 1122 sunt3
1562 1077 1740 1129 primum
1761 1078 1800 1116 d.

303 1133 363 1169 18.
394 1130 595 1182 Elapheb.
630 1131 681 1170 de
717 1145 817 1184 pace
850 1131 1038 1171 facienda
1071 1131 1357 1176 deliberatum.
1391 1132 1538 1171 deinde
1563 1133 1601 1171 d.
1634 1146 1691 1182 u).
1720 1148 1801 1186 pax

296 1200 389 1224 cum
418 1186 584 1225 foedere
614 1187 859 1226 confirmata
889 1191 964 1231 est.
994 1192 1164 1239 tumque
1195 1187 1321 1226 etiam
1353 1187 1403 1225 de
1434 1187 1582 1240 legatis
1615 1188 1802 1227 creandis

296 1241 524 1294 cogitatum
550 1241 724 1287 videtur.
749 1242 817 1294 qui
848 1257 873 1281 a
906 1242 1098 1295 Philippo
1129 1243 1419 1295 jusjurandum
1452 1242 1676 1296 exigerent,
1699 1258 1801 1296 quos

295 1297 333 1335 d.
365 1309 430 1347 23.
463 1297 613 1336 mensis
644 1298 731 1350 jam
767 1303 929 1337 creatos
964 1298 1088 1337 fuisse
1122 1297 1348 1337 Aeschines
1384 1298 1592 1351 significat
1627 1299 1676 1338 de
1711 1300 1800 1339 fals.

295 1352 418 1405 legat.
443 1368 481 1405 p.
505 1366 571 1406 39.
594 1358 636 1392 et
656 1367 724 1402 40.
786 1354 888 1393 Cum
909 1358 1049 1393 autem
1073 1353 1113 1391 hi
1142 1368 1216 1405 per
1238 1358 1373 1392 totum
1394 1353 1598 1405 reliquum
1619 1368 1800 1394 mensem

295 1408 474 1447 Athenis
502 1414 776 1455 morarentur„
801 1409 839 1447 d.
863 1422 901 1461 3.
928 1409 1220 1461 Munychionis
1242 1414 1305 1448 est
1329 1424 1354 1448 a
1376 1409 1657 1449 Demosthene
1685 1424 1799 1450 sena-

294 1464 598 1503 tusconsultum
629 1464 842 1517 scriptum.
867 1469 913 1504 ut
937 1464 1298 1517 proficiscerentur
1319 1479 1442 1516 quam
1473 1464 1714 1504 brevissima
1736 1466 1800 1505 via

293 1519 347 1558 ad
378 1534 528 1573 regem.
552 1520 601 1558 cf.
621 1520 814 1558 Aeschin.
838 1520 862 1558 l.
886 1535 920 1559 (³.
942 1535 980 1572 p.
1003 1534 1070 1570 40.
1097 1525 1140 1559 et
1166 1520 1383 1559 Demosth.
1414 1520 1464 1559 de
1494 1520 1582 1559 fals.
1609 1520 1731 1573 legat.
1759 1536 1797 1574 p.

293 1577 388 1627 389.
452 1576 592 1628 Atque
621 1575 697 1613 hoc
719 1581 782 1614 est
804 1576 913 1629 quod
942 1590 1048 1614 nunc
1079 1575 1255 1614 scribam
1283 1575 1457 1614 recitare
1484 1576 1617 1627 jubet.
1679 1576 1798 1625 Quod

294 1644 389 1669 vero
412 1645 486 1683 pro
508 1645 555 1669 eo
577 1631 641 1669 hic
662 1630 847 1684 legimus„
865 1631 1099 1683 psephisma
1121 1635 1289 1670 senatus
1311 1636 1352 1669 et
1374 1630 1512 1683 populi
1534 1637 1598 1670 est
1619 1631 1669 1669 de
1691 1631 1798 1684 lega-

293 1686 347 1725 tis
382 1686 581 1733 creandis,
617 1688 771 1725 factum
809 1686 1188 1725 Hecatombaeone.
1252 1686 1299 1724 In
1336 1686 1694 1725 senatusconsulto
1730 1687 1797 1725 de-

293 1747 451 1781 cretum
483 1747 573 1781 erat
605 1746 650 1781 ut
678 1742 892 1781 Proxenus
923 1746 1092 1794 praetor
1123 1741 1281 1794 legatos
1311 1741 1545 1785 deduceret.
1574 1742 1624 1780 cf.
1648 1742 1797 1780 Demo-

293 1797 428 1836 sthen.
452 1797 502 1836 de
527 1797 616 1836 fals.
645 1798 768 1850 legat.
795 1812 834 1849 p.
857 1798 966 1849 389..
989 1797 1054 1836 hic
1085 1797 1203 1836 abest
1234 1796 1354 1849 plane
1384 1797 1505 1849 hujus
1536 1797 1593 1836 rei
1624 1797 1794 1837 mentio.

296 1852 442 1906 Legati
466 1853 533 1905 qui
559 1852 881 1905 Elaphebolione
906 1852 1034 1892 creati
1063 1857 1159 1891 sunt
1187 1852 1327 1891 decem
1353 1857 1484 1898 erant,
1507 1852 1555 1891 cf.
1580 1852 1796 1892 Demosth.

294 1908 317 1946 l.
342 1908 411 1948 cit.
434 1923 473 1961 p.
496 1911 589 1958 376.
617 1914 659 1948 et
686 1913 732 1947 ut
758 1908 922 1947 videtur
950 1908 1085 1953 iidem„
1115 1907 1184 1960 qui
1220 1907 1400 1960 priorem
1432 1907 1681 1960 legationem
1713 1908 1798 1947 obi-

293 1969 426 2003 erant.
489 1964 676 2003 Fuerant
701 1968 842 2003 autem
868 1963 910 2002 hi
939 1963 979 2002 in
1010 1963 1146 2016 priore
1170 1963 1400 2015 legatione:
1439 1963 1676 2015 Ctesiphon,
1702 1963 1795 2002 Ari-

291 2020 515 2064 stodemus,
541 2020 751 2066 Iatrocles,
775 2019 931 2065 Cimon,
963 2019 1188 2064 Nausicles,
1214 2018 1439 2071 Dercyllus,
1465 2018 1673 2070 Phrynon,
1698 2019 1795 2058 Phi-

290 2075 481 2122 locrates,
502 2075 743 2121 Aeschines,
767 2074 1082 2121 Demosthenes,
1105 2074 1155 2114 cf.
1175 2075 1350 2127 Argum.
1374 2074 1591 2113 Demosth.
1610 2074 1728 2113 Orat.
1744 2075 1795 2114 de

291 2130 376 2169 fals.
402 2131 525 2184 legat.
589 2130 669 2169 Sed
701 2129 741 2168 in
776 2129 990 2182 proposito
1023 2130 1191 2169 decreto
1223 2134 1321 2169 sunt
1353 2129 1520 2168 omnino
1542 2128 1722 2182 quinque
1751 2135 1795 2170 et

292 2200 433 2225 omnes
469 2186 535 2225 alii
569 2190 737 2238 praeter
760 2185 1020 2224 Aeschinem.
1084 2184 1273 2237 Denique
1304 2199 1385 2238 pax
1417 2184 1485 2224 illa
1510 2184 1678 2224 decreta
1703 2190 1794 2225 erat

292 2241 331 2279 d.
352 2254 412 2289 Io.
433 2242 633 2293 Elapheb.
652 2241 692 2279 in
715 2240 903 2279 secundis
922 2240 1098 2280 comitiis
1120 2240 1336 2293 prytaniae
1357 2239 1491 2279 tribus
1509 2239 1791 2288 Pandionidis,

291 2296 356 2334 hic
378 2310 473 2335 vero
496 2297 664 2335 decreta
694 2310 775 2347 pax
801 2295 952 2334 dicitur
978 2297 1020 2334 ἐν
1042 2298 1086 2343 τῇ
1113 2296 1243 2349 πρώτῃ
1272 2296 1466 2347 ἐκκλησίᾳ,
1489 2309 1563 2334 nec
1593 2309 1792 2335 memora—

292 2356 362 2390 tur
382 2351 507 2390 etiam
530 2353 741 2402 συμμαχία,
765 2364 869 2402 quae
896 2350 951 2389 illi
979 2350 1069 2403 paci
1100 2350 1323 2402 conjuncta
1349 2350 1496 2389 fuerat.
1561 2351 1676 2400 Quae
1700 2365 1792 2390 cum

292 2406 352 2445 ita
383 2406 482 2453 sint,
509 2405 762 2459 permutatio
802 2405 1127 2458 psephismatum
1162 2405 1361 2444 accidisse
1391 2405 1554 2444 videtur
1584 2405 1793 2445 Boeckhio

292 2462 317 2499 l.
348 2461 418 2501 cit.
446 2466 489 2501 et
512 2461 783 2500 &Viniewskio
814 2476 852 2513 p.
881 2462 932 2499 86
960 2475 1070 2513 seqq.
1099 2465 1140 2499 et
1171 2475 1210 2513 p.
1238 2473 1333 2513 320.
1400 2460 1616 2501 Pertinere
1651 2466 1791 2500 autem

290 2531 485 2569 praesens
506 2516 741 2569 psephisma
762 2520 913 2569 putant
934 2516 987 2555 ad
1008 2516 1129 2555 aliam
1151 2530 1306 2568 pacem.
1323 2530 1427 2568 quae
1450 2516 1510 2556 Ol.
1532 2530 1545 2555 1
1564 2530 1620 2564 10,
1642 2529 1676 2555 2.
1700 2530 1791 2556 cum

292 2573 483 2625 Philippo
503 2573 614 2611 facta
635 2572 690 2611 sit
710 2576 806 2624 post
829 2571 1073 2624 Byzantium
1095 2571 1307 2610 obsidione
1338 2571 1569 2611 liberatum.
1634 2572 1791 2611 Memo-

290 2633 356 2667 rat
378 2642 468 2667 eam
493 2628 700 2667 Diodorus
724 2630 784 2675 16,
809 2638 872 2678 77.
897 2632 938 2666 et
960 2626 1065 2666 dixit
1087 2627 1136 2665 de
1157 2641 1205 2666 ea
1228 2626 1368 2665 multis
1388 2627 1521 2666 verbis
1545 2627 1791 2666 &Viniewski

290 2698 327 2736 p.
354 2685 430 2724 228
460 2698 573 2735 seqq.
637 2685 701 2722 Ac
735 2687 909 2735 possunt
944 2682 1039 2721 hinc
1073 2682 1267 2734 explicari
1299 2683 1423 2721 verba
1464 2682 1789 2735 psephismatum

289 2754 327 2791 p.
354 2739 444 2781 282,
471 2742 562 2792 283.
586 2739 636 2777 de
667 2752 766 2791 pace
793 2737 946 2777 violata
975 2752 1000 2777 a
1029 2737 1234 2791 Philippo.
1296 2737 1377 2776 Sed
1412 2738 1466 2777 ab
1501 2738 1634 2777 altera
1670 2742 1790 2790 parte

289 2794 416 2833 taceri
451 2808 530 2832 non
564 2794 688 2833 debet
722 2807 796 2833 nee
829 2807 854 2833 a
887 2793 1133 2831 Philochoro
1166 2793 1276 2845 apud
1310 2792 1480 2843 Dionys.
1510 2793 1644 2846 Epist.
1672 2806 1707 2832 1.
1735 2793 1789 2832 ad

290 2849 536 2888 Ammaeum
564 2863 597 2887 c.
624 2863 685 2887 ll.
717 2863 789 2887 nec
825 2863 849 2887 a
881 2848 1161 2887 Demosthene
1196 2852 1239 2886 et
1276 2848 1483 2887 Aeschine
1519 2849 1640 2900 hujus
1676 2848 1788 2900 pacis

288 2904 537 2943 mentionem
583 2904 683 2951 fieri,
726 2904 850 2942 immo
891 2903 1192 2943 Demosthenes
1234 2904 1378 2954 §.185
1418 2917 1529 2955 seqq.
1567 2903 1787 2943 manifesto
