1935 3205
639 147 714 187 DE
749 146 1122 188 HALONNESO.
1556 152 1635 191 153

182 254 247 306 85
268 265 304 303 7.
327 253 481 301 δῆλον
465 269 512 293 ως
524 253 784 303 *γενομένης
805 253 846 292 δὲ
867 268 932 301 της
955 251 1125 306 εἰρηνης]
1163 252 1216 291 ll
1207 268 1280 293 aec
1299 252 1490 293 Tiberius
1514 269 1551 307 p.
1566 266 1633 304 42.

127 306 185 347 sic
213 309 281 348 cit·
284 314 341 348 tt:
374 311 494 357 δῆλον
525 310 598 375 γὰρ
630 309 678 349 ὡς
708 308 1086 359 προκεχειρισμένων
1121 310 1182 348 καὶ
1214 311 1376 358 ἑτοίμων
1407 311 1531 349 ὄντων
1561 314 1636 350 τῶν

126 364 297 416 ἀγαθῶν,
326 365 546 413 εμέλλομεν
568 363 626 403 ὑπ
647 366 807 410 ἑκείιου,
834 368 898 413 της
928 364 1077 414 εἰρηνης
1108 380 1324 416 γιιυμειης·
1359 366 1564 416 γινομένης
1592 368 1633 406 δὲ

126 436 192 470 της
221 421 381 471 εἱρηνης.
446 420 601 460 Vwitc:
637 421 825 459 nimirum
841 421 970 483 'quasi
1000 421 1044 459 in
1068 427 1233 484 2210me
1259 428 1487 474 ραιαῖατμιι
1516 429 1634 462 essent

126 476 236 522 bona
254 491 355 529 quae
366 477 600 530 pezccptam'
619 490 792 523 essemus
811 476 950 529 δέρων
970 477 1262 517 convenisset
1299 478 1362 517 SC
1372 477 1537 517 HAEI
1547 478 1631 518 ER.

185 536 250 585 ὃς,
275 547 334 572 10.
369 534 541 572 ἐκποδώι
554 532 560 585 Ι
599 533 912 572 A11ec‹l.l3d<l‹.
941 548 978 586 p.
1006 546 1097 584 244
1125 547 1183 572 ιο.
1206 533 1431 574 Ἐκποδώνῑ
1467 535 1631 586 ἀφανης,

127 590 167 628 ἐκ
188 590 322 638 μέσου.
372 589 607 629 Sensim<
615 589 702 627 ER.

185 647 249 696 85,
281 648 340 685 16.
372 648 418 685 τὰ
447 646 580 708 μέντοι
613 644 997 696 εὐεργετήματα-αὶ
1030 646 1166 695 δωρεαὶ
1199 645 1378 699 ἔσονται]
1422 646 1538 686 Citat
1566 646 1633 685 Ti-

126 701 264 740 btrius
287 717 326 754 p.
345 715 411 754 34.
429 701 486 740 si(
509 701 653 754 script·
657 716 694 740 L:
727 703 774 739 τὰ
795 700 928 750 μέντοι
949 701 1147 741 Φιλίππου
1170 702 1455 752 εὐεργετηματα
1475 719 1635 742 τοιαυτα

127 758 249 797 ἔσται
283 775 369 798 ΟῙΙΤΕ
391 775 438 797 Ta
458 758 624 808 ὑμΕΤΕρα
643 759 732 806 ὑμῖί)
750 757 878 798 al'ffots
899 758 1106 804 ἀποδώσει,
1128 759 1215 797 ΟὔΤΕ
1239 759 1282 797 ἐν
1303 775 1348 813 ΤΊ]
1371 776 1574 813 ΟΛΚΟυμενῃ
1595 761 1635 799 αἱ

124 814 228 862 τιμαὶ
250 814 420 853 ἔσονται.
463 814 517 853 ad
540 828 576 866 q
597 813 621 852 l.
642 812 949 852 Boissonadus:
987 812 1077 850 “V-
1069 820 1130 853 tt.
1150 828 1231 853 non
1252 813 1397 863 μέν.τοι
1440 816 1487 853 U
1479 814 1532 854 Ll.
1552 829 1633 854 non

126 870 295 911 αὐτοῖς.”
335 869 442 909 SCH
452 869 571 908 AEF
580 869 611 908 F]
617 869 666 908 R.

183 927 250 978 85,
272 938 331 976 ¹7-
349 927 392 975 τῇ
411 925 634 979 οἰκουμένῃ]
665 924 720 964 Il.
738 924 764 965 l.
782 924 832 964 de
849 930 941 965 tota
961 925 1139 965 Graecia
1162 925 1491 977 intelligendum.
1508 941 1634 979 quam

124 981 209 1021 late
241 981 393 1035 patuit.
456 981 523 1021 Sic
555 981 682 1021 etiam
709 996 748 1034 p.
778 994 870 1032 242,
898 994 931 1020 1.
975 981 1231 1021 scholiastes
1267 982 1320 1022 ad
1356 983 1631 1035 .›x1-ist01›han.

126 1037 269 1091 Equit.
293 1048 385 1091 739.
413 1041 550 1088 λοιμοῦ
571 1038 641 1087 τὴν
661 1041 794 1076 πᾶσαν
817 1039 1081 1090 κατασχόντος
1102 1037 1341 1088 οἰκουμένην.
1396 1039 1449 1079 V.
1471 1039 1515 1078 L.
1538 1039 1631 1079 Bos.

128 1093 273 1147 Ellips.
296 1109 335 1147 p.
357 1107 455 1147 431.
503 1094 608 1134 SOH
619 1094 653 1132 A
664 1093 832 1132 EFER.

183 1152 248 1202 85,
273 1155 333 1189 18.
364 1152 428 1190 ἵνα
456 1149 506 1200 μὴ
532 1148 747 1203 διαβληθῇ]
792 1149 853 1188 Ne
883 1149 995 1202 apud
1027 1150 1211 1189 Graecos
1244 1149 1483 1201 (Thessalos
1515 1156 1631 1204 puta,

126 1205 361 1254 Thebanos,
399 1206 644 1254 Messenios,
677 1205 796 1257 alios)
832 1205 872 1244 in
909 1205 1158 1245 calumniam
1192 1212 1320 1258 atque
1357 1207 1633 1260 suspicionem

124 1261 276 1308 veniat.
293 1262 411 1315 quasi
428 1263 517 1316 jam
540 1277 620 1301 non
638 1261 818 1315 amplius
837 1262 877 1301 in
895 1262 1084 1301 fraudem
1103 1261 1423 1301 Atheniensium
1446 1268 1632 1303 acturus.

126 1317 286 1357 FRAN
294 1319 345 1357 K.

183 1376 247 1426 85,
274 1387 338 1414 21.
368 1376 453 1426 περὶ
475 1373 504 1413 δ’
523 1375 825 1427 οἷν-ἐχόντων]
864 1373 895 1413 1.
919 1387 953 1413 e.
977 1374 1078 1424 περὶ
1100 1375 1139 1413 δὲ
1162 1378 1238 1413 τῶν
1259 1376 1423 1426 χωρίων,
1448 1375 1633 1426 ἂ-εἴλη-

123 1436 199 1480 φεν
229 1431 393 1494 ὑμέτερα
423 1432 527 1470 ὄντα.
591 1430 775 1471 Castella
806 1434 961 1475 autem.
989 1444 1165 1483 quorum
1194 1430 1233 1469 h.
1262 1430 1287 1470 l.
1316 1431 1471 1471 mentio
1502 1432 1562 1480 fit,
1591 1432 1632 1471 in

122 1500 170 1525 01
173 1501 198 1526 ι
228 1486 432 1527 'lhraciae
469 1487 551 1526 sita
587 1500 714 1539 quum
751 1501 833 1525 non
870 1485 1204 1533 Atheniensium,
1243 1487 1315 1525 sed
1352 1502 1495 1526 eorum
1531 1488 1631 1527 socii

124 1542 419 1596 Cersobleptis,
443 1543 553 1597 regis
576 1543 663 1582 Thr
666 1557 799 1584 acum
824 1547 976 1589 essent
998 1548 1141 1582 tamen
1164 1542 1485 1582 Atheniensium
1514 1559 1632 1597 plae-

123 1597 227 1637 sidio
248 1599 417 1639 finnata
440 1613 485 1638 e1
487 1604 574 1639 ant
619 1600 679 1639 Of.
706 1585 885 1652 Philipp.
911 1599 994 1639 ῙΙΙ.
1018 1613 1056 1652 p.
1078 1612 1168 1649 114.
1218 1598 1309 1638 FR
1308 1599 1437 1638 xNK.

181 1659 245 1708 255,
272 1666 334 1705 27.
365 1657 437 1695 τίνι
461 1657 551 1705 μηιὶ
577 1656 638 1695 καὶ
660 1657 734 1695 τίνι
754 1654 895 1708 ἡμέρα]
931 1654 1274 1708 Elaphebolionis
1296 1655 1362 1694 die
1386 1668 1447 1707 19.
1470 1655 1555 1695 sive
1580 1668 1632 1697 20

125 1711 273 1750 Martii
286 1725 376 1765 pax
396 1717 431 1752 et
450 1712 610 1752 societas
632 1712 672 1751 ἱη
691 1712 868 1751 concione
883 1710 1053 1750 Athones
1063 1712 1185 1763 facta
1206 1717 1241 1750 et
1262 1712 1507 1763 confirmata.
1527 1713 1631 1766 ejus-

123 1767 299 1820 demque
329 1767 483 1807 mensis
510 1767 575 1807 die
604 1780 656 1817 24
684 1767 768 1807 sive
803 1779 851 1820 25
883 1767 1031 1807 Martii
1064 1767 1339 1820 jurejurando
1375 1776 1521 1807 mutuo
1558 1783 1632 1822 per

123 1823 285 1877 legatos
311 1823 422 1878 regis
449 1829 598 1864 exacto
630 1838 713 1877 pax
740 1823 968 1876 foedusque
999 1823 1207 1863 sancitum
1237 1829 1301 1864 est
1327 1829 1370 1863 et
1395 1824 1541 1863 eodem
1564 1825 1631 1864 die

122 1884 197 1919 aut
226 1880 429 1933 postridie
452 1879 754 1927 Hieron-Oros,
778 1894 860 1932 quo
883 1879 1175 1933 Cersobleptes
1201 1881 1462 1933 confugerat,
1486 1896 1510 1920 a
1535 1881 1631 1919 Phi-

122 1934 234 1989 lippo
270 1935 930 1991 expugnatum.—Munychi0nis
959 1948 999 1989 3.
1031 1936 1098 1975 die
1131 1935 1216 1975 sive
1250 1936 1411 1989 Aprilis
1436 1949 1471 1976 2.
1503 1936 1630 1990 legati

124 1991 447 2032 Atheniensium
468 1993 603 2032 denuo
625 1991 801 2045 profecti
824 1996 934 2031 sunt.
990 1991 1280 2045 Thargelionis
1301 1991 1367 2031 die
1386 2004 1449 2031 22.
1468 1992 1554 2032 sive
1579 2005 1624 2032 21

124 2047 228 2087 Maii
259 2048 428 2088 castellis
450 2047 657 2088 Thraciae
685 2047 937 2101 expugnatis
967 2052 1011 2087 et
1041 2047 1311 2101 Cersoblepte
1342 2047 1505 2088 devicto
1536 2062 1630 2088 cum

122 2103 307 2157 ejusdem
341 2104 426 2144 filio
461 2104 605 2144 obside
643 2103 863 2157 Philippus
898 2103 1057 2143 Pellam
1094 2103 1247 2148 rediit;
1295 2103 1629 2157 Scirophorionis

122 2160 171 2210 (J
175 2159 276 2211 unii)
301 2160 421 2200 initio
445 2160 593 2200 Pheris
614 2159 703 2213 ipse
719 2160 961 2213 juramento
982 2173 1128 2213 pacem
1151 2159 1303 2199 sanxit.
1350 2159 1537 2200 VoEM.

178 2217 253 2256 τίνι
274 2216 410 2270 ἡμέρᾳ]
442 2216 526 2256 Alii
549 2215 643 2256 libri
666 2219 757 2269 ποίᾳ
777 2216 909 2269 ἡμέρᾳ,
928 2222 971 2255 et
993 2220 1107 2255 reete
1128 2216 1321 2256 fortasse.
1366 2216 1563 2256 Aeschin.
1577 2217 1629 2256 de

121 2272 150 2311 f.
172 2271 248 2326 leg.
272 2287 310 2325 p.
333 2284 401 2326 57.
426 2273 538 2325 (416.
563 2271 721 2324 Reisk.)
747 2286 772 2312 a
807 2271 993 2312 Frankio
1024 2278 1305 2325 comparatus,
1334 2272 1542 2323 ἀνάγνωθι,
1567 2274 1629 2313 ἐπὶ

122 2330 244 2370 τίνος
271 2329 461 2380 ἄρχοντος
485 2328 546 2368 καὶ
572 2329 703 2368 ποίου
730 2328 850 2379 μηνὸς
873 2329 934 2368 καὶ
956 2330 999 2368 ἐν
1019 2329 1109 2368 τίνι
1134 2329 1256 2382 ἡμέρᾳ
1277 2328 1338 2368 καὶ
1361 2329 1404 2368 ἐν
1428 2330 1542 2382 ποίᾳ
1571 2330 1628 2369 ἐκ-

123 2385 264 2437 κλησίᾳ
285 2384 558 2437 ἐχειροτονήθη
581 2402 612 2423 κ.
629 2401 661 2423 τ.
679 2390 717 2423 λ.

179 2441 245 2487 86,
266 2451 306 2493 5.
328 2440 395 2480 τὸν
414 2442 487 2490 μὲν
505 2439 744 2494 Καρύστιον]
780 2440 862 2479 Res
884 2454 1054 2493 prorsus
1075 2440 1222 2495 ignota
1244 2448 1332 2486 est;
1370 2440 1442 2479 sed
1464 2439 1497 2479 si
1519 2440 1628 2480 hari-

122 2495 226 2535 olari
256 2495 364 2543 licet,
389 2495 607 2550 Philippus
627 2495 792 2535 videtur
812 2495 949 2535 turbis
971 2509 1019 2535 eo
1041 2501 1230 2549 tempore
1258 2495 1300 2535 in
1323 2496 1496 2535 Euboea
1522 2495 1628 2536 exci-

120 2551 225 2592 tatis
247 2565 374 2604 quum
396 2552 602 2592 Geraesto
626 2565 756 2605 prope
778 2551 1002 2605 Carystum
1028 2551 1296 2591 insidiaretur
1320 2553 1372 2602 (v.
1394 2550 1573 2604 Philipp.
1595 2551 1627 2591 Ι.

120 2622 160 2661 p.
174 2609 259 2660 49.)
284 2607 406 2660 hujus
436 2607 551 2647 urbis
582 2607 762 2647 incolam
783 2607 1004 2660 quendam,
1032 2607 1353 2647 Atheniensium
1384 2620 1626 2659 proxenum,

121 2662 390 2703 interfecisse.
459 2663 676 2714 Καρύστιον
713 2663 821 2702 enim
857 2667 1056 2716 putamus
1091 2662 1218 2702 etiam
1245 2662 1282 2701 h.
1306 2662 1331 2701 l.
1357 2675 1447 2701 esse
1478 2675 1627 2702 nomen

120 2718 288 2772 gentile.
324 2717 512 2758 VOEM.

178 2776 244 2822 86,
267 2776 304 2814 6.
331 2772 539 2827 πρόξενον]
573 2774 757 2824 πρόξενός
786 2775 893 2812 ἐστιν
916 2775 935 2812 ὁ
962 2773 1178 2823 προστάτης
1211 2774 1253 2812 ἐν
1274 2776 1319 2827 τῇ
1348 2773 1485 2812 ἑαυτοῦ
1513 2772 1627 2814 πόλει

121 2831 245 2879 ἄλλης
265 2832 428 2871 πόλεως.
462 2829 596 2869 Schol.
623 2829 733 2882 Aug.
792 2829 922 2868 Recte
944 2843 1153 2881 proxenus
1175 2843 1199 2868 a
1222 2828 1449 2868 scholiasta
1470 2828 1627 2869 dicitur

123 2900 143 2924 e
173 2885 403 2939 peregrinis
431 2885 587 2925 civibus
617 2884 773 2925 electus
797 2898 897 2931 esse.
923 2898 1055 2937 neque
1080 2884 1194 2924 urbis
1225 2884 1350 2924 fuisse
1376 2883 1486 2932 civis,
1510 2884 1625 2938 cujus
