1935 3205
607 141 683 181 DE
715 140 1117 182 OHERSONESO.
1535 142 1617 182 157

110 247 165 288 tis
201 248 355 289 Etesiis
394 248 639 302 Byzantium
682 247 910 294 invaderet,
945 260 1026 299 quo
1063 250 1251 298 tempore
1291 243 1619 284 Atheniensibus

109 305 341 358 opitulandi
372 305 551 345 facultas
581 304 693 344 nulla
723 309 834 344 esset
863 303 1018 342 futura.
1086 300 1251 341 Etesias
1281 306 1420 341 autem
1459 301 1619 341 oriente

109 375 212 401 cane
234 361 414 414 spirasse
435 361 537 401 satis
559 367 738 401 constat.

166 423 190 439 “
211 417 314 457 Post
343 417 574 457 orationem
600 417 652 457 de
674 417 873 458 Uherson.
893 414 1127 454 orationem
1152 413 1331 466 Philipp.
1359 413 1438 452 lll.
1463 412 1618 467 Diony-

109 473 195 512 sius
219 473 316 513 Hal.
341 473 366 512 l.
391 489 424 513 c.
447 472 680 513 constituit.
746 472 862 512 lllam
887 470 1191 511 Demosthenes
1222 469 1370 509 habuit
1400 469 1453 508 ad
1483 470 1619 508 defen-

108 529 288 569 dendum
331 530 586 583 Diopithem,
626 527 944 570 Atheniensium
985 527 1026 566 in
1067 527 1326 567 Chersoneso
1367 531 1617 579 praetorem,

107 591 254 626 contra
288 586 599 626 criminationes
635 584 829 639 Philippi.
900 584 939 623 Is
973 583 1082 623 enim
1115 582 1322 622 conducto
1357 596 1433 622 sua
1469 587 1620 635 sponte

108 642 457 682 mercenariorum
479 642 667 682 exercitu
689 646 733 682 et
753 655 868 681 mare
890 638 1118 680 latrociniis
1145 639 1377 679 infestabat
1400 638 1471 688 (de
1493 638 1620 678 Cher—

107 712 193 737 son.
217 713 257 752 p.
279 701 367 751 92),
396 699 721 752 incursabatquc
748 696 992 744 Cardianos,
1022 694 1342 735 Atheniensium
1375 694 1415 733 in
1445 694 1618 735 Cherso-

107 769 206 793 neso
226 769 276 794 ex
300 755 486 808 pristinis
508 754 765 807 temporibus
790 751 1067 793 adversarios.
1132 751 1212 790 His
1238 750 1519 804 patrocinium
1546 751 1618 790 im—

107 811 369 863 plorantibus
406 811 622 865 Philippus
657 810 798 864 copias
833 808 1057 849 auxiliares
1093 807 1208 848 misit
1247 807 1318 860 (de
1347 807 1546 848 Cherson.
1578 822 1618 861 p.

115 870 222 919 104),
244 872 467 921 postquam
491 867 654 920 olymp.
679 880 767 918 109,
793 877 815 904 2
840 863 1183 911 Atheniensibus,
1206 869 1254 903 ut
1279 864 1330 903 (le
1361 878 1438 903 sua
1464 863 1618 903 dissen-

106 923 220 963 sione
242 923 332 975 lege
353 938 445 963 cum
468 923 686 963 Cardianis
716 927 902 976 agerent,
933 920 1141 961 ineassum
1173 925 1464 974 proposuerat.
1526 920 1618 970 Quo

105 979 218 1020 facto
250 976 486 1033 Diopithes,
522 979 714 1032 Philippo
746 979 841 1018 inde
870 993 896 1017 a
926 991 1020 1017 vere
1048 976 1210 1030 Olymp.
1239 990 1326 1028 ¹09,
1354 988 1389 1015 2.
1419 976 1460 1015 in
1491 976 1617 1016 medi-

105 1040 301 1076 terranea
325 1036 504 1076 Thracia
535 1035 688 1075 bellum
718 1039 902 1089 gerente,
931 1032 1188 1074 maritimam
1210 1032 1418 1072 Thraciae
1451 1038 1617 1086 partem

107 1091 259 1132 invasit
289 1098 332 1132 et
363 1092 595 1132 devastavit
623 1097 674 1140 (v.
697 1105 858 1143 argum.
885 1090 938 1130 ad
970 1104 1029 1129 or.
1052 1090 1103 1129 de
1131 1089 1348 1140 Cherson.)
1379 1103 1470 1129 eam
1501 1088 1617 1128 nimi-

106 1162 210 1195 rum,
243 1163 350 1202 quae
384 1148 567 1202 Philippi
605 1149 717 1188 facta
754 1153 818 1187 est
850 1146 1014 1200 Olymp.
1045 1148 1132 1185 108.
1160 1160 1197 1185 a.
1231 1158 1264 1185 2.
1297 1150 1487 1191 exeunte,
1521 1145 1616 1185 Cer-

106 1204 295 1258 soblepte
317 1205 537 1244 debellato.
599 1205 732 1255 Quam
754 1204 806 1243 ob
830 1218 917 1242 rem
942 1201 1160 1255 Philippus
1181 1201 1400 1254 epistolam
1424 1201 1616 1241 Athenas

105 1260 231 1310 misit,
259 1261 300 1300 in
328 1276 409 1314 qua
441 1266 483 1301 et·
515 1260 760 1314 Diopithem
793 1259 1031 1305 accusabat,
1058 1264 1113 1305 et,
1142 1258 1219 1297 nisi
1252 1264 1492 1297 coercerent
1522 1272 1616 1297 eum

106 1317 399 1363 Athenienses,
432 1317 473 1356 in
506 1317 807 1357 Chersonesum
840 1315 942 1354 velle
973 1329 1016 1353 se
1047 1314 1243 1354 invadere
1274 1314 1517 1353 minabatur
1546 1314 1616 1365 (sle

107 1373 305 1413 Cherson.
329 1387 378 1427 93
404 1375 500 1427 sq.).
564 1373 663 1412 Una
694 1378 782 1412 tum
806 1369 1129 1411 Atheniensium
1158 1369 1297 1417 factio,
1321 1375 1368 1410 ut
1390 1369 1616 1423 Diopithes

105 1429 334 1469 conductas
369 1429 719 1469 mercenariorum
756 1427 897 1481 copias
933 1426 1177 1474 dimitteret,
1212 1426 1470 1479 postulabat.
1536 1426 1615 1466 De-

104 1486 342 1525 mosthenes
374 1492 521 1526 contra
551 1485 741 1525 oratione
763 1484 814 1523 de
836 1483 1033 1523 Cherson.
1052 1482 1293 1536 Diopithem
1323 1482 1519 1527 defendit,
1544 1482 1615 1522 im-

104 1541 431 1595 minentiumque
452 1541 729 1595 1⁷)ericulorum
750 1539 1030 1593 descriptione
1051 1539 1330 1579 Athenienses
1352 1538 1614 1585 dehortatur,

105 1612 156 1637 ne
176 1598 479 1638 Chersonesum
501 1597 665 1651 privare
683 1596 808 1636 velint
830 1595 1128 1649 praesidiariis,
1145 1609 1248 1648 quos
1270 1594 1346 1633 sibi
1369 1609 1615 1648 comparare

106 1653 328 1707 Diopithes
350 1660 585 1707 temporum
607 1653 858 1693 necessitate
874 1658 917 1692 et
939 1651 1038 1705 ipsis
1058 1651 1239 1704 Philippi
1261 1650 1422 1704 injuriis
1444 1656 1615 1691 coactus

103 1710 400 1750 f110rit.—Ja111
431 1709 568 1750 oratio
599 1710 692 1749 adv.
719 1709 823 1748 l'hil.
850 1708 931 1747 ΙΙΙ.
958 1708 1104 1748 habita
1136 1708 1301 1747 videtur
1331 1721 1420 1746 esse
1452 1707 1506 1747 ad
1531 1707 1614 1761 epi-

103 1766 254 1806 stolam
285 1766 586 1821 legationemve
616 1765 716 1819 ipsis
741 1765 794 1805 ab
823 1764 1128 1804 Chersonesitis
1158 1763 1340 1806 missam,
1369 1763 1615 1817 rogantibus

103 1827 151 1862 ut
172 1822 250 1862 sibi
273 1823 448 1876 pecunia
470 1822 642 1875 aliisque
663 1820 857 1861 subsidiis
878 1834 999 1874 opem
1020 1821 1177 1860 ferrent
1198 1819 1499 1859 Athenienses:
1533 1824 1614 1862 τοῖς

102 1879 176 1928 μὲν
207 1880 250 1918 ἐν
276 1879 512 1932 Χερρονήσῳ
544 1877 705 1930 χρήματ’
729 1877 995 1917 ἀποστέλλειν
1027 1877 1124 1927 φημὶ
1163 1879 1244 1916 δεῖν
1276 1877 1337 1915 καὶ
1371 1877 1500 1915 τᾶλλα
1538 1877 1614 1915 ὅσα

103 1934 256 1983 ἀξιοῦσι
276 1939 414 1974 ποιεῖν.
449 1935 555 1974 Phil.
582 1934 662 1973 Ill.
684 1949 722 1987 p.
746 1947 835 1986 129.
898 1932 1014 1983 Quae
1036 1931 1425 1972 Chersonesitarum
1447 1931 1613 1983 rogatio

102 1995 327 2030 consecuta
352 1990 517 2030 videtur
540 2004 643 2037 esse,
666 1994 891 2043 postquam
915 1988 1135 2041 Diopithes
1166 2003 1191 2027 a
1220 1987 1413 2040 Philippo
1444 1984 1613 2027 accusa-

103 2051 183 2093 tus,
221 2046 494 2100 defensusque
530 2061 554 2086 a
591 2045 875 2086 Demosthene
911 2049 1014 2084 erat.
1082 2043 1190 2084 Nam
1221 2058 1260 2096 p.
1288 2057 1391 2092 114:
1433 2045 1452 2082 ὁ
1483 2044 1614 2083 τοίνυν

103 2102 312 2149 Φίλιππος,
340 2108 486 2142 orator
515 2102 589 2149 ait,
620 2104 659 2151 ἐξ
691 2102 823 2153 ἀρχῆς,
856 2102 940 2151 ἄρτι
973 2102 1038 2149 τῆς
1072 2100 1221 2151 εἰρήνης
1256 2101 1476 2150 γεγονυίας,
1507 2101 1612 2139 οὔπω

103 2160 336 2200 Διοπείθους
366 2162 674 2210 στρατηγοῦντος
704 2158 790 2196 οὐδὲ
823 2161 899 2195 τῶν
927 2156 1050 2195 ὄντων
1082 2157 1125 2195 ἐν
1152 2155 1388 2209 Χερρονήσῳ
1421 2159 1490 2194 νῦν
1520 2156 1611 2195 ἀπε-

102 2214 348 2264 σταλμένων,
373 2215 536 2265 Σέρριον
559 2215 620 2253 καὶ
643 2214 842 2264 Δορίσκον
869 2212 1143 2261 κατελάμβανε
1176 2213 1236 2251 καὶ
1267 2212 1355 2252 τοὺς
1387 2213 1428 2250 ἐκ
1450 2212 1612 2262 Σερρίου

101 2271 253 2322 τείχους
275 2271 335 2310 καὶ
357 2272 460 2321 ἱεροῦ
480 2272 591 2320 ὅρους
612 2270 847 2320 στρατιώτας
869 2267 1102 2317 ἐξέβαλλεν.
1165 2268 1281 2318 Quae
1303 2267 1429 2306 verba
1459 2266 1491 2306 si
1518 2281 1611 2306 con-

100 2325 291 2366 ferant-ur
322 2340 415 2365 cum
445 2325 580 2365 verbis
616 2324 817 2365 orationis
849 2324 900 2363 de
932 2323 1132 2363 Cherson.
1153 2323 1241 2362 his:
1277 2324 1459 2374 φαίνεται
1489 2323 1519 2362 δ’
1547 2322 1610 2362 ἀπ’

101 2382 221 2434 ἀρχῆς
243 2383 263 2420 ὁ
286 2383 492 2427 Φίλιππος,
517 2382 605 2432 πρὶν
626 2382 839 2429 Διοπείθην
861 2381 1076 2419 ἐκπλεῦσαι
1098 2381 1159 2419 καὶ
1180 2380 1267 2420 τοὺς
1290 2380 1526 2430 κληρούχους
1547 2380 1610 2420 οὓς

101 2441 171 2476 νῦν
201 2439 396 2477 αἰτιῶνται
428 2437 679 2487 πεποιηκέναι
714 2436 783 2475 τὸν
813 2437 1001 2485 πόλεμον,
1034 2437 1168 2474 πολλὰ
1202 2437 1274 2485 μὲν
1305 2439 1382 2474 τῶν
1416 2434 1613 2485 ἡμετέρων

100 2494 237 2534 ἀδίκως
265 2495 446 2544 εἰληφώς,
470 2493 692 2533 manifesto
724 2492 876 2531 docent
907 2490 1096 2544 cogitare
1127 2496 1340 2530 oratorem
1371 2490 1422 2529 de
1452 2490 1611 2543 injuriis

99 2548 169 2596 eis,
194 2563 371 2602 quarum
402 2549 646 2602 Diopithem
677 2547 893 2588 accusavit
926 2546 1158 2600 Philippus,
1184 2546 1489 2586 Demosthenes
1520 2560 1611 2585 ora-

98 2603 211 2644 tione
238 2605 288 2644 de
311 2604 511 2644 Cherson.
535 2604 758 2643 immunem
789 2608 1007 2655 praestare
1039 2607 1227 2641 conatur.
1289 2601 1485 2641 Ceterum
1513 2601 1613 2641 Car-

99 2660 209 2700 diam
240 2660 453 2713 possidere
476 2659 695 2713 Philippus
717 2659 870 2698 dicitur
899 2657 940 2696 in
968 2663 1076 2696 orat.
1099 2657 1192 2697 adv.
1217 2657 1324 2695 Phil.
1350 2656 1431 2695 III.
1455 2671 1495 2709 p.
1520 2669 1609 2704 120,

99 2715 221 2755 sicuti
243 2716 370 2756 etiam
391 2715 434 2754 in
455 2720 562 2754 orat.
582 2715 634 2754 de
656 2715 855 2755 Cherson.
918 2713 967 2751 In
989 2712 1295 2752 Chersonesum
1316 2716 1459 2752 tamen
1481 2726 1610 2752 novas

99 2770 226 2811 etiam
257 2771 397 2824 copias
428 2770 588 2810 misisse
616 2770 834 2823 Philippus
860 2767 1024 2807 videtur
1047 2770 1149 2821 (qua
1181 2768 1230 2807 de
1262 2781 1306 2807 re
1328 2782 1365 2807 v.
1388 2768 1439 2807 de
1465 2782 1547 2807 cor.
1570 2783 1610 2822 p.

102 2828 222 2879 252):
255 2830 353 2878 φέρε
374 2827 418 2876 δὴ
442 2829 521 2872 νῦν,
545 2825 640 2875 ἡνίκ’
666 2828 720 2868 εἰς
741 2824 1008 2874 Χερρόνησον,
1033 2823 1080 2872 ἣν
1101 2824 1292 2873 βασιλεὺς
1320 2823 1381 2862 καὶ
1405 2822 1549 2865 πάντες
1574 2826 1612 2863 οἱ

95 2880 294 2932 ’Έλληνες
324 2883 513 2933 ὑμετέραν
547 2883 765 2933 ἐγνώκασιν
797 2879 908 2926 εἶναι,
940 2879 1074 2928 ξένους
1109 2879 1316 2928 εἰσπέμπει
1351 2880 1412 2918 καὶ
1445 2883 1612 2928 βοηθεῖν

102 2939 290 2989 ὁμολογεῖ
319 2939 379 2978 καὶ
411 2937 637 2978 ἐπιστέλλει
665 2941 798 2984 ταῦτα,
827 2936 866 2974 τί
893 2939 1019 2980 ποιεῖς
1048 2950 1087 2988 p.
1112 2934 1355 2985 1[4;—nisi
1386 2934 1475 2987 ipsa
1508 2935 1610 2975 haec
