1934 3179
331 142 415 182 564
731 143 809 182 DE
842 143 1040 183 FALSA
1074 142 1438 183 LEGATIONE.

388 259 484 299 419,
502 258 565 287 20.
581 246 716 299 οἰκίας]
740 247 979 287 Facultates.
1013 246 1264 287 SCHAEF.
1320 245 1558 299 According
1575 250 1618 285 to
1634 245 1835 285 Valcken.

332 315 385 340 on
408 301 614 342 Herodot.
640 313 676 354 7,
703 315 795 352 224.
819 302 922 343 οἶκος
945 302 980 341 is
1010 301 1243 355 frequently
1265 315 1310 340 so
1331 301 1445 349 used,
1467 301 1544 340 but
1569 301 1670 340 οἰκία
1700 314 1834 340 never.

335 357 353 395 I
375 371 443 396 am
468 357 644 396 inclined
665 363 709 397 to
731 357 852 396 think
877 357 1136 397 Marklanffls
1159 356 1426 396 emendation
1448 357 1582 398 οὐσίας
1603 370 1834 408 necessary.

334 412 412 452 See
440 413 671 466 Phaenipp.
698 428 736 465 p.
764 424 882 465 1045.
910 413 946 463 ξ.
974 414 1038 453 28.
1071 412 1123 452 δύ’
1147 413 1282 453 οὐσίας
1314 413 1586 462 καρπούμενος.
1648 411 1734 450 For
1763 411 1836 450 the

331 482 508 521 passage
529 468 640 507 cited
662 469 714 521 by
739 467 892 507 Markl.
915 468 1022 507 from
1043 467 1105 507 St.
1130 468 1247 507 Luke
1271 479 1334 515 20,
1349 480 1416 517 47.
1440 467 1476 506 οἳ
1503 469 1750 506 κατεσθίουσι
1769 468 1837 508 τὰς

331 524 452 563 οἰκίας
472 527 548 562 τῶν
568 527 698 574 χηρῶν
712 537 859 576 proves
881 523 1056 576 nothing
1076 524 1140 562 for
1160 523 1245 562 this
1265 537 1392 576 usage
1413 522 1455 561 in
1470 522 1665 562 Classical
1684 521 1834 561 Greek.

332 579 433 617 οἰκία
454 578 683 631 invariably
703 593 847 617 means
879 584 901 600 ‘²
919 579 990 618 the
1017 578 1391 631 ‹lwclling—hoiise,”
1413 592 1460 617 or
1480 578 1552 617 the
1585 584 1607 599 ‘⁶
1622 577 1774 616 house”
1794 576 1836 615 in

332 633 404 672 the
431 648 548 672 sense
575 634 616 672 in
638 633 770 672 which
792 648 850 673 we
871 648 944 687 say
967 639 990 656 ‘⁶
1006 635 1138 674 Hozcse
1159 635 1205 673 of
1224 633 1409 682 Stuart,”
1431 638 1455 655 “
1469 634 1601 673 Ηοιιεθ
1621 633 1667 672 of
1683 632 1836 671 Bruns—

332 688 471 727 wickff7
531 689 842 728 SHILLETO.

388 746 614 797 τοσούτους]
664 745 754 795 Quo
794 745 928 798 major
968 749 1032 784 est
1071 744 1297 784 liberorum
1337 758 1543 791 numerus,
1580 743 1658 783 1100
1694 742 1837 782 diffici-

330 799 408 838 lius
449 804 576 852 atque
625 800 789 853 aegrius
829 815 855 840 a
902 800 1146 853 parentibus
1194 799 1445 853 pauperibus
1484 799 1666 839 aluntur.
1728 798 1836 850 Qua-

331 859 429 893 tuor
448 869 584 895 mares
606 870 699 895 cum
720 855 883 895 filiabus
904 856 1063 909 aliquot
1078 869 1246 895 necesse
1268 860 1359 895 erat
1379 860 1426 895 ut
1446 859 1669 908 gravarent
1691 868 1836 907 paren-

330 915 394 949 tes
431 915 629 963 quaestus
663 926 814 964 genere
849 917 937 952 tam
971 912 1051 960 vili,
1085 916 1173 951 tam
1205 925 1354 964 parum
1386 911 1549 951 lucroso
1582 910 1834 958 victitantes,

330 970 456 1018 atque
490 966 737 1006 Atrometus
770 982 862 1006 cum
895 982 1036 1014 uxore,
1070 967 1316 1020 praesertim
1347 967 1401 1006 ad
1434 970 1617 1006 aetatem
1649 965 1835 1006 adultam

330 1021 540 1060 nutriendi
562 1027 605 1062 et
626 1022 799 1061 docendi
821 1027 863 1062 et
884 1022 1081 1062 elocandi.
1142 1022 1335 1062 REISK.

386 1077 578 1116 διδάσκων
601 1079 620 1116 ὁ
643 1078 766 1128 πατὴρ
788 1078 1011 1131 γράμματα]
1038 1078 1090 1116 V.
1114 1078 1169 1118 ad
1191 1093 1229 1131 p.
1251 1091 1347 1131 313,
1374 1090 1438 1116 20.

386 1146 485 1185 419,
509 1144 573 1171 22.
606 1137 673 1172 τοῦ
694 1134 771 1183 ἥρω
793 1138 859 1172 τοῦ
882 1133 1031 1187 ἰατροῦ]
1058 1134 1111 1173 V.
1134 1134 1188 1173 ad
1210 1149 1248 1186 p.
1275 1146 1367 1185 270,
1396 1146 1457 1172 10.

384 1202 481 1239 419,
507 1201 570 1240 23,
594 1190 726 1240 ταύτῃ]
756 1189 922 1228 Scilicet
943 1190 987 1242 τῇ
1009 1191 1122 1229 πόλει
1142 1189 1204 1228 vel
1225 1191 1269 1239 τῇ
1290 1190 1452 1239 πατρίδι.
1513 1187 1706 1227 REISK.

384 1257 480 1295 419,
506 1246 570 1283 26.
595 1245 717 1297 θόλῳ]
750 1244 915 1284 Laudat
937 1245 1194 1297 Harpocrat.
1218 1259 1251 1283 s.
1273 1245 1313 1283 h.
1336 1259 1371 1283 v.
1395 1248 1438 1283 et
1459 1243 1642 1283 occurrit
1666 1243 1774 1283 infra
1794 1258 1834 1296 p.

327 1311 423 1348 442,
449 1311 514 1339 20.
576 1300 640 1338 De
661 1300 737 1339 hac
758 1314 857 1339 voce
876 1301 961 1339 fere
983 1300 1081 1339 nihil
1103 1301 1236 1339 habeo
1258 1300 1368 1353 quod
1388 1299 1583 1352 adjiciam
1603 1298 1836 1351 exquisitae

329 1354 542 1394 doctrinae
566 1354 621 1393 H.
648 1354 849 1408 Stephani
873 1355 995 1395 Thes.
1020 1356 1092 1395 Gr.
1118 1356 1164 1395 L.
1183 1356 1260 1395 vol.
1287 1369 1320 1394 1.
1343 1355 1419 1394 col.
1441 1365 1572 1407 1573.,
1592 1354 1661 1407 qui
1683 1354 1833 1402 omnia,

329 1424 436 1461 quae
457 1410 510 1449 ad
534 1411 639 1449 hanc
661 1425 801 1451 vocem
833 1416 1037 1463 spectant,
1061 1410 1268 1464 congessit
1295 1425 1347 1450 ex
1370 1409 1536 1449 Lexicis
1564 1409 1761 1462 antiquis,
1784 1424 1835 1449 ex

330 1464 472 1503 Servio
495 1469 537 1504 et
561 1466 743 1517 Ulpiano
766 1471 910 1505 nostro
932 1467 1104 1519 aliisque
1126 1466 1410 1519 scriptoribus.
1469 1465 1651 1504 Videtur
1671 1479 1836 1505 camera

327 1519 452 1559 fuisse
477 1520 695 1567 fornicata,
718 1536 767 1560 ca
788 1523 873 1560 fere
899 1522 1045 1574 figura,
1071 1536 1152 1574 qua
1177 1522 1468 1575 effigiebantur
1498 1520 1539 1559 in
1570 1520 1744 1560 saeculis
1775 1534 1836 1560 se-

328 1575 550 1626 quentibus
580 1576 703 1615 aedes
733 1577 982 1629 capitulares
1013 1578 1054 1616 in
1083 1576 1263 1616 ecclesiis
1295 1582 1337 1616 et
1367 1575 1644 1616 monasteriis.
1705 1576 1835 1629 Apud

327 1630 522 1682 antiquos
544 1631 609 1669 hic
633 1633 1008 1685 congregabantur,
1031 1633 1252 1672 alebantur
1273 1636 1315 1671 et
1337 1632 1515 1671 fortasse
1537 1630 1835 1671 erudiebantur

329 1699 493 1737 quoque
520 1686 683 1725 aedium
715 1702 928 1726 sacrarum
959 1687 1137 1726 ministri
1168 1687 1403 1739 famulique.
1465 1687 1538 1734 Et,
1566 1691 1614 1725 ut
1644 1690 1833 1739 apparet,

329 1741 650 1794 unumquodque
686 1743 885 1794 templum
922 1757 1039 1782 suam
1077 1743 1221 1782 tholon
1257 1743 1453 1789 habebat,
1487 1742 1529 1781 in
1560 1756 1642 1794 qua
1675 1742 1835 1794 pueruli

327 1795 458 1834 literis
494 1810 664 1849 operam
701 1797 861 1836 darent.
921 1797 993 1836 Ἐν
1024 1799 1065 1837 δὲ
1098 1801 1142 1847 τῇ
1174 1799 1277 1849 θόλῳ
1309 1801 1376 1836 τοῦ
1411 1796 1548 1850 Πτῴου
1581 1798 1836 1838 Ἀπόλλωνος

326 1852 460 1899 μαθών
482 1867 537 1892 τις
564 1853 669 1901 ὑμῶν
692 1852 927 1904 ἐνέγραψεν,
950 1852 1160 1904 Ἀχιλλεὺς
1182 1854 1310 1894 καλός.
1373 1853 1441 1892 Ita
1469 1852 1511 1890 in
1543 1851 1704 1891 schedis
1734 1852 1835 1891 meis

327 1906 577 1945 adnotatum
612 1908 746 1960 reperi
781 1922 832 1946 ex
867 1912 1051 1955 auctore,
1086 1908 1202 1961 cujus
1236 1922 1387 1946 nomen
1423 1907 1608 1960 elapsum
1641 1911 1716 1955 est,
1751 1907 1835 1946 sive

330 1960 526 2013 Synesius
565 1962 704 2010 fuerit,
741 1967 788 2002 ut
828 1963 1012 2003 arbitror
1050 1963 1187 2011 fuisse,
1225 1963 1309 2002 sive
1345 1963 1550 2015 quispiam
1588 1962 1704 2002 alius,
1770 1962 1834 2002 De

328 2016 444 2055 tholo
474 2017 651 2070 plurima
673 2018 800 2057 etiam
826 2018 990 2072 collegit
1014 2019 1044 2056 I.
1072 2018 1280 2057 Meursius
1303 2018 1504 2058 (ἕω-11111101
1530 2032 1564 2057 0.
1588 2028 1642 2068 7.,
1664 2021 1712 2057 ut
1732 2017 1834 2057 alios

327 2076 600 2122 praeteream.
643 2073 901 2113 TAYLOR.
968 2074 1022 2112 V.
1048 2074 1192 2113 Meier.
1216 2074 1446 2113 Conunent.
1469 2074 1520 2112 de
1540 2073 1627 2112 vita
1657 2072 1834 2126 Lycurgi

328 2141 367 2178 p.
393 2141 444 2178 99
468 2142 528 2180 sq.
1416 2183 1423 2190 ·

382 2195 479 2234 419,
497 2196 562 2236 29.
581 2182 774 2234 ἀνέτρεψε
796 2185 858 2223 καὶ
880 2183 1085 2237 κατέδυσε]
1110 2183 1191 2223 His
1208 2184 1342 2223 verbis
1363 2187 1498 2223 utitur
1513 2182 1832 2231 Demosthenes,

327 2236 425 2288 quia
446 2237 629 2289 patriam
651 2238 875 2291 Sophocles
896 2238 991 2278 navi
1014 2245 1243 2292 comparat,
1258 2241 1396 2287 ταύτης
1417 2239 1479 2278 ἔπι
1499 2237 1688 2279 πλέοντες
1708 2239 1832 2289 ὀρθῆς.

329 2291 546 2331 GREVE.

385 2359 480 2394 420,
506 2347 542 2386 8.
566 2347 660 2399 ἔφη]
691 2348 738 2387 V.
763 2348 1013 2387 Aeschinem
1034 2363 1073 2401 p.
1090 2361 1130 2399 4,
1156 2349 1220 2389 28.

382 2413 478 2449 420,
499 2415 561 2441 11.
583 2402 933 2456 ἀναβεβλημένον]
960 2404 1009 2442 Id
1031 2408 1095 2443 est
1114 2403 1384 2454 ἠμφιεσμένον
1397 2405 1440 2454 τῇ
1464 2405 1659 2456 ἀναβολῇ,
1678 2402 1748 2455 qui
1769 2406 1834 2442 est

326 2455 505 2496 amictus
527 2457 710 2509 corporis
736 2458 929 2505 exterior,
953 2458 1022 2511 qui
1043 2459 1209 2511 reliquis
1230 2458 1488 2498 vestimentis
1509 2457 1832 2511 superinjicitur.

328 2512 410 2550 Est
446 2512 575 2565 igitur
606 2512 708 2552 haec
744 2513 976 2552 sententia:
1019 2513 1211 2554 Amictus
1246 2514 1324 2553 hoc
1360 2514 1507 2554 habitu
1539 2527 1685 2553 manus
1720 2512 1832 2553 intus

327 2566 455 2606 habet
476 2568 552 2606 sub
573 2567 707 2620 pallio.
770 2568 962 2607 REISK.

382 2634 479 2669 420,
508 2634 572 2662 12.
597 2623 1078 2677 καίτοι-τετταράκοντα]
1103 2623 1247 2664 Oitant
1268 2624 1424 2664 scholia
1443 2624 1498 2664 ad
1520 2624 1686 2664 Platon.
1707 2637 1748 2675 p.
1768 2636 1830 2662 10.

327 2675 493 2715 Ruhnk.
515 2679 611 2729 380.
636 2677 778 2725 Bekk,
802 2679 875 2717 sed
901 2679 1134 2731 posteriora
1156 2679 1305 2719 vitiosa
1330 2679 1663 2732 interpunctione
1685 2678 1742 2717 sic
1764 2678 1831 2718 de-

326 2736 503 2784 pravata
523 2734 825 2781 ῑ--Σοιλαμίνιοι
846 2734 921 2772 ἀπὸ
944 2735 1136 2775 Σόλωνος·
1170 2736 1189 2772 ὁ
1214 2734 1255 2788 [ὃ
1273 2733 1461 2787 ΒΠ11Π1(.]
1497 2734 1528 2773 ὃἹ
1549 2735 1655 2773 ε’στιν
1676 2735 1771 2782 ὁμοῦ
1793 2732 1830 2772 σ’

329 2786 393 2835 ἕτη
436 2787 496 2825 καὶ
535 2786 585 2836 μ’.
648 2787 687 2825 V
692 2787 852 2826 itiosius
888 2788 1015 2828 etiam
1050 2789 1350 2842 grammaticus
1382 2788 1614 2831 Hermanni
1651 2803 1692 2842 p.
1721 2789 1800 2840 467
1821 2804 1828 2827 :

325 2844 444 2880 ταῦτα
465 2843 505 2880 δὲ
527 2843 622 2891 ὁμοῦ
643 2843 786 2894 σχεδὸν
807 2841 865 2882 ἔτι
887 2843 962 2882 ἀπὸ
985 2846 1177 2885 Σόλωνος.
1240 2844 1490 2884 SCHAEF.

383 2907 478 2944 420,
506 2909 518 2934 1
529 2909 570 2949 3.
595 2898 670 2936 ἀπὸ
693 2898 892 2949 Σόλωνος]
924 2898 1080 2938 Utrum
1101 2913 1127 2939 a
1147 2904 1260 2948 nate,
1282 2914 1335 2940 an
1357 2909 1534 2948 mortuo,
1556 2914 1610 2940 an
1630 2898 1830 2938 florente?
