1934 3179
294 144 378 185 586
701 146 780 187 DE
813 146 1007 187 FALSA
1042 147 1398 187 LEGATIONE.

292 248 360 288 τὸν
389 251 458 289 ἵσα
486 248 666 299 βαίνουσ’
689 252 822 301 ἑταίρα
851 250 1082 300 πολυτελής.
1124 251 1313 304 (Fragm.
1339 250 1422 290 Inc.
1449 252 1541 290 228.
1571 250 1798 300 Meineke).

293 304 382 344 The
403 304 474 345 wit
495 306 541 344 of
566 305 639 345 the
669 320 845 360 passage
874 306 907 345 is
936 305 1098 360 greatly
1120 305 1332 345 increased
1353 305 1387 344 if
1403 306 1633 346 Aeschines
1656 322 1737 347 was
1759 308 1806 347 of

289 360 395 400 short
415 367 575 408 stature,
598 376 643 400 as
668 361 824 415 Ulpian
847 376 940 413 says
962 376 1015 400 on
1038 362 1088 400 de
1111 361 1259 401 Coron.
1283 377 1322 415 p.
1348 373 1439 413 270.
1462 365 1493 413 ξ.
1517 365 1604 412 164.
1631 364 1687 416 [p.
1711 364 1797 402 160.

290 419 320 465 ξ.
349 429 441 468 234.
460 417 524 456 0(1.
545 416 705 469 Lutet]
745 417 1056 456 SHILLETO.
1120 417 1235 457 Citat
1256 417 1296 457 h.
1314 418 1338 456 1.
1360 417 1624 457 Minucianus
1645 433 1685 471 p.
1707 430 1797 471 152.

291 471 485 512 REISK.
549 472 601 511 V.
626 472 834 525 Harpocr.
853 487 884 511 s.
903 488 937 512 v.
963 475 1030 512 ’ίσα
1050 474 1214 522 ΙΒαίνων,
1235 473 1456 527 Berglerus
1478 474 1532 513 ad
1554 473 1797 527 Alciphron.

290 528 366 567 vol.
394 541 428 567 2.
451 543 490 581 p.
515 540 601 577 172.
624 528 893 581 inprimisque
915 528 1199 568 Buttmannus
1223 528 1265 568 in
1289 529 1517 569 Miscellan.
1542 529 1682 569 Critic.
1709 542 1744 570 2.
1769 543 1797 569 1.

290 598 328 636 p.
352 597 420 636 50.
455 583 715 623 SCHAEF.

347 652 444 689 442.
466 640 526 678 18.
548 643 776 690 προσκυνῶν
797 640 866 689 τὴν
888 639 1028 693 θόλον]
1063 641 1129 679 De
1150 640 1266 679 tholo
1288 639 1444 679 dictum
1472 641 1525 679 ad
1547 655 1587 693 p.
1611 654 1707 693 419,
1733 643 1797 681 26.

290 694 359 733 Ad
395 694 565 748 phrasin
597 695 733 740 istam.
767 700 996 746 προσκυνῶν
1027 696 1097 745 τὴν
1128 698 1263 742 θόλον,
1291 696 1399 748 quod
1427 696 1603 743 adtinet,
1636 697 1799 737 notavit

291 750 647 799 Hemsterhusius,
677 751 852 791 conferri
887 766 976 791 eam
1014 766 1134 804 posse
1166 766 1259 791 cum
1292 751 1355 790 his
1382 751 1516 791 verbis
1547 752 1720 792 Luciani
1756 753 1798 792 in

290 806 462 846 Timone
487 808 523 860 ξ.
550 819 613 861 23.
638 809 658 846 ὁ
681 809 721 846 δὲ
750 808 931 857 ἐμπεσὼν
952 809 1100 858 ἀθρόως
1131 809 1169 849 ἐς
1200 809 1267 857 ἐμὲ
1298 809 1555 858 ἀπειρόκαλος
1587 810 1647 847 καὶ
1676 810 1798 861 παχύ-

288 865 425 912 δερμος
446 863 657 912 ἄνθρωπος,
683 863 738 902 ἔτι
760 863 829 912 τὴν
845 864 965 912 πέδην
982 865 1190 915 πεφρικὼς,
1216 864 1276 902 καὶ
1299 865 1332 902 εἰ
1353 865 1501 914 παριὼν
1518 864 1640 905 ἄλλος
1660 866 1797 914 μαστί-

287 919 366 967 ξειέ
385 935 454 964 τις,
479 920 610 969 ὄρθιον
631 921 793 970 ἐφιστὰς
815 919 857 958 τὸ
879 920 955 964 οὓς,
981 921 1042 958 καὶ
1063 921 1131 958 τὸν
1151 923 1324 968 μυλῶνα,
1349 920 1479 970 ὥσπερ
1501 920 1543 958 τὸ
1569 919 1795 971 ἀνάκτορον,

287 978 589 1025 προσκυνῶν-.
624 974 749 1013 TAY
756 975 883 1014 LOR.
946 974 1038 1014 Non
1070 989 1206 1014 mores
1228 974 1449 1014 Aeschinis
1478 975 1542 1014 his
1565 975 1699 1015 verbis
1727 990 1798 1015 no-

286 1034 445 1077 tantur
478 1031 548 1070 sed
581 1031 705 1070 homo
736 1030 891 1070 dicitur
920 1035 1150 1081 προσκυνῶν
1179 1030 1247 1079 τὴν
1277 1031 1410 1076 θόλον,
1434 1031 1531 1083 quia
1560 1033 1602 1070 ἐν
1623 1048 1666 1086 τη
1694 1033 1796 1085 θόλῳ

287 1085 553 1137 διετρέφετο(
543 1093 598 1139 (Ι).
626 1100 722 1139 419,
755 1089 837 1137 26).
908 1087 1018 1126 Erat
1056 1086 1184 1139 igitur
1219 1085 1286 1125 1110
1322 1086 1435 1125 100118
1471 1087 1669 1127 esurienti
1705 1102 1795 1141 per-

286 1146 455 1181 sanctus
477 1142 663 1195 adeoque
686 1143 964 1192 προσκυνητός.
1009 1143 1213 1181 SCHAF
1222 1142 1271 1181 F.

343 1211 438 1250 443,
467 1211 506 1248 5.
538 1197 602 1250 ὡς]
644 1198 841 1238 Notanda
877 1198 1132 1238 constructio
1170 1197 1463 1249 συγγράφειν
1496 1200 1708 1249 ἐπιστολὴν
1741 1201 1796 1241 ὥς

286 1269 385 1292 τινα.
430 1254 691 1293 SCHAEF.

341 1322 437 1362 443.
462 1312 498 1348 6.
530 1310 578 1358 ἣν
605 1309 634 1349 δ’
658 1310 847 1363 οὐδὲν-]
886 1310 1153 1350 Constructio
1184 1310 1402 1349 verborum
1439 1310 1540 1349 haec
1573 1315 1662 1351 est:
1694 1311 1742 1361 ἣν
1763 1311 1793 1351 δ’

285 1365 362 1404 οὐδ’
378 1367 510 1413 οὕτως,
533 1366 645 1405 οὐδὲν
666 1368 728 1405 διὰ
749 1369 861 1405 τοῦτο
892 1370 1058 1415 μᾶλλον.
1083 1366 1182 1419 αὐτῷ
1205 1366 1368 1405 δυνατὸν
1390 1367 1507 1417 ἔργον
1529 1383 1563 1405 τι
1587 1366 1689 1418 μέγα
1711 1366 1792 1406 καθ’

285 1422 389 1469 ὑμῶν
414 1424 567 1470 πρᾶξαι.
630 1423 737 1461 Erat
773 1427 914 1461 autem
951 1422 987 1461 ei
1017 1422 1253 1475 (Philippo)
1287 1436 1338 1461 ne
1371 1421 1429 1461 sic
1462 1421 1639 1474 quidem,
1667 1422 1794 1462 etiam

284 1476 362 1515 hoc
394 1476 552 1523 effecto,
577 1486 619 1516 et
651 1477 705 1516 nil
737 1478 829 1517 ideo
860 1478 1003 1531 magis,
1032 1478 1177 1517 datum
1207 1482 1334 1530 atque
1364 1477 1525 1517 licitum
1555 1483 1702 1518 contra
1723 1493 1794 1519 vos

283 1546 478 1586 magnum
501 1533 600 1585 quid
629 1538 809 1587 patrare,
834 1534 871 1572 h.
896 1548 928 1573 e.
951 1533 1065 1587 gravi
1088 1538 1130 1573 et
1158 1533 1306 1587 insigni
1329 1533 1445 1573 clade
1466 1548 1537 1573 vos
1559 1534 1790 1574 debilitare.

284 1588 360 1627 οὐδ’
379 1590 475 1627 οὕτω
506 1593 602 1641 post
633 1590 745 1629 οὐδὲν
772 1594 928 1640 μᾶλλον
954 1604 1035 1628 11011
1067 1594 1130 1628 est
1164 1604 1528 1642 supervacaneum,
1556 1604 1652 1629 nam
1685 1590 1793 1630 idem

282 1648 349 1683 est
378 1648 505 1697 atque
537 1647 598 1683 διὰ
629 1648 753 1684 τοῦτο.
815 1645 844 1683 -J
848 1660 915 1684 am
948 1645 1272 1691 comminiscere,
1294 1644 1381 1683 sine
1402 1645 1478 1684 οὐδ’
1497 1647 1593 1685 οὕτω
1616 1646 1673 1685 810
1696 1646 1792 1685 scri-

278 1704 397 1752 ptum
427 1714 540 1739 esse:
579 1700 692 1739 οὐὸὲν
720 1703 782 1740 διὰ
810 1704 921 1740 τοῦτο
951 1704 1120 1750 μᾶλλον,
1150 1701 1213 1740 m'l
1242 1700 1327 1740 ideo
1358 1700 1507 1754 magus:
1545 1706 1587 1740 et
1618 1702 1793 1742 exsistet

280 1755 426 1794 eadem
448 1770 617 1808 prorsus
640 1756 859 1796 sententia.
903 1756 1099 1795 REISK.

335 1824 433 1864 443,
456 1824 517 1863 13.
542 1814 576 1851 εἰ
596 1813 668 1861 μὲν
689 1815 763 1863 γὰρ
785 1812 1041 1862 προσδέξαιτο
1065 1830 1096 1851 κ.
1114 1829 1146 1851 τ.
1164 1812 1220 1865 λ.]
1252 1811 1558 1864 Jusjurandum
1580 1812 1792 1853 Thessalis

279 1871 322 1906 et
339 1867 549 1907 Thebanis
570 1868 715 1907 datum
738 1882 901 1907 servare
922 1882 1005 1906 non
1027 1868 1233 1921 potuisset
1252 1868 1484 1921 Philippus,
1506 1868 1792 1908 Phocensibus

279 1922 320 1961 in
356 1922 600 1963 societatem
636 1924 833 1963 assumtis
869 1924 1044 1976 ideoque
1080 1924 1202 1964 salvis
1237 1928 1280 1963 et
1312 1938 1519 1977 opponere
1551 1939 1593 1964 se
1629 1939 1792 1978 semper

280 1979 451 2032 paratis.
494 1979 744 2019 SEAGER.
770 1979 884 2019 Diar.
910 1979 1081 2019 Classic.
1104 1982 1172 2033 56.
1196 1995 1235 2033 p.
1261 1992 1352 2032 255.

336 2047 432 2087 443,
454 2036 514 2074 18.
538 2035 892 2087 συγκαταστήσειν]
931 2035 1147 2075 Communi
1178 2040 1220 2075 et
1252 2036 1474 2088 conjuncta
1501 2049 1593 2074 011111
1617 2035 1791 2077 Thessa-

281 2090 330 2129 lis
361 2105 488 2143 opera
519 2091 679 2130 efficere
710 2096 757 2131 ut
788 2091 852 2130 his
881 2091 1130 2143 (Thessalis)
1159 2091 1272 2130 locus
1304 2091 1414 2130 inter
1442 2091 1788 2145 Amphictyonas,

280 2161 362 2199 quo
402 2147 537 2186 adhuc
574 2151 808 2194 caruerant.
846 2147 887 2185 in
928 2147 1065 2186 locum
1101 2147 1474 2187 exterminatorum
1513 2147 1789 2187 Phocensium

280 2202 465 2242 daretur.
509 2202 702 2242 REISK.

335 2271 435 2311 443,
460 2261 523 2297 26.
546 2259 762 2309 ἡγούμενον
785 2276 844 2298 και
867 2260 1175 2322 στρατηγοῦντα]
1216 2260 1309 2299 Duo
1331 2259 1432 2299 haec
1462 2259 1571 2298 idem
1601 2273 1683 2298 non
1710 2259 1789 2313 sig-

280 2313 474 2353 nificant:
508 2313 623 2367 prius
651 2314 878 2367 principem
901 2315 1010 2354 domi
1039 2330 1110 2354 8011
1142 2315 1184 2354 111
1215 2316 1338 2354 1·01)118
1360 2315 1557 2362 civilibus
1580 2314 1789 2368 postelius

280 2368 509 2422 principem
544 2369 619 2409 f01
610 2384 658 2416 18,
694 2370 770 2409 hoc
807 2375 871 2410 est
911 2371 952 2409 in
993 2370 1142 2410 castris
1183 2371 1478 2424 imperatorem
1519 2371 1576 2410 rei
1618 2371 1788 2411 bellicae

279 2425 547 2478 praefectum.
600 2425 793 2464 REISK.
869 2426 1156 2466 Onomarchus
1192 2441 1217 2466 a
1254 2426 1406 2466 Photio
1437 2426 1589 2466 dicitur
1620 2427 1790 2466 Φωκέων

279 2482 476 2531 τύραννος.
541 2481 608 2520 Sic
637 2481 865 2521 Aeschines
896 2496 935 2535 p.
961 2494 1040 2535 299
1065 2482 1113 2521 R.
1142 2482 1343 2521 Φαλαίκου
1374 2483 1439 2521 rof]
1462 2483 1631 2522 Φωκέων
1653 2482 1786 2533 τυράν-

280 2553 358 2576 νου.
394 2537 652 2576 SCHAEF.
715 2538 775 2576 καὶ
798 2541 1089 2589 στρατηγοῦντα
1110 2537 1221 2578 delet
1243 2537 1475 2577 Doleaeus

334 2606 430 2644 444,
452 2606 492 2644 4.
515 2597 676 2643 Φεραῖοι
696 2593 867 2646 πρῶτον]
904 2593 935 2632 Ι.
958 2607 991 2632 e.
1017 2593 1186 2633 Pheraei
1216 2593 1384 2646 eoeempli
1412 2593 1561 2637 aratia.
1614 2593 1677 2632 De
1701 2607 1786 2633 cor.

278 2662 314 2700 p.
338 2661 433 2700 307,
458 2650 495 2688 6.
528 2649 620 2688 αὐτὸ
657 2666 731 2700 γαρ
761 2649 804 2688 τὸ
842 2652 1074 2700 δημηγορεῖν
1106 2653 1268 2696 πρῶτον.
1307 2648 1478 2689 DOBR.
1541 2648 1683 2719 Comp.
1713 2649 1786 2689 the

282 2703 405 2743 Latin
440 2704 632 2751 continuo
663 2705 747 2744 and
782 2705 854 2744 the
886 2719 1075 2743 common
1111 2705 1261 2757 phrase
1298 2705 1500 2754 αρξαμει
1508 2721 1554 2746 ος
1590 2705 1666 2744 ἀπὸ
1699 2708 1782 2744 σοῦ.

280 2759 380 2798 11118
397 2759 548 2799 refusal
566 2760 612 2799 of
630 2760 741 2799 Phe1
743 2775 792 2799 ae
809 2760 968 2799 ended
959 2775 999 2799 m
1019 2760 1167 2813 Philip
1171 2774 1189 2799 8
1210 2760 1308 2800 81101
1310 2760 1368 2813 tly
1385 2760 1535 2813 taking
1550 2760 1783 2813 possession

278 2816 324 2852 of
349 2815 459 2854 their
480 2815 561 2868 cit)
584 2816 666 2855 and
698 2815 863 2869 placing
884 2816 1046 2855 therein
1067 2830 1092 2855 a
1117 2815 1394 2855 Macedonian
1415 2815 1620 2869 ganison.
1656 2819 1781 2855 Auct.

280 2869 505 2909 Halonnes
528 2885 566 2923 p.
592 2873 657 2922 84.
683 2872 720 2922 ᾧ
744 2885 809 2923 33
836 2871 940 2910 Phil
968 2872 1049 2910 ΙΙΙ.
1073 2886 1111 2924 p
1135 2884 1222 2933 113.
1244 2872 1280 2922 ᾗ.
1302 2885 1362 2923 17.
1426 2871 1563 2924 Philip
1585 2871 1667 2910 had
1689 2871 1782 2910 fi1st

277 2925 427 2977 gained
448 2940 473 2965 a
494 2925 685 2979 footing
675 2927 939 2980 1n'lhessaly
962 2941 1070 2979 upon
1093 2927 1165 2966 the
1186 2926 1408 2966 invitation
1432 2927 1478 2965 of
1503 2940 1616 2965 some
1638 2928 1683 2965 of
1709 2926 1780 2965 the
