1935 3205
658 159 692 199 P
703 159 740 198 R
751 160 784 199 Α
804 159 835 198 Ε
852 159 882 198 1⁴*
896 160 928 198 Λ
946 159 979 198 Τ
993 159 1007 198 l
1021 161 1069 198 ί).
1569 158 1621 197 xli

111 267 272 303 liotheca
302 267 399 315 Aug.
423 266 527 313 reip.,
560 265 604 300 ad
635 278 747 312 quam
783 265 1052 301 bibliothecam
1090 265 1158 311 ipsi
1194 263 1317 299 aditus
1356 271 1516 310 pateret,
1548 276 1623 298 non

112 329 360 372 consuluerit,
396 330 460 364 scd
497 330 599 377 prius
634 329 899 365 excudendum
931 329 1077 364 dederit
1111 340 1219 363 suum
1251 327 1565 367 Demosthenen»,
1589 335 1626 361 et

112 402 193 430 tum
224 394 392 435 demum,
427 393 601 428 absoluta
631 393 893 440 impressione,
919 392 1108 428 curaverit
1139 391 1245 426 illum
1273 391 1443 426 codicem
1477 391 1522 424 ab
1553 390 1625 425 alio

112 457 286 494 conferri.
349 458 449 492 Nam
486 457 589 504 prius
624 457 726 492 illam
764 456 1009 492 collationem
1046 469 1126 491 esse
1160 455 1298 491 factam
1334 455 1440 489 nullo
1475 462 1626 489 constat

111 521 265 561 indicio,
287 534 372 557 eum
395 521 483 556 anni
507 529 620 556 notae
642 521 765 556 desint
787 521 938 568 utrique
961 520 1154 568 epistolae,
1174 527 1252 554 tarn
1274 517 1442 554 Simonis
1464 518 1626 553 Fabricii

112 585 157 621 ad
172 585 368 628 VVolfium,
385 598 499 632 quam
519 585 732 620 VVolfianae
754 584 818 625 illi,
841 585 899 620 cui
922 585 994 620 ista
1017 584 1241 620 Fabriciana
1261 584 1402 618 inserta
1419 590 1486 618 cst.
1538 582 1626 617 Pos-

112 648 158 684 sit
179 649 274 685 adeo
304 650 418 697 paulo
440 650 523 696 quis
544 649 776 696 suspicacior
796 649 927 684 venire
958 649 995 683 in
1026 649 1129 684 illam
1154 647 1423 695 suspicionem,
1442 645 1626 681 Wolfium

111 712 243 760 utiquc
271 727 380 749 usum
409 713 524 748 fuisse
553 713 683 748 codice
710 712 775 747 illo
796 713 1021 761 Augustano
1043 713 1079 747 in
1102 711 1388 748 conseribendis
1408 711 1485 745 suis
1506 723 1624 745 anno-

112 777 332 816 tationibus,
355 778 418 824 qui
442 777 562 812 multa
591 789 659 824 pro
684 777 759 811 suis
781 777 1011 824 conjecturis
1041 776 1188 823 prodat,
1212 787 1309 822 quae
1336 775 1373 809 in
1402 775 1465 809 illo
1494 774 1624 809 codice

111 840 312 888 leguntui·;
350 853 582 888 quamquam
618 853 687 889 ego
723 839 899 887 equidem
930 840 1052 874 virum
1091 840 1276 886 optimum
1313 851 1357 873 ea
1393 838 1535 873 invidia
1567 838 1625 872 in-

105 904 315 952 justissima
338 917 495 940 onerare
522 904 654 944 nolim,
679 912 718 939 ut
748 903 953 952 plagiarius
983 903 1181 939 habeatur.
1242 901 1365 949 Saepe
1395 902 1485 936 mihi
1508 914 1625 937 venc-

111 975 200 1003 runt
232 968 269 1003 in
305 976 473 1004 mentem
506 971 764 1017 conjecturae,
794 980 888 1014 quas
923 966 1167 1014 postmodum
1204 966 1240 1001 in
1278 965 1471 1001 codicibus
1501 964 1626 1000 MStis

110 1032 246 1079 reperi.
308 1033 379 1077 (Ut
407 1045 528 1080 nuper
557 1033 596 1067 in
624 1031 804 1073 Aristide,
835 1031 872 1066 in
902 1043 1016 1078 quem
1044 1043 1138 1078 quas
1168 1030 1349 1065 octennio
1379 1037 1468 1064 ante
1501 1029 1624 1076 publi-

110 1108 286 1131 eaveram
307 1099 546 1145 conjecturas
566 1108 683 1139 meas,
704 1108 834 1131 earum
855 1103 1003 1143 partem
1024 1095 1138 1144 longe
1161 1094 1362 1129 maximam
1386 1106 1407 1128 a
1428 1092 1625 1129 codicibus

109 1160 340 1208 Augustanis
368 1168 405 1196 et
429 1161 635 1202 Bavaricis,
658 1159 976 1195 emendatissimis
1007 1142 1043 1194 et
1074 1159 1240 1206 optimis,
1264 1157 1529 1193 confirmatam
1560 1157 1624 1192 de-

109 1224 292 1270 prehendi
322 1237 408 1260 cum
443 1225 580 1274 gaudio
611 1232 649 1260 et
679 1237 744 1271 spe
778 1225 879 1259 bona
907 1224 953 1259 de
988 1235 1158 1258 mearum
1190 1222 1228 1257 in
1254 1222 1420 1257 Graecos
1450 1229 1625 1257 auctores

110 1288 486 1325 animadversionum
516 1289 680 1334 libellis.)
742 1289 821 1336 Ego
852 1300 942 1323 vero
972 1287 1055 1322 illas
1085 1299 1161 1322 non
1194 1286 1284 1321 mihi
1315 1285 1501 1334 arrogavi,
1528 1298 1624 1332 quae

110 1352 203 1388 mihi
233 1365 318 1388 cum
350 1353 546 1389 codicibus
576 1365 800 1388 communes
836 1359 944 1387 erant
974 1350 1297 1390 Demosthenicis,
1323 1349 1386 1385 sed
1417 1349 1564 1391 lubens,
1587 1356 1625 1384 et

109 1424 223 1464 prout
256 1429 324 1464 par
355 1425 435 1452 erat
468 1424 583 1464 atque
618 1428 797 1463 aequum,
835 1415 1032 1464 gloriolam
1068 1426 1236 1455 omnem,
1269 1425 1518 1461 quaecunque
1554 1421 1623 1453 est,

109 1480 255 1516 auctori
280 1493 361 1522 suo,
384 1481 504 1516 codici
534 1480 807 1528 manuscripto,
830 1479 895 1515 ubi
918 1490 1149 1526 repereram,
1171 1477 1421 1525 transscripsi.
1482 1476 1624 1524 Super-

110 1551 198 1579 sunt
228 1544 321 1579 mihi
351 1544 413 1579 vel
447 1544 500 1580 sie
531 1556 683 1591 quoque
717 1555 877 1579 numero
909 1542 1096 1590 plurimae
1128 1541 1428 1582 emendationes,
1462 1553 1624 1588 quarum

109 1608 228 1657 gloria
249 1608 483 1644 inventionis
503 1608 595 1643 mihi
616 1608 781 1656 propria,
804 1620 890 1643 cum
912 1607 1066 1643 nemine
1087 1606 1315 1646 communis,
1338 1613 1482 1641 manet.
1528 1604 1624 1640 Uni-

108 1685 215 1709 verse
237 1673 355 1709 nimia
375 1672 568 1708 festinatio
591 1672 692 1708 bono
711 1672 849 1707 Wolfio
871 1670 1003 1707 obfuit.
1055 1671 1291 1707 Turbulente
1309 1669 1439 1705 omnia
1459 1676 1497 1705 et
1517 1681 1624 1716 prae-

109 1738 265 1786 cipitate
296 1738 383 1787 egit.
442 1737 587 1773 Profert
608 1736 718 1772 Wolf
742 1749 895 1784 quoque
926 1744 1108 1784 tanquam
1140 1736 1298 1771 inventa
1328 1747 1396 1770 sua
1423 1734 1625 1774 lectiones,

110 1804 302 1851 quaejam
324 1801 467 1837 dudum
489 1809 578 1837 ante
599 1802 637 1836 in
660 1801 932 1836 vetustioribus
955 1800 1187 1836 editionibus
1219 1799 1457 1847 legebantur.
1516 1796 1625 1833 Scili-

109 1873 171 1901 cet
200 1878 275 1901 non
305 1865 474 1901 habebat
502 1866 540 1900 in
562 1865 702 1901 chartis
723 1864 907 1901 ordinatis
931 1864 1027 1899 bene
1049 1863 1251 1911 dispositas
1274 1863 1482 1898 lectionum
1506 1861 1625 1896 varie-

110 1937 228 1965 tates:
262 1942 336 1977 quo
367 1929 523 1971 factum,
549 1936 591 1964 ut
624 1929 823 1969 lectiones,
855 1940 949 1975 quas
982 1928 1020 1962 in
1057 1928 1185 1974 aliqua
1213 1926 1423 1962 vetustiore
1459 1925 1627 1961 editione

108 1994 276 2043 legisset,
313 1993 576 2029 adhaesissent
609 1993 828 2033 memoriae,
863 1992 984 2032 locus,
1016 1992 1082 2027 ubi
1115 1991 1283 2040 legisset,
1320 1990 1550 2029 effluxisset;
1586 1996 1723 2024 uthu

110 2058 181 2093 sibi
201 2057 394 2093 videretur
422 2070 490 2093 suo
515 2057 642 2092 Marte
671 2057 874 2096 invenisse,
896 2056 995 2103 quod
1026 2055 1213 2090 memoria
1239 2054 1478 2103 suggerebat.
1537 2053 1628 2088 Post

109 2122 212 2156 illam
235 2121 363 2157 Wolfii
394 2121 439 2156 ad
465 2120 672 2156 Eusebium
701 2120 950 2167 Episeopium
983 2118 1183 2165 epistolam
1214 2126 1427 2165 sequuntur
1456 2116 1627 2166 ejusdem

110 2193 187 2220 tres
207 2185 468 2221 dedicationes
496 2184 665 2231 priorum
687 2182 897 2218 editionum
923 2182 970 2217 ab
990 2182 1071 2229 ipso
1092 2190 1307 2216 curataruin
1326 2197 1334 2221 ;
1368 2188 1405 2216 et
1426 2180 1522 2216 duae
1544 2180 1626 2227 qui-

110 2249 198 2284 dem
231 2249 276 2284 ad
311 2248 556 2298 magnificum
592 2256 629 2283 et
663 2259 888 2296 generosum
910 2246 1033 2281 virum
1054 2245 1115 2280 Jo.
1137 2245 1325 2281 Jacobum
1357 2245 1628 2294 Fuggerum—

110 2313 233 2361 prima
261 2313 307 2349 ad
339 2313 642 2349 Demosthenem
672 2311 854 2347 Latinum
890 2323 911 2346 a
946 2322 984 2346 se
1016 2309 1173 2350 factum,
1205 2309 1348 2357 scripta
1374 2321 1475 2344 anno
1502 2320 1624 2356 1549³

111 2377 231 2414 altera
247 2377 294 2413 ad
311 2377 476 2413 eundem
492 2377 531 2412 in
549 2375 871 2412 Demosthenicae
887 2374 1144 2410 conversionis
1164 2373 1468 2423 recognitionem
1486 2373 1628 2420 scripta

111 2454 212 2477 anno
235 2451 329 2489 1553
348 2457 356 2481 ;
387 2441 501 2477 tertia
521 2440 662 2488 scripta
683 2451 784 2475 anno
807 2437 917 2486 1568.
936 2438 983 2474 ad
1000 2438 1212 2473 Henricum
1234 2436 1403 2477 fratrem,
1426 2436 1624 2484 physicum

110 2506 489 2554 Norimbergensem,
511 2504 676 2552 praefixa
697 2502 897 2551 specimini
928 2510 1143 2550 postremae
1166 2501 1451 2549 recognitionis.
1508 2499 1626 2535 Juvat

111 2582 155 2604 ex
176 2568 251 2604 illis
271 2569 391 2604 tribus
412 2568 582 2616 epistolis
601 2568 706 2604 locos
728 2566 912 2615 quosdam
941 2566 986 2601 ad
1013 2565 1209 2601 historiam
1231 2564 1500 2601 Demosthenis
1517 2562 1625 2597 Wol-

111 2633 201 2667 fiani
220 2632 404 2668 facientes
423 2633 498 2668 huc
519 2631 778 2668 transferre—

220 2722 250 2757 E
284 2722 428 2769 prima:
475 2722 668 2769 Oporinus
690 2721 833 2756 Wolfio
868 2720 939 2755 fuit
973 2728 1104 2756 auctor
1140 2720 1276 2755 Latine
1307 2717 1482 2753 vertendi
1516 2718 1624 2753 Dem.

166 2785 276 2821 Wolf
289 2785 455 2821 indicem
476 2785 705 2820 Graecitatis
728 2784 1052 2820 Demosthenicae
1074 2784 1143 2819 sibi
1165 2783 1320 2819 fecerat.

163 2849 389 2886 Sebastiano
411 2847 630 2884 Castalione
651 2860 741 2883 usus
763 2855 820 2883 est
841 2855 1055 2883 correctore
1078 2859 1166 2882 suae
1188 2846 1421 2881 Latinitatis.
