1914 3184
293 114 347 155 46
724 116 1122 156 OLYNTHIAOA
1157 116 1365 155 PRIMA.

291 219 329 270 ξ.
346 228 387 271 5.
409 219 471 258 καὶ
491 221 622 260 τοίνυν
643 221 786 260 τούτων
807 225 882 260 τῶν
904 222 1027 260 ἐθνῶν
1048 219 1161 271 ἧρξεν
1185 238 1216 259 κ.
1239 237 1271 259 τ.
1294 226 1330 259 λ.
1377 219 1509 259 Verte
1521 233 1660 272 porro,
1675 235 1796 274 prae-

289 281 407 314 terea.
441 274 691 315 SOHAEF.

353 332 414 378 16,
445 333 504 369 16.
538 331 902 384 ἐὰν-Ὀλυνθίων]
941 331 1281 385 Lexicographus
1311 330 1443 371 Paris
1472 345 1538 383 ap.
1562 331 1717 372 Osann.
1743 334 1797 372 ad

291 386 465 426 Philem.
488 401 527 439 p.
553 400 645 440 253.
679 388 780 426 haec
802 386 936 426 citans
959 387 1032 427 dat
1056 387 1373 439 εἶ-ἀντέχει-.
1409 386 1659 426 SOHAEF.

346 442 507 495 ἀντέχῃ]
546 443 733 482 Zonaras
755 457 794 495 p.
816 446 908 481 218.
930 442 1588 495 Ἀντέχει.--Δημοσθένης--ἀντὶ
1613 447 1680 483 τοῦ
1702 446 1794 484 ὑπο-

287 502 499 548 μονητικῶς
522 499 616 550 ἔχει.
652 498 902 538 SCHAEF.

351 555 412 601 16,
438 567 498 604 17.
522 555 603 604 τὴν
636 554 949 606 ὑπάρχουσαν
981 555 1053 593 καὶ
1086 555 1167 604 τὴν
1195 555 1395 607 οἰκείαν]
1422 554 1561 608 Vulgo
1583 554 1634 593 de
1658 554 1797 595 Mace-

288 609 414 649 donia
454 609 857 662 interpretabantur.
925 611 1008 650 Sed
1048 615 1275 663 praeeunte
1317 610 1374 649 H.
1400 610 1557 650 Wolfio
1598 610 1703 649 bene
1741 612 1794 651 V.

289 665 386 705 Chr.
411 665 482 705 Fr.
508 666 706 705 Rostius:
743 672 766 688 ⁶⁶
784 666 1009 715 Primum,”
1031 666 1179 719 inquit,
1204 672 1227 688 ‘²
1245 669 1487 716 καρποῦσθαι
1515 666 1566 705 (10
1596 665 1797 707 militibus

288 721 587 775 praedantibus
618 722 730 762 haud
762 722 864 762 satis
894 723 1109 762 commode
1138 722 1218 762 dici
1239 722 1427 767 videtur;
1477 722 1625 761 deinde
1656 727 1797 763 autem

288 777 410 816 nimis
443 778 705 831 hyperbolice
738 778 968 832 Philippus,
1004 779 1036 818 si
1066 778 1358 832 Olynthiorum
1392 792 1457 818 res
1488 778 1624 818 salvae
1660 783 1702 818 et
1737 779 1796 818 in—

288 833 469 873 columes
504 839 654 881 essent,
690 834 750 874 ita
783 834 938 874 viribus
970 835 1126 875 fractus
1162 834 1381 882 diceretur,
1416 839 1464 874 ut
1496 834 1639 874 hostes
1677 835 1797 877 ἀδεῶς

286 890 376 943 ejus
397 894 554 929 terram
575 890 769 943 praedari
791 896 984 944 possent;
1010 891 1186 945 denique
1208 896 1251 931 et
1272 892 1412 940 ταύτην
1432 893 1624 932 δεικτικῶς
1641 889 1797 931 dictum

287 946 341 985 ad
378 960 444 985 res
476 951 639 999 spectat
671 947 800 987 oculis
831 948 1112 995 obversantes,
1142 962 1224 986 non
1255 950 1418 1000 spectat
1453 946 1505 986 ad
1538 946 1794 987 remotiores.

289 1002 354 1040 De
380 1002 701 1042 Atheniensium
737 1003 866 1057 igitur
900 1003 1011 1057 agris
1044 1003 1144 1043 haec
1176 1004 1302 1043 verba
1330 1003 1442 1043 (licta
1469 1002 1639 1056 accipio,
1675 1017 1794 1056 quem

288 1071 454 1097 sensum
490 1058 617 1097 etiam
653 1073 702 1098 ea
742 1074 847 1112 quae
888 1064 1119 1112 sequuntur
1158 1059 1351 1099 videntur
1390 1059 1624 1112 postulare:
1677 1059 1725 1099 ἂν
1765 1059 1795 1099 δ’

288 1115 449 1153 ἐκεῖνα
493 1114 538 1165 (i.
561 1129 594 1154 e.
632 1117 679 1154 τὰ
714 1119 790 1154 τῶν
821 1114 1276 1166 Ὀλυνθίων)-ὃεῦρο
1311 1116 1485 1164 βαδίζειν
1503 1115 1796 1169 ;”—Philippi

288 1184 383 1209 vero
404 1174 543 1210 terrae
562 1171 626 1225 (τῇ
647 1172 814 1219 ἐκείνου)
839 1172 1064 1224 opponitur
1085 1185 1145 1219 ea,
1164 1186 1288 1225 quam
1309 1172 1465 1211 habent
1488 1172 1528 1223 (ἡ
1545 1171 1794 1223 ὑπάρχουσα)

287 1230 330 1265 et
359 1241 464 1278 quae
492 1226 725 1266 hereditate
747 1242 772 1267 a
792 1227 983 1280 patribus
1010 1233 1181 1281 accepta
1204 1226 1523 1267 Atheniensium
1544 1228 1712 1280 propria
1733 1232 1797 1268 est

289 1282 331 1332 (ἡ
368 1284 524 1331 οἰκεία).
594 1282 812 1322 Utrumvis
849 1283 956 1322 enim
988 1284 1088 1324 facit
1124 1289 1171 1324 ut
1208 1283 1489 1323 Athenienses
1529 1283 1797 1336 tranquillum

287 1351 483 1390 agrorum
514 1338 757 1378 Atticorum
793 1354 912 1378 usum
944 1344 1090 1393 optare
1128 1340 1321 1380 debeant.
1388 1339 1450 1378 Ne
1479 1353 1573 1378 vero
1599 1339 1641 1378 in
1669 1354 1796 1379 unum

286 1393 534 1442 coalescant,
568 1395 640 1434 scd
673 1410 746 1448 1101·
782 1410 825 1435 se
858 1400 1080 1449 utiumque
1113 1400 1337 1468 spectetur,
1371 1395 1593 1436 alticulum
1627 1395 1794 1449 repetit.

287 1449 355 1488 Sic
380 1449 440 1503 Ly
443 1464 544 1504 curg
549 1466 621 1504 1.).
653 1453 740 1497 166,
765 1453 802 1490 6.
837 1468 907 1500 την
928 1454 1079 1491 δικαίαν
1107 1454 1168 1492 καὶ
1189 1469 1258 1502 την
1281 1454 1439 1503 εὔορκον
1460 1454 1601 1503 ψηφον
1622 1452 1794 1501 θησεται.

288 1505 504 1546 Demosth.
523 1522 562 1560 p.
577 1520 672 1558 441.
696 1524 764 1556 την
781 1509 897 1547 ὁσιαν
915 1525 975 1547 και
992 1525 1060 1558 την
1079 1509 1230 1548 δικαιαν
1246 1508 1596 1560 ψηφον-θέσθαι
1616 1522 1656 1560 p.
1677 1509 1794 1559 1178.

295 1562 411 1614 1183.
446 1566 522 1602 τῶν
550 1564 701 1602 οἰκείων
735 1564 796 1602 καὶ
818 1567 894 1602 τῶν
927 1565 1163 1614 ἐπιτηδείων.
1196 1579 1236 1617 p.
1265 1577 1383 1617 1335.
1421 1568 1501 1605 τοῖς
1530 1564 1701 1614 ἀπείροις
1736 1565 1796 1604 καὶ

284 1621 366 1659 τοῖς
388 1617 501 1659 νέοις.
534 1634 572 1672 p.
604 1631 720 1671 1341.
742 1622 788 1658 τὰ
817 1621 924 1658 δεινὰ
954 1621 1014 1659 καὶ
1043 1622 1090 1659 τὰ
1118 1623 1222 1671 παρὰ
1249 1621 1337 1661 τοὺς
1361 1621 1500 1670 νόμους
1527 1620 1794 1671 πεπραγμένα.

286 1672 500 1713 SAUPP.
562 1674 678 1714 Conf.
700 1675 753 1714 ad
781 1690 820 1728 p.
843 1677 937 1723 664,
960 1690 999 1725 4.

351 1731 412 1775 16
438 1742 503 1769 20.
535 1731 589 1771 τίς
618 1730 735 1769 αὐτὸν
765 1748 796 1770 κ.
821 1748 852 1770 τ.
875 1732 933 1784 λ.]
983 1731 1183 1771 erianus
1218 1731 1272 1771 ad
1306 1730 1507 1784 Hergmo
1545 1746 1584 1784 p.
1606 1732 1701 1785 308,
1728 1745 1793 1774 22

286 1802 482 1836 χρησιμων
508 1787 548 1825 δὲ
574 1787 596 1835 ἡ
623 1789 690 1825 τοῦ
718 1787 930 1837 ἀναγκαίου
961 1777 1135 1836 ἐξέτασις
1169 1789 1230 1827 καὶ
1263 1786 1438 1836 μάλιστα
1471 1804 1603 1838 χωραν
1636 1788 1719 1840 ἔχει
1753 1790 1796 1828 ἐν

286 1845 369 1882 ταῖς
400 1843 623 1882 δυσκολίαις
653 1846 729 1881 τῶν
761 1843 1010 1893 πραγμάτων,
1041 1844 1135 1882 όταν
1158 1844 1220 1882 ἐπὶ
1248 1844 1390 1883 πόιους
1411 1860 1433 1891 η
1454 1843 1667 1885 δαπάνας
1648 1862 1670 1893 η
1693 1845 1794 1884 ἄλλο

286 1912 321 1935 τι
342 1900 418 1936 τῶν
439 1900 638 1949 δυσχερῶν
660 1902 946 1948 παρακαλῶμεν
967 1899 1052 1939 τοὺς
1083 1900 1304 1939 ἀκούοντας.
1345 1898 1439 1938 ἔνθα
1462 1900 1522 1938 καὶ
1546 1900 1568 1948 ἡ
1591 1902 1658 1939 τοῦ
1679 1901 1795 1950 ἐκβη-

287 1952 457 2002 σομένου
486 1953 661 2002 ἐξέτασις
690 1955 895 2004 ἀναγκαία,
920 1955 984 2001 ὡς,
1008 1956 1041 1993 εἰ
1067 1954 1118 2003 μὴ
1145 1954 1234 1993 τάδε
1259 1953 1467 2004 πράξομεν,
1496 1954 1587 1994 τάδε
1611 1955 1707 2005 ἡμᾶς
1734 1956 1795 1995 καὶ

285 2008 376 2047 τάδε
406 2008 684 2059 περιστήσεται
705 2011 751 2048 τὰ
778 2010 896 2049 δεινά.
941 2011 1035 2061 ὅπερ
1065 2010 1319 2059 Δημοσθένης
1348 2011 1390 2048 ἐν
1417 2009 1663 2064 Ὀλυνθιακῷ
1691 2016 1797 2051 ποιεῖ

287 2064 596 2113 κατασκευάζων,
632 2066 695 2104 οἶα
731 2065 977 2115 συμβήσεται
1013 2071 1091 2107 τοῖς
1125 2065 1360 2115 ὶΑθηναίοις,
1400 2068 1433 2105 εἷ
1466 2066 1517 2115 μὴ
1551 2066 1794 2116 βοηθήσειαν

284 2118 518 2162 Ὀλυνθίοις.
553 2121 614 2160 καὶ
637 2123 724 2171 γὰρ,
746 2126 772 2143 “
790 2121 875 2161 εἰπέ
894 2139 971 2171 μοι,
996 2123 1050 2163 τίς
1072 2122 1190 2161 αὐτὸν
1212 2122 1379 2161 κωλύσει
1400 2125 1511 2172 δεῦρο
1528 2125 1791 2170 βαδίζοντα-

284 2173 306 2222 ἦ
335 2176 460 2216 ἄλλος
488 2176 594 2221 τις;”
628 2176 820 2216 REISK.
882 2177 1062 2230 Εο1·0(3·10
1095 2182 1138 2217 et
1171 2177 1291 2230 11111110
1325 2177 1650 2218 Demosthenice
1683 2178 1793 2231 Syri-

284 2244 415 2269 anus:
451 2232 535 2270 εἰπέ
562 2249 640 2280 μοι,
671 2233 725 2273 τίς
755 2232 942 2271 αὐτὸν-.
1005 2233 1203 2273 F·01mula
1236 2233 1319 2272 εἰπέ
1348 2250 1414 2282 μοι
1446 2233 1527 2272 vim
1562 2233 1792 2288 intelroga-

285 2284 409 2324 tionis
432 2301 536 2338 quae
558 2287 746 2340 sequitur
767 2288 943 2327 multum
963 2293 1101 2342 auget.
1124 2303 1163 2341 p.
1187 2300 1206 2338 7
1224 2291 1281 2332 18
1311 2301 1371 2340 15.
1407 2289 1491 2328 εἰπέ
1510 2305 1589 2338 μοι,
1611 2306 1646 2328 τι
1668 2291 1790 2329 δειιό-

284 2357 400 2380 τατον
421 2342 562 2383 πάντες
584 2342 631 2381 ἂν
656 2344 894 2384 ἀκούσαντες
915 2344 1095 2395 φησαιτε,
1121 2361 1182 2383 και
1202 2345 1240 2383 τί
1258 2344 1306 2383 ἂν
1327 2344 1500 2393 μάλιστα
1527 2346 1786 2394 ἀπεύξαισθε·
1778 2378 1788 2392 ,

286 2395 441 2436 Nostro
461 2397 550 2437 1000
572 2397 995 2451 significantissimum
1017 2400 1093 2438 hoc
1123 2399 1207 2439 εἰπέ
1234 2416 1299 2448 μοι
1320 2413 1341 2437 0
1363 2399 1473 2438 1111110
1495 2400 1630 2439 adhuc
1652 2401 1792 2441 codice

285 2457 501 2492 enotatum
530 2468 619 2492 esse
650 2468 864 2501 1111101.110
892 2469 1020 2507 prope
1052 2460 1116 2494 est
1141 2460 1189 2494 ut
1214 2455 1401 2494 doleam:
1444 2455 1655 2495 ihetorem
1682 2456 1792 2496 enim

285 2508 524 2548 memoriter
553 2509 755 2549 citantem
785 2510 835 2549 de
857 2525 930 2550 suo
952 2510 1160 2550 addidisse
1181 2510 1281 2549 mihi
1311 2525 1457 2563 parum
1485 2512 1699 2564 probabile
1727 2513 1788 2552 fit.

286 2563 427 2603 Etiam
441 2565 703 2618 participium
717 2567 928 2615 βαδίζοντα
943 2566 1033 2605 vide
1048 2581 1098 2605 110
1115 2566 1241 2619 ipsius
1255 2566 1309 2605 sit
1323 2580 1370 2605 01
1371 2566 1515 2606 atoris.
1539 2566 1790 2607 SOHAEF.

286 2619 390 2659 Cum
414 2620 587 2660 Svriano
610 2621 685 2660 vol.
707 2636 744 2671 4.
770 2637 809 2674 p
834 2632 926 2674 739
952 2622 1035 2673 (cui
1058 2637 1132 2675 pro
1161 2623 1221 2662 καὶ
1252 2624 1326 2673 γὰρ
1356 2622 1661 2662 restituendum
1692 2625 1791 2675 φησὶ

284 2693 358 2725 γαρ
395 2690 445 2714 ex
484 2677 574 2715 cod
598 2676 822 2730 Ven.,‹1ui
858 2677 1017 2717 omittit
1052 2678 1136 2717 εἰπέ
1166 2679 1249 2727 μοι)
1294 2677 1560 2718 consentiunt
1600 2679 1682 2718 duo
1721 2679 1790 2719 alii

285 2731 545 2779 scholiastae
582 2732 688 2772 alter
726 2733 1002 2786 Hennooenis
1033 2734 1109 2773 vol.
1216 2749 1255 2787 p.
1286 2735 1380 2783 604.
1414 2734 1521 2773 alter
1557 2734 1790 2787 Aphthonii

285 2787 398 2825 vol.2
407 2802 475 2840 ,11.
492 2789 586 2838 679.
649 2788 730 2827 Sed
753 2793 839 2828 tres
860 2789 949 2828 illos
975 2789 1231 2836 scholiastaS,
1255 2789 1323 2842 qui
1346 2789 1431 2829 εἶπέ
1450 2806 1515 2840 μοι
1535 2790 1710 2838 addunt,
1734 2792 1789 2830 ἔτι

284 2847 425 2881 autem
453 2842 666 2889 omittunt,
700 2848 742 2883 ct
773 2845 981 2894 βαδίζοντα
1014 2845 1213 2891 scribunt.
1246 2844 1364 2885 facile
1395 2844 1640 2898 intelligitur
1670 2845 1789 2885 unius
