1934 3179
277 140 362 181 356
835 142 950 182 PRO
983 142 1232 183 CORONA.

278 246 452 298 epistola
474 251 604 300 patet,
628 247 704 286 hoc
726 252 913 300 tempore
938 262 1081 300 pacem
1104 247 1413 287 Philocrateam
1438 248 1621 287 nondum
1642 247 1787 287 solem-

278 301 391 341 niter
412 302 654 342 dissolutam
682 302 845 341 fuisse?
878 302 1217 343 BOEHNEUK.
1269 303 1296 342 l.
1318 318 1351 342 0.
1374 318 1412 354 p.
1435 304 1529 356 485.
1592 303 1713 343 Dixit
1735 304 1786 342 de

278 357 355 397 hac
388 357 564 411 epistola
595 359 796 411 Droysen.
819 373 859 412 p.
883 359 976 410 809.
1009 364 1156 399 contra
1186 373 1307 412 quem
1339 359 1525 398 defendit
1549 359 1787 399 Voemelius

282 424 318 453 2.
343 428 383 466 p.
407 427 455 464 ¹4
476 428 535 466 sq.

337 481 430 520 251,
448 482 487 522 3.
520 469 750 521 Λαομέδων]
789 470 1001 519 Λεωδάμας
1022 469 1175 509 dicitur
1197 469 1238 508 in
1259 470 1428 510 decreto
1452 470 1604 509 Eubuli
1626 485 1664 523 p.
1692 483 1783 518 249,

283 537 346 576 15.
381 524 450 563 ubi
477 525 740 564 accusativus
768 529 832 564 est
852 526 1126 576 Λεωδάμαντα,
1156 525 1197 564 in
1226 526 1463 565 recentibus
1490 525 1650 578 aliquot
1678 525 1785 564 codi-

277 579 393 619 cibus
426 580 591 633 Taylori
625 585 668 620 et
705 581 861 620 Rciskii
891 581 1144 631 Λαομέδοντα
1177 581 1367 634 scriptus.
1429 581 1691 621 Probabilius
1722 588 1786 620 est

276 634 468 675 librarios
490 650 539 675 ex
566 636 847 676 Leodamante
872 637 1210 684 Laomedontem,
1234 642 1378 676 notum
1404 651 1454 676 ex
1474 637 1650 676 historia
1669 637 1785 676 fabu-

276 690 365 730 losa
386 705 547 739 nomen,
572 692 714 731 fecisse
736 706 860 745 quam
886 698 1043 741 contra,
1068 707 1140 732 nec
1162 693 1301 746 magni
1330 693 1527 732 momenti
1550 692 1660 745 quod
1683 696 1785 731 Λαο-

276 747 444 795 μέδοντα
464 747 616 801 legitur
636 748 746 801 apud
771 747 916 787 Liban.
935 748 1011 787 vol.
1035 763 1072 799 4.
1097 764 1136 801 p.
1163 762 1255 802 299,
1285 762 1344 799 ¹9-
1409 748 1688 799 Quamobrem
1719 747 1784 786 hic

277 816 440 855 quoque
461 803 672 853 Λεωδάμας
693 804 755 843 νο1
777 804 923 843 saltem
944 805 1153 853 Λαοδάμας
1175 803 1450 843 scribendum.

336 870 428 911 251,
451 871 490 912 5.
524 861 566 898 ἐν
585 859 737 913 μεγάλῃ
761 860 912 912 εὐηθείᾳ
935 860 1114 912 ἔσεσθαι]
1155 859 1302 899 Malim
1323 860 1476 914 μεγάλῃ
1499 860 1651 912 εὐηθείᾳ
1672 859 1785 899 συνέ-

276 918 419 965 χεσθαι
444 918 519 954 aut
551 914 772 966 ἐνέχεσθαι.
806 915 998 954 REISK.
1065 916 1145 954 Pro
1168 916 1330 955 ἔσεσθαι
1351 915 1513 954 mallem
1537 916 1646 963 εἶναι,
1669 915 1702 954 si
1723 915 1785 954 vel

276 984 382 1008 unus
402 969 507 1009 liber
526 970 751 1010 addiceret.
813 969 1064 1010 SOHAEF.

335 1037 428 1078 251,
449 1036 484 1078 7.
509 1028 562 1067 εἰς
580 1027 755 1078 Λῆμνον]
783 1026 898 1076 Quae
920 1026 1053 1065 insula
1068 1026 1389 1066 Atheniensium
1411 1035 1513 1066 erat.
1557 1026 1784 1066 Aeschines

275 1081 326 1120 (10
358 1081 461 1120 falsa
490 1081 614 1135 legat.
637 1097 676 1134 p.
698 1095 766 1134 37.
817 1082 988 1131 Λήμνου,
1010 1081 1173 1133 Ἴμβρου
1208 1083 1268 1122 καὶ
1298 1085 1457 1133 Σκύρου,
1488 1086 1563 1122 τῶν
1590 1083 1786 1132 ἡμετέρων

277 1138 488 1186 κτημάτων.
562 1136 776 1177 Sancitum
811 1142 904 1177 erat
944 1152 1044 1190 pace
1088 1137 1337 1177 Antalcidae
1378 1139 1527 1183 ταύτας,
1570 1139 1701 1188 ὥσπερ
1741 1139 1784 1176 τὸ

277 1194 455 1244 ἀρχαῖον,
480 1193 579 1232 εἶναι
600 1193 831 1243 Ἀθηναίων,
849 1194 899 1232 cf.
919 1194 1114 1246 Xenoph.
1134 1193 1246 1233 Hist.
1265 1195 1389 1245 (11.5,
1414 1207 1524 1247 1,31.
1559 1193 1782 1233 DISSEN.

336 1260 429 1301 251,
455 1250 492 1287 8.
525 1249 826 1302 Σηλυβριανοῖς]
862 1249 976 1288 Urbs
1008 1249 1121 1302 prius
1144 1249 1462 1289 Atheniensium
1494 1249 1605 1288 socia
1634 1249 1782 1296 fuerat,

277 1303 350 1343 sed
371 1308 461 1344 tum
487 1305 666 1344 obnoxia
689 1304 902 1357 Byzantio,
925 1306 974 1344 cf.
1000 1305 1270 1346 Demosthen.
1293 1305 1343 1344 de
1366 1304 1501 1344 Rhod.
1523 1305 1719 1344 libertate
1741 1319 1781 1357 p.

282 1360 373 1412 198.
406 1359 631 1399 DISSEN.
694 1361 756 1399 De
788 1361 1001 1400 obsidione
1029 1361 1143 1400 urbis
1167 1377 1201 1401 v.
1225 1361 1405 1401 Clinton.
1431 1361 1548 1400 Fast.
1573 1360 1681 1400 Hell.
1705 1360 1782 1400 vol.

279 1428 315 1457 2.
337 1430 375 1468 p.
399 1418 490 1465 146.
512 1416 588 1455 vol.
610 1429 648 1469 3.
671 1431 711 1470 p.
734 1419 827 1455 606.

335 1483 428 1524 251,
452 1485 466 1510 1
481 1485 513 1510 1.
540 1473 778 1524 συνετάχθη]
805 1474 1010 1525 Ιηῂιηεΐα,
1027 1473 1223 1512 mandata
1243 1480 1344 1512 sunt.
1393 1472 1625 1526 Hesychius
1647 1471 1723 1511 vol.
1748 1484 1783 1511 2.

277 1541 316 1579 p.
344 1538 458 1580 1305.
511 1527 738 1576 Συνέτοιξεν·
775 1530 1012 1576 ἐνετείλατο,
1043 1529 1319 1579 παρήγγειλεν.
1343 1543 1381 1581 p.
1406 1540 1523 1581 1312.
1585 1527 1783 1577 Συντάξει·

276 1587 531 1633 παραγγελεῖ.
593 1582 843 1622 SOHAEF.

335 1649 429 1691 251,
457 1652 519 1692 13.
552 1640 710 1677 ἰδιωτῶν
739 1640 812 1688 μὲν
843 1643 913 1678 νῦν
944 1640 1084 1691 ὄντων]
1130 1639 1194 1677 Ex
1226 1639 1302 1678 1100
1335 1653 1506 1677 1111111010
1538 1638 1636 1676 nihil
1669 1643 1783 1678 vetat

278 1693 404 1733 fuisse
437 1698 480 1733 et
516 1694 853 1733 Demosthenem.
907 1695 964 1732 W
970 1695 1098 1733 OLF.
1184 1695 1484 1733 Demosthenes
1515 1693 1653 1747 potuit
1684 1708 1783 1733 sane

277 1763 366 1788 esse
388 1749 498 1788 inter
517 1749 604 1796 hos,
628 1750 700 1789 sed
729 1755 855 1804 negat
883 1750 917 1788 is
943 1764 985 1789 se
1017 1750 1082 1789 hic
1108 1750 1396 1803 significatum.
1419 1757 1641 1802 propterea
1672 1750 1782 1802 quod

276 1805 562 1858 psephismata
597 1805 648 1844 de
680 1805 761 1845 ista
792 1820 836 1845 re
867 1805 1023 1859 scripta
1053 1805 1228 1845 aliorum
1260 1806 1437 1852 fuerant,
1470 1819 1611 1844 eorum
1641 1810 1782 1844 autem

275 1862 480 1900 factorum
502 1875 576 1900 rex
597 1861 754 1900 nullum
776 1866 1082 1909 commemoret,
1106 1861 1254 1914 quibus
1275 1861 1361 1914 ipse
1382 1861 1467 1900 suis
1488 1860 1782 1914 psephismatis

276 1916 445 1955 obnisus
467 1916 532 1956 sit.
596 1916 700 1956 Post
731 1917 832 1956 haec
863 1917 895 1956 si
918 1917 1137 1956 Aeschinis
1168 1917 1398 1957 orationem
1425 1931 1724 1969 comparamus„
1748 1917 1782 1956 is

276 1972 400 2012 aliam
433 1972 599 2011 omnino
635 1987 826 2012 caussam
863 1977 1011 2026 ruptae
1051 1973 1164 2026 pacis
1194 1973 1317 2012 affert
1349 1988 1386 2026 p.
1411 1975 1477 2026 65.
1521 1973 1636 2026 cujus
1672 1972 1782 2012 nulla

276 2027 432 2067 mentio
466 2028 578 2082 apud
616 2028 952 2068 Demosthenem.
1015 2029 1096 2068 Sed
1133 2029 1436 2068 Demosthenes
1468 2028 1525 2067 sic
1557 2028 1782 2081 respondet

276 2083 330 2122 ad
367 2083 460 2131 ista,
494 2088 542 2122 ut
576 2084 677 2123 haec
711 2084 872 2124 veriora
904 2089 1100 2137 opponat,
1135 2098 1210 2124 nec
1241 2099 1344 2137 opus
1375 2088 1439 2123 est
1468 2088 1516 2123 ut
1546 2088 1781 2123 statuamus

277 2139 530 2178 Aeschinem
562 2139 603 2177 in
639 2139 753 2179 edita
782 2140 947 2179 demum
978 2140 1168 2180 oratione
1198 2139 1383 2193 posuisse
1409 2140 1519 2192 quod
1551 2140 1672 2179 affert
1699 2139 1780 2179 fac-

276 2198 378 2234 tum.
431 2194 653 2234 DISSEN.

337 2261 430 2300 251,
460 2253 519 2288 16.
565 2250 886 2303 συντετελέσθαι]
937 2251 1188 2291 Observabis
1228 2251 1456 2304 perfectum
1497 2250 1780 2304 significanter

277 2304 460 2358 positum
493 2305 543 2344 de
577 2319 633 2351 10,
669 2320 792 2358 quam
827 2306 894 2345 isti
928 2321 1052 2360 quam
1087 2306 1264 2360 primum
1297 2311 1433 2346 ratam
1465 2307 1603 2346 videre
1637 2306 1777 2345 velint.

279 2360 496 2399 Demosth.
519 2361 570 2399 de
592 2361 834 2400 Chersones.
855 2376 896 2414 p.
921 2375 987 2414 91.
1019 2364 1105 2413 περὶ
1126 2363 1271 2401 τούτων
1303 2362 1335 2401 δ“
1360 2362 1464 2411 οἶμαι
1491 2362 1560 2411 τὴν
1590 2364 1779 2414 ταχίστην

277 2416 493 2466 συμφέρειν
515 2417 575 2456 καὶ
595 2420 890 2466 βεβουλεῦσθαι
912 2418 972 2456 καὶ
993 2417 1319 2467 παρεσκευάσθαι.
1370 2417 1594 2456 DISSEN.

276 2555 522 2585 Atheniensium
546 2561 623 2591 erat,
645 2565 796 2594 occupare
818 2556 995 2593 prohibere-

276 2603 338 2635 tur,
355 2598 535 2627 tenentibus
552 2598 720 2627 transitum
742 2608 804 2628 non
824 2598 994 2637 Byzantio·

274 2649 346 2668 rum
371 2645 508 2676 tantum,
525 2641 576 2669 sed
601 2640 796 2669 Rhodiorum
821 2651 943 2678 quoque
965 2647 996 2670 et

276 2681 429 2710 Chiorum
453 2683 596 2718 navibus,
613 2683 789 2712 conciliavit
808 2683 928 2711 animos
944 2692 992 2711 eo-

276 2734 346 2752 rum
369 2725 526 2753 reddendo
548 2734 654 2761 naves,
672 2734 748 2762 quas
769 2731 891 2762 ceperat
906 2725 992 2762 quasi

274 2771 447 2804 sequestres
466 2766 588 2795 futuras
604 2767 796 2796 ordinandae
815 2767 896 2805 pacis
912 2766 994 2796 inter

275 2817 307 2836 se
322 2815 415 2846 atque
427 2808 607 2846 Byzantios,
621 2809 672 2846 qui
685 2818 793 2837 caussa
806 2808 874 2838 belli
886 2816 992 2838 erant:

275 2855 436 2888 tractaque
460 2860 514 2887 per
536 2860 688 2888 magnum
712 2858 834 2888 tempus
857 2850 993 2888 postula-

276 2891 369 2927 tione,
386 2901 483 2929 quum
501 2893 539 2921 de
554 2892 709 2921 industria
724 2892 856 2921 subinde
874 2892 989 2930 aliquid

276 2933 308 2960 in
324 2933 554 2963 conditionibus
570 2940 732 2969 retexeret,
746 2933 871 2963 classem
889 2943 943 2971 per
959 2934 989 2962 id

1062 2562 1185 2594 tempus
1213 2556 1409 2594 praeparavit
1433 2565 1530 2594 eaque
1554 2556 1585 2584 in
1617 2555 1779 2594 angustias

1061 2600 1144 2636 freti,
1160 2598 1312 2636 imparato
1327 2597 1424 2634 hoste,
1438 2598 1558 2626 subitus
1573 2597 1681 2627 evasit.
1726 2597 1779 2626 Ex

1062 2651 1109 2678 00,
1133 2642 1214 2679 quud
1246 2639 1408 2678 Philippus
1435 2640 1562 2678 navigia
1588 2639 1721 2669 reddidit
1746 2646 1778 2668 et

1063 2682 1312 2712 Atheniensibus
1342 2692 1448 2720 paoem
1478 2692 1510 2711 se
1539 2682 1778 2711 observaturum

1062 2725 1241 2760 declaravit,
1272 2723 1403 2753 Diodori
1440 2724 1595 2753 sententia
1624 2724 1662 2753 de
1699 2723 1778 2752 inita

1060 2777 1142 2796 nova
1168 2776 1241 2805 pace
1266 2772 1336 2795 orta
1364 2776 1429 2795 esse
1455 2766 1590 2795 videtur.
1638 2765 1776 2794 Possunt

1060 2809 1154 2838 etiam
1171 2808 1382 2837 Athenienses
1401 2807 1556 2845 ceterique
1573 2807 1694 2842 Graeci,
1714 2807 1777 2845 By-

1059 2851 1237 2880 zantiorum
1254 2850 1337 2887 socii,
1354 2859 1427 2888 parc
1443 2859 1537 2887 quam
1553 2859 1623 2878 cum
1640 2849 1688 2878 his
1702 2848 1776 2877 fecit

1059 2892 1270 2930 comprehensi
1290 2891 1393 2920 fuisse.
