1934 3179
282 109 364 147 404
836 107 950 146 PRO
983 106 1232 146 CORONA.

341 215 434 266 276,
460 213 524 253 28.
550 212 832 264 φυλάττοντος]
873 211 1102 264 Exspectes
1132 208 1441 260 φυλαττομένου.
1503 208 1570 248 Sic
1598 210 1791 260 φυλαττό-

281 286 401 320 μενον
430 270 491 309 καὶ
521 269 794 320 προορώμενον
814 283 852 320 p.
879 278 971 319 773.
995 267 1048 305 in.
1112 266 1193 305 Sed
1221 265 1290 304 τὸν
1315 266 1610 316 φυλαττόμενον
1636 268 1791 317 (caven-

281 326 374 376 tem)
398 329 566 378 oportet
587 324 799 375 φυλάττειν
822 322 1089 375 (ίιιυι“ῃὶἶαι”ο),
1112 335 1162 360 ne
1193 320 1357 361 accidat
1382 320 1492 373 quod
1522 335 1670 359 nocere
1701 334 1792 374 pos-

283 381 362 420 sit:
395 386 442 421 ut
464 380 646 419 activum
666 379 929 431 mediumque
956 377 1111 430 passim
1141 376 1374 429 promiscue
1396 376 1587 429 usurpari
1618 375 1790 430 possint.

348 494 440 539 2‘·6‚
474 505 538 542 29.
570 491 715 530 Verba
751 491 881 540 ὥσπερ
919 491 1029 528 εἴωθε
1065 491 1112 528 τὰ
1148 492 1307 528 τοιαῦτα
1343 488 1430 539 παρ’
1463 489 1552 537 ὑμῖν
1586 489 1794 538 γίγνεσθαι

283 547 543 587 notissimam
575 547 817 596 δυσβουλίαν
838 545 1157 584 Atheniensium
1189 549 1397 597 spectant,
1420 544 1470 583 de
1493 558 1574 596 qua
1596 543 1687 582 vide
1713 542 1794 581 De-

283 603 488 643 mosthen.
520 602 561 641 in
595 602 715 655 Lept.
743 617 782 655 p.
811 602 907 652 458.
939 600 1036 653 ibiq.
1058 601 1186 639 Wolf.
1254 599 1388 639 Addit
1424 604 1565 639 autem
1600 599 1713 646 haec,
1747 602 1795 637 ut

283 659 407 698 fidem
427 658 554 698 faciat
576 656 807 697 narrationi
830 658 879 696 de
902 656 1122 696 Aeschinis
1145 656 1356 695 electione.
1398 656 1632 695 DISSEN.

344 726 440 765 277,
466 728 499 752 Ι.
531 712 789 766 προβληθεὶς]
825 712 941 753 Citat
972 713 1012 751 h.
1045 713 1069 751 l.
1104 711 1418 765 Harpocration
1447 726 1482 750 v.
1517 709 1796 761 προβαλλομέ-

285 786 397 812 νουςῑ
432 769 500 823 qui
525 769 837 822 Harpocration
864 784 913 808 ex
941 769 1018 807 hoc
1042 767 1338 807 Demosthenis
1368 767 1457 806 loco
1486 771 1549 806 est
1577 766 1795 805 emendan-

286 826 374 865 dus.
417 825 612 865 REISK.

343 880 583 935 πυλάγορος]
617 880 811 920 Alterum
843 894 972 934 genus
1003 879 1247 933 legatorum.
1271 879 1339 931 qui
1370 879 1423 918 ad
1455 878 1669 918 consilium
1697 877 1796 916 Am—

286 937 597 991 phictyonicum
627 936 752 976 missi.
816 937 979 975 Horum
1010 935 1188 975 maxime
1214 934 1377 974 videtur
1403 935 1528 974 fnisse
1557 934 1796 979 deliberare,

287 993 498 1033 orationes
519 993 689 1040 habere,
707 993 940 1032 decernere.
1002 992 1066 1030 Ac
1088 992 1173 1032 τοὺς
1196 990 1473 1041 ἱερομνήμονας
1496 990 1798 1029 Demosthenes

288 1050 424 1103 paullo
446 1054 542 1102 post
562 1049 662 1088 dicit
684 1050 908 1099 ἀνθρώπους
930 1049 1109 1097 ἀπείρους
1130 1048 1272 1098 λόγων.
1328 1047 1549 1086 Caeterum
1571 1045 1800 1085 Aeschines

290 1105 517 1159 Pylagoras
538 1105 675 1145 factus
696 1105 896 1144 archonte
919 1103 1223 1156 Theophrasto.
1248 1103 1298 1142 cf.
1313 1107 1445 1142 contr.
1463 1101 1647 1154 Ctesiph.
1670 1116 1709 1154 p.
1731 1103 1799 1150 69.

288 1162 328 1201 h.
345 1176 378 1201 e.
397 1161 563 1209 Ol.110,
584 1174 624 1209 1.,
645 1160 982 1214 Elaphebolione.
1016 1159 1249 1198 DISSEN.
1314 1158 1469 1198 Forma
1490 1159 1712 1208 πυλάγορος
1733 1155 1800 1196 hic

289 1222 331 1257 et
349 1217 457 1256 infra
474 1233 512 1271 p.
534 1218 625 1268 278.
651 1230 708 1267 ¹9·
732 1218 796 1257 28.
816 1231 837 1255 e
857 1215 971 1255 libris
993 1215 1229 1255 melioribus
1250 1214 1449 1254 restituta
1469 1228 1545 1267 pro
1561 1214 1799 1264 πυλαγόρας.

291 1273 482 1313 Eandem
504 1278 647 1312 tuetur
667 1278 835 1326 praeter
857 1271 1016 1311 Anecd.
1036 1271 1167 1311 Bekk.
1189 1286 1226 1324 p.
1244 1281 1337 1322 292,
1356 1272 1421 1310 26.
1458 1269 1634 1309 Photius
1650 1284 1688 1322 p.
1704 1281 1800 1319 474,

296 1342 358 1368 10.
382 1329 451 1368 ubi
481 1331 534 1370 εἷς
560 1329 627 1368 τὸν
649 1329 822 1377 πόλεμον
843 1327 1091 1367 mutandum
1123 1341 1211 1366 esse
1242 1327 1282 1365 in
1311 1328 1351 1365 ἐκ
1380 1330 1456 1365 τῶν
1478 1327 1631 1364 πόλεων
1652 1325 1802 1364 docent

292 1386 454 1424 Anecd.
486 1385 618 1423 Bekk.
646 1385 670 1423 l.
701 1399 733 1423 c.
766 1384 1001 1437 Etymolog.
1034 1384 1093 1422 M.
1122 1398 1162 1436 p.
1193 1384 1286 1435 695,
1314 1396 1381 1431 44.
1414 1386 1456 1421 et
1491 1380 1802 1434 Harpocration

292 1455 323 1479 s.
344 1456 378 1479 v.
401 1442 542 1485 Πύλαι,
563 1440 630 1493 qui
647 1445 836 1479 nostrum
853 1439 988 1478 locum
1006 1439 1152 1478 citant.
1191 1438 1245 1477 V.
1265 1436 1642 1491 Schweighaeuseri
1663 1436 1803 1476 Lexic.

295 1496 502 1536 Herodot.
535 1497 609 1535 vol.
643 1509 677 1536 2.
705 1510 744 1548 p.
778 1498 869 1534 261.
893 1510 924 1533 s
989 1495 1186 1534 Fortasse
1207 1496 1341 1533 forma
1367 1493 1408 1532 in
1435 1501 1475 1534 ο”ς
1501 1493 1578 1532 suit
1601 1492 1804 1532 vetustior

294 1552 467 1605 ideoque
489 1552 621 1605 magis
642 1551 959 1590 aemnunodata.
981 1550 1133 1590 tabulis
1155 1549 1341 1602 publicis.
1386 1548 1638 1589 SOHAEF.

354 1621 446 1657 277.
462 1621 502 1659 5.
521 1609 647 1648 πάντα
667 1606 777 1646 τᾶλλ’
795 1608 908 1657 ἀφεὶς
930 1623 962 1645 κ.
979 1623 1011 1645 τ.
1027 1605 1087 1659 λ.]
1119 1606 1234 1645 Uitat
1252 1606 1290 1644 h.
1305 1605 1329 1645 l.
1349 1605 1636 1658 Hermogenes
1658 1619 1696 1657 p.
1711 1616 1803 1655 275.

295 1664 488 1703 REISK.

355 1722 494 1771 277‚6.
509 1721 650 1771 λόγους
668 1719 953 1770 εὐπροσώπους]
975 1717 1088 1757 Citat
1106 1718 1418 1757 phoebammon
1436 1731 1474 1769 p.
1491 1729 1577 1756 100.
1612 1714 1805 1754 REISK.

298 1776 352 1815 V.
375 1781 461 1815 not.
484 1776 598 1828 adp.
625 1777 716 1824 269.
743 1786 807 1815 20.
852 1773 1102 1813 SGHAEF.

355 1833 533 1884 Κιρραία]
575 1830 678 1870 Rem
696 1844 805 1877 vero,
823 1830 873 1868 de
890 1844 971 1882 qua
992 1829 1058 1868 hic
1080 1829 1232 1881 agitur.
1251 1833 1398 1868 narrat
1420 1827 1649 1867 Aeschines
1672 1831 1805 1866 contr.

298 1888 482 1941 Ctesiph.
498 1902 536 1940 p.
553 1888 695 1938 6836.
741 1885 849 1924 Vide
867 1885 993 1925 etiam
1010 1881 1200 1924 Mueller.
1217 1885 1332 1924 Hist.
1349 1885 1451 1923 Dor.
1468 1897 1481 1922 1
1495 1914 1501 1921 .
1513 1895 1629 1936 p.43.
1644 1883 1749 1933 258..
1766 1886 1808 1921 et

297 1944 481 1996 ejusdem
511 1943 601 1982 libr.
625 1943 675 1981 de
698 1941 890 1981 Orehom.
914 1956 952 1994 p.
975 1955 1028 1992 49
1033 1954 1072 1994 5.
1135 1940 1402 1980 Habitabant
1438 1939 1562 1979 istam
1598 1938 1809 1991 regionem

297 1999 395 2038 olim
428 1998 614 2039 Cirrhaei
646 2003 689 2037 et
720 1997 1022 2050 Craugallidae.
1047 1997 1114 2049 qui
1139 1996 1200 2035 Ol.
1224 2008 1290 2048 47.
1323 1996 1429 2035 bello
1458 1993 1808 2047 Amphictyonico

298 2060 345 2094 ut
372 2055 514 2094 hostes
542 2054 683 2107 templi
709 2053 834 2092 deleti
866 2059 975 2100 sunt7
998 2067 1098 2106 ager
1118 2057 1259 2091 autem
1281 2051 1464 2104 Apollini
1487 2051 1661 2097 dicatus,
1684 2050 1809 2088 inter-

299 2110 538 2163 dictumque
565 2114 628 2149 est
656 2108 901 2162 gravissima
927 2108 1224 2153 exsecratione,
1248 2122 1298 2147 ne
1320 2107 1410 2160 quis
1438 2106 1478 2145 in
1510 2110 1723 2158 posterum
1744 2119 1810 2144 oc-

299 2171 472 2219 cuparet
494 2170 568 2205 aut
593 2165 747 2204 coleret
776 2164 877 2203 haec
907 2165 1009 2203 loca.
1071 2164 1136 2203 Ae
1160 2163 1342 2202 dubitari
1374 2161 1519 2215 nequit
1541 2162 1591 2200 de
1612 2160 1811 2200 historica

299 2221 479 2261 veritate
500 2221 570 2267 rei,
590 2235 714 2273 quam
732 2220 1036 2259 Demosthenes
1058 2219 1208 2269 injuria
1229 2219 1412 2257 fabulam
1434 2217 1545 2256 dicit.
1604 2217 1683 2255 Sed
1707 2216 1811 2255 levia

300 2277 337 2315 ei
370 2277 621 2316 videbantur
656 2275 757 2314 talia
793 2289 893 2327 prae
931 2275 1064 2314 salute
1101 2274 1300 2313 Graeciae
1336 2273 1427 2313 istis
1462 2272 1597 2312 turbis
1632 2271 1810 2324 perdita.

301 2333 538 2372 DISSEN.

360 2398 453 2439 277,
478 2402 515 2438 9.
540 2386 793 2437 Ἀμφισσεῖς]
829 2385 1124 2437 Amplm'ssenses
1157 2384 1347 2437 neglecta
1383 2382 1558 2436 antiqua
1590 2383 1679 2436 lege
1711 2383 1812 2422 Am—

301 2443 567 2497 phictyonica
586 2456 732 2495 agrum
755 2442 907 2480 iterum
928 2440 1154 2479 coluerant.
1197 2439 1508 2491 Habebantque
1525 2438 1565 2477 in
1584 2453 1632 2478 ea
1647 2438 1812 2492 figlinas

303 2504 345 2539 et
366 2499 531 2540 stabula
552 2503 759 2551 portuque
780 2497 1009 2536 utebantur
1029 2495 1131 2534 diris
1153 2495 1315 2535 devoto.
1361 2495 1595 2533 DISSEN.

363 2568 455 2604 277,
485 2568 545 2593 11.
580 2554 762 2602 οὐδεμίαν
795 2554 901 2601 δίκην
934 2556 1008 2590 τῶν
1042 2555 1202 2601 Λοκρῶν
1235 2550 1461 2601 ἐπαγόντων
1493 2550 1601 2602 ἡμῖν]
1655 2549 1814 2588 Narrat

305 2610 539 2651 Aeschines
560 2614 691 2649 contr.
712 2608 896 2661 Ctesiph.
919 2623 958 2661 p.
979 2619 1043 2658 70.
1062 2621 1145 2659 seq.
1207 2605 1528 2659 Amphissenses
1562 2605 1693 2658 legem
1722 2619 1813 2644 sua-

304 2666 405 2706 sisse
438 2664 817 2718 Amphictyonibus
854 2664 904 2703 de
939 2663 972 2702 L
1004 2663 1259 2702 talentorum
1295 2662 1450 2701 mulcta
1484 2660 1813 2700 Atheniensibus

305 2722 529 2775 irroganda
560 2724 732 2774 propter
758 2734 907 2760 aureos
935 2719 1099 2772 clypeos
1120 2717 1161 2756 in
1183 2733 1288 2757 novo
1309 2717 1464 2770 templo
1485 2715 1701 2755 dedicatos
1721 2729 1814 2755 cum

304 2778 596 2831 inscriptione:
630 2776 831 2825 Ἀθηναῖοι
860 2775 934 2814 ἀπὸ
960 2774 1105 2823 Μήδων
1128 2774 1188 2812 καὶ
1211 2774 1415 2823 Θηβαίων,
1438 2773 1503 2812 ὅτε
1525 2772 1712 2810 τάναντία
1736 2775 1814 2811 τοῖς

298 2832 499 2882 ’Ἐλλησιν
522 2832 726 2883 ἐμάχοντο.
789 2831 853 2870 Ac
878 2845 970 2870 cum
1001 2830 1089 2883 ipse
1119 2829 1320 2869 intrasset
1345 2841 1581 2868 consessum
1608 2831 1655 2865 ut
1676 2826 1813 2866 defen-

308 2888 425 2927 deret
446 2889 602 2934 urbem,
622 2886 981 2939 Amphissensium
1003 2900 1128 2924 unum
1152 2891 1345 2924 exortum
1366 2884 1577 2927 clamasse.
1597 2882 1629 2921 si
1652 2895 1813 2934 sapere-
