1914 3184
282 166 364 204 148
788 166 871 207 DE
904 166 1280 208 HALONNESO.

339 271 404 319 80,
426 282 490 311 22.
512 271 697 326 προτιμᾷ]
729 272 906 314 Photius
927 287 959 312 s.
980 287 1017 312 v.
1040 274 1252 323 Προτιμᾶν·
1284 273 1328 311 τὸ
1350 272 1582 322 φροντίζειν.
1626 272 1688 312 καὶ
1710 276 1787 322 Δη-

277 326 472 377 μοσθένης
503 329 547 368 ἐν
568 331 829 370 Φιλιππικοῖς.
893 328 1055 369 Ironice
1081 327 1267 368 variatur
1289 329 1308 367 ὁ
1331 327 1361 367 δ’
1380 328 1493 368 οὐδὲν
1512 329 1695 378 δεόμενος
1721 331 1788 378 τῆς

280 382 487 433 θαλάττης.
521 383 708 423 VOEM.

335 440 465 479 οικαὸε
500 438 740 493 λαμβάνειν]
775 442 905 480 οἴκαδε
944 439 1167 490 λαμβάνειν
1202 439 1356 479 dicitur
1391 438 1425 478 is
1460 439 1583 487 dona,
1620 439 1690 493 qui
1731 439 1785 480 ab

278 494 414 534 amico
445 495 546 534 foris
577 495 639 534 vel
672 509 848 549 peregre
880 500 1034 550 agente
1065 495 1194 536 missa
1217 494 1379 549 accipit
1409 495 1521 536 ultro
1552 495 1706 544 delata,
1734 510 1786 535 ex

277 549 505 613 insperato,
530 550 643 590 nullo
665 565 740 591 suo
766 551 1007 605 promerito,
1030 555 1073 592 et
1094 551 1202 592 citra
1222 551 1521 606 obligationem
1545 552 1786 593 referendae

276 606 455 659 gratiae.
519 607 739 648 Sententia
765 612 852 648 est:
890 607 954 647 Illi
981 612 1217 671 autumant,
1246 607 1485 662 Philippum
1516 609 1626 649 dona
1656 608 1711 648 ad
1741 623 1786 649 se

276 662 469 702 Athenas
500 663 739 704 mittentem
774 663 944 705 mittere
975 664 1085 704 dona
1118 663 1159 703 in
1189 640 1440 705 Macedonia
1471 669 1600 711 nata3
1638 668 1686 705 at
1716 664 1786 705 ille

276 718 377 757 nihil
409 718 522 758 aliud
559 718 659 772 ipsis
690 719 825 760 mittit
856 735 981 773 quam
1013 720 1206 774 exiguam
1236 720 1488 774 particulam
1519 721 1785 760 fortunarum

274 774 452 826 patriae,
476 789 580 828 quas
612 775 690 829 ipsi
720 782 847 816 antea
870 776 1066 830 Philippo
1087 777 1375 816 vendiderunt.
1424 776 1541 817 Gonf.
1564 792 1605 830 p.
1631 788 1719 830 157,
1744 788 1781 829 7.

275 830 470 870 REISK.
532 833 662 872 οἴκαδε
688 833 912 882 λαμβάνειν
933 836 1076 883 δωρεὰς
1097 832 1283 887 intelligo
1304 833 1407 873 dona
1428 834 1603 887 accipere
1623 832 1784 873 domum

273 887 562 940 transferenda.
596 888 819 928 AUGER.
883 888 1137 942 Simpliciter
1157 894 1221 929 est
1246 904 1328 929 rem
1343 889 1602 942 familiarem
1626 903 1780 943 anyere.

279 941 325 981 ld
357 948 525 983 tantum
556 945 679 984 abest
708 950 755 984 ut
788 944 845 983 illi
878 945 1065 985 homines
1096 951 1418 998 consequantur
1444 950 1492 986 ut
1520 945 1649 985 etiam
1659 959 1783 1018 quae

274 998 389 1052 11·›1ius
410 1000 684 1053 possidebant
705 1001 965 1054 disperdant.
997 1001 1114 1041 Oonf
1137 1017 1176 1055 p.
1203 1014 1291 1055 157,
1319 1015 1377 1041 10.
1438 1019 1475 1041 οι
1495 1003 1562 1044 τὰς
1581 1018 1657 1051 παρ
1687 1003 1782 1041 ε’κεί-

274 1072 341 1094 νου
372 1058 516 1106 δωρεὰς·
551 1059 681 1096 οἴκαδε
716 1056 938 1107 λαμβάνειν
970 1058 1188 1107 νομίζοντες
1218 1058 1284 1097 οὐκ
1316 1059 1569 1110 αἰσχύνονται
1598 1059 1781 1111 Φιλίππῳ

272 1115 408 1158 ζῶντες
429 1112 506 1152 οὐδ
528 1113 780 1152 αἰσθάνονται
800 1113 927 1152 πάντα
955 1114 1015 1152 καὶ
1035 1130 1082 1152 τα
1103 1130 1168 1163 της
1192 1115 1344 1155 πόλεως
1366 1115 1427 1153 καὶ
1451 1116 1498 1154 τὰ
1520 1117 1634 1164 σφῶν
1655 1114 1781 1153 αὐτῶν

272 1172 407 1218 μικροῦ
429 1168 626 1218 λημματος
647 1173 880 1210 πωλοῦντες.
927 1169 1259 1209 SCHAEFER·.

330 1226 395 1271 80,
421 1237 485 1274 29.
520 1226 618 1275 Περὶ
645 1225 841 1276 δὲ-πρὸς
866 1225 976 1279 ὑμᾶς]
1007 1226 1106 1265 Jam
1137 1225 1184 1265 de
1212 1239 1329 1279 pace,
1360 1225 1469 1278 cajus
1502 1225 1782 1265 emendationis

271 1279 392 1332 testati
414 1280 462 1320 ab
483 1295 524 1320 eo
552 1281 662 1321 missi
689 1281 892 1321 licentiam
918 1280 1028 1321 nobis
1054 1281 1257 1330 dederant,
1279 1282 1376 1335 qnia
1400 1281 1447 1320 id
1473 1281 1778 1329 emendavimus,

270 1336 375 1388 quod
396 1337 510 1390 apud
533 1351 661 1377 omnes
690 1337 872 1377 mortales
892 1337 1046 1389 justam
1072 1344 1256 1386 censetur,
1278 1344 1321 1377 ut
1342 1337 1499 1391 utrique
1518 1351 1593 1377 sua
1613 1343 1777 1385 teneant,

269 1406 355 1431 eam
389 1407 426 1432 se
460 1393 660 1433 licentiam
696 1393 846 1433 dedisse
882 1400 917 1433 et
952 1394 998 1433 de
1032 1408 1078 1433 ea
1114 1394 1254 1447 {effatos
1287 1394 1345 1433 ad
1377 1408 1441 1433 vos
1472 1393 1618 1433 dimisse
1652 1399 1778 1447 neyat.

272 1448 495 1488 AUGER.
589 1450 655 1488 Ad
710 1450 917 1489 δεδωκέναι
973 1449 1200 1489 subaudias
1251 1453 1362 1488 τοῦτο
1412 1449 1455 1488 τὸ
1507 1450 1775 1500 ἐπανόρθωμα.

273 1504 604 1544 SGHAEFER.

329 1562 393 1608 81,
420 1573 454 1599 2.
485 1562 543 1600 ὅτι
571 1560 953 1624 ἐπηνωρθωσάμεθα]
991 1561 1071 1600 His
1098 1561 1234 1601 velbis
1266 1575 1426 1609 caussa,
1453 1575 1527 1600 cur
1558 1560 1778 1614 Philippus

270 1630 314 1655 se
338 1616 441 1656 haec
472 1617 724 1656 concessisse
756 1617 982 1670 ne0·,av·elit
1013 1617 1277 1663 continetur;
1313 1617 1676 1667 ἐπηνωρθωσάμεθα
1706 1632 1778 1657 au-

269 1678 354 1712 tem
375 1677 658 1727 p1aegnante1
674 1650 832 1712 dictum
854 1678 943 1712 est:
977 1687 1071 1726 qma
1093 1672 1320 1727 corm‘yendo
1336 1673 1451 1725 pacis
1461 1673 1689 1725 formulam
1710 1673 1778 1713 Ιιοο

258 1730 477 1781 posuimus,
496 1736 538 1769 nt
560 1734 659 1769 cett.
694 1729 729 1768 F
735 1728 914 1767 RAle.
978 1729 1039 1768 01.
1067 1730 1153 1773 108,
1182 1742 1215 1768 2.
1239 1733 1413 1769 auctore
1436 1728 1677 1768 Philocrate
1697 1729 1775 1768 hoc
1801 1750 1804 1754 ξ

267 1788 469 1838 tanquam
496 1785 814 1824 fundamentum
845 1784 960 1837 pacis
986 1790 1079 1824 erat
1105 1785 1406 1825 constitutum:
1441 1784 1643 1835 ἑκατέρους
1669 1785 1776 1837 ἔχειν

269 1840 292 1879 ἃ
315 1841 476 1892 ἔχουσιν
494 1856 531 1894 p.
558 1842 623 1893 83,
646 1854 716 1880 12:
752 1841 860 1879 unde
888 1845 1019 1893 patet.
1044 1855 1117 1880 cur
1142 1846 1249 1881 orat.
1272 1841 1323 1881 de
1347 1854 1450 1894 pace
1477 1855 1516 1894 p.
1540 1842 1606 1893 63,
1634 1853 1641 1878 ι
1652 1854 1692 1893 5.
1716 1841 1775 1880 di-

268 1900 401 1945 catur,
432 1897 718 1950 Amphipolim
751 1911 799 1936 ex
831 1911 934 1949 pace
963 1897 1156 1950 Philippo
1187 1896 1358 1937 cessisse
1383 1896 1504 1946 (conf.
1527 1896 1567 1935 11.
1589 1896 1615 1936 l.
1639 1911 1681 1949 p.
1707 1898 1772 1945 82,

269 1965 334 2003 23.
356 1967 395 2005 p.
421 1954 486 2007 83,
513 1957 606 2005 10.),
631 1953 827 1993 Cardiam
856 1954 1070 2002 αὐτόνομον
1091 1953 1305 1993 mansisse.
1368 1952 1488 1992 Nunc
1515 1966 1624 2001 vero,
1648 1967 1774 2005 quum

268 2007 487 2062 Philippus
508 2009 725 2062 promissis
748 2008 997 2061 quibusdam
1019 2023 1100 2048 non
1123 2008 1323 2057 stetisset,
1346 2008 1591 2062 multaque
1581 2023 1623 2048 111
1642 2008 1773 2049 Thra-

266 2063 342 2108 cia
372 2064 413 2104 in
447 2065 642 2112 Phocide,
670 2065 769 2104 alibi
801 2069 1008 2108 novasset
1038 2065 1330 2111 Athenienses
1360 2065 1587 2118 impetrata
1617 2079 1643 2104 a
1675 2064 1773 2104 Phi-

264 2119 377 2173 lippo
413 2121 528 2173 pacis
564 2121 837 2174 corligendae
874 2121 1007 2168 venia,
1041 2121 1298 2174 Olympiade,
1332 2125 1380 2160 ut
1412 2121 1589 2169 videtur,
1618 2133 1770 2173 109,1.

264 2189 389 2215 suasu
412 2177 594 2216 01³at01is
616 2176 748 2217 nost1i
774 2176 833 2227 (h
856 2153 1025 2229 l.p.81⁷,
1049 2188 1110 2230 15.
1135 2178 1203 2225 82,
1227 2189 1287 2230 25.
1294 2180 1309 2227 )
1333 2178 1618 2225 decreverunt,
1643 2176 1772 2216 ἑκατέ-

263 2248 351 2280 ρους
372 2233 479 2284 ἔχειν
496 2235 541 2271 τὰ
565 2235 710 2272 ἑαυτῶν
727 2247 766 2285 p.
785 2234 849 2277 81,
865 2245 909 2284 33
945 2247 1069 2285 quam
1092 2233 1373 2273 conditionem
1391 2233 1610 2286 Philippus
1631 2237 1770 2272 ratam

264 2300 353 2326 esse
376 2302 454 2325 non
474 2287 614 2358 3jussit.
655 2288 974 2327 WEISKIUS.

323 2345 387 2387 81,
406 2353 441 2393 7.
466 2345 508 2382 ἐν
525 2346 575 2396 τῷ
599 2343 723 2397 δήμω]
751 2343 903 2382 Coram
920 2348 986 2383 tot
1008 2344 1219 2384 hominmn
1242 2344 1421 2383 millibus
1443 2344 1581 2397 palam
1598 2348 1641 2384 et
1659 2344 1770 2384 clare

264 2398 392 2443 dicta,
415 2413 590 2451 quorum
613 2399 645 2437 si
669 2399 737 2451 qui
761 2398 969 2437 dictorum
991 2399 1075 2439 sint
1096 2400 1229 2447 obliti,
1252 2405 1319 2440 tot
1339 2404 1481 2439 tamen
1503 2400 1606 2439 alios
1628 2414 1770 2452 super-

263 2467 353 2493 esse
384 2468 551 2494 necesse
582 2454 638 2494 sit
671 2468 814 2493 eorum
841 2454 977 2494 adhuc
1009 2469 1225 2495 memores
1286 2455 1444 2509 Arguit
1470 2460 1513 2495 et
1540 2455 1649 2496 ridet
1675 2470 1769 2495 cum

263 2508 565 2562 impudentiam
597 2510 793 2550 rtdulatm
796 2525 864 2549 um
892 2510 1087 2564 Philippi,
1111 2516 1201 2551 tum
1226 2511 1536 2551 absurditatem
1563 2525 1768 2551 commen-

261 2569 412 2614 torum,
435 2566 586 2618 quibus
617 2581 709 2606 eum
736 2566 924 2606 ductent.
958 2567 1151 2607 REISK.
1214 2567 1534 2607 Atheniensium
1562 2567 1767 2607 oblivione

261 2626 451 2660 oratores
473 2623 768 2662 abutebantur.
803 2622 920 2661 Dem.
944 2623 970 2662 f.
992 2623 1070 2677 leg.
1095 2638 1134 2676 p.
1156 2636 1263 2676 342:
1297 2624 1341 2662 τὸ
1363 2624 1508 2674 χρόνον
1528 2626 1767 2674 γεγενῆσθαι

258 2679 355 2724 μετὰ
386 2678 455 2726 τὴν
482 2681 700 2728 πρεσβείαν
727 2678 851 2718 πολὺν
879 2677 1030 2718 δέδοικα
1057 2680 1108 2729 μή
1139 2696 1225 2719 τινα
1251 2678 1377 2728 λήθην
1403 2677 1425 2728 ὴ
1453 2678 1664 2727 συνήθειαν
1691 2681 1768 2718 τῶν

259 2733 499 2782 ἀδικημάτων
520 2735 608 2782 ὑμῖν
631 2733 879 2788 ἐμπεποιήκῃ.
927 2735 986 2774 Of.
1012 2735 1106 2774 Cor.
1130 2749 1169 2787 p.
1191 2748 1287 2788 303.
1321 2733 1518 2773 Aeschin.
1540 2748 1572 2773 c.
1593 2734 1702 2774 Otes.
1725 2748 1763 2787 p.

260 2791 354 2836 ⁶¹4-
398 2789 584 2828 VOEM.

321 2847 386 2889 81,
420 2857 477 2882 11.
511 2844 764 2898 παραχρῆμα]
816 2846 884 2884 Ad
919 2849 1192 2898 χειροτονῆσαι
1225 2846 1513 2885 referendum:
1556 2843 1645 2883 fieri
1681 2858 1763 2882 non

259 2904 398 2948 potest
430 2906 476 2939 ut
510 2900 550 2938 in
585 2915 629 2939 re
663 2901 886 2953 praesenti,
920 2902 1066 2941 statim
1101 2907 1195 2954 post
1230 2901 1399 2940 habitas
1431 2916 1455 2940 a
1488 2899 1638 2953 legatis
1669 2913 1762 2938 ora-
