1935 3205
681 133 1078 173 PltAlssFix'rio.
1541 138 1634 176 lxxii

123 239 271 274 sublata
294 252 386 274 voce
409 240 532 273 clamo
552 254 555 271 :
594 240 674 273 llm·
695 241 851 274 ‘ulcus-rute
866 256 874 273 .·
909 241 971 274 lem·
992 254 1098 274 mmm!
1122 247 1183 280 ‘'s-l,
1209 241 1271 275 hor·
1298 242 1378 275 olim
1400 242 1479 286 sisi!
1498 258 1506 274 .·
1539 257 1634 289 slim·-

123 309 196 337 tnle
226 316 325 341 nunc,
356 309 387 337 el
419 303 570 349 prolum*
599 309 713 337 ulrum
745 305 921 338 uiarnllis.
985 304 1139 339 Miseret
1177 318 1234 339 me
1275 306 1469 340 homiuum
1510 307 1634 340 iuva-io

123 366 345 412 ignaviaeue
376 365 498 400 (livam
532 379 576 400 au
610 367 840 407 calliditatis,
864 367 925 414 qui
955 381 997 402 ex
1028 381 1072 402 eo
1100 368 1297 413 gloriolam
1328 377 1495 414 captent,
1519 370 1545 403 si
1572 382 1633 404 ve-

121 437 264 463 tustum
291 429 441 475 aliquod
466 430 680 476 exemplum
713 431 877 465 auctoris
907 431 1067 478 alicujus
1091 431 1190 478 typis
1212 445 1391 466 excusum
1415 445 1500 466 (rum
1525 441 1631 480 typo-

121 493 272 540 graphis
295 493 330 526 iu
355 505 488 527 manus
512 492 705 528 dedissent
736 494 1010 533 recudendum,
1035 495 1185 529 tametsi
1211 507 1284 529 uon
1309 496 1632 539 recognovissent,

120 564 248 591 tamen
272 569 410 591 nomen
434 570 542 591 suum
566 558 839 604 praescribant,
863 559 1027 593 editores
1050 572 1087 593 se
1109 567 1256 605 ¹gerant.
1317 559 1508 601 Mentiris,
1533 560 1633 606 quis-

121 620 205 667 quis
233 633 284 660 cs,
313 621 375 668 qui
407 621 615 656 emtoribus
650 622 701 656 sie
735 622 910 669 imponis.
972 623 1103 657 Editor
1135 630 1174 658 tu
1209 636 1283 657 uon
1318 636 1372 663 es,
1404 624 1468 658 sed
1501 632 1634 659 aiu-tor

120 683 221 718 i'uisti
244 685 480 733 typographo
510 685 730 725 recudendi,
754 697 895 720 nomen
927 693 1033 720 tuum
1066 685 1294 733 bibliopolae
1317 687 1534 728 vendidisti,
1557 701 1631 735 quo
1650 698 1762 720 Lxx›;i

121 746 346 781 vendibilior
374 760 477 782 merx
506 755 658 782 recocta
685 756 795 782 esset.
854 748 1089 796 'l'ypothetae
1121 752 1284 797 majores
1315 750 1523 785 habeamus
1554 751 1632 786 edi-

119 811 233 845 tionis
264 810 461 859 ejusmodi,
484 824 597 858 quam
620 811 697 853 tihi,
721 811 871 859 gratias.
930 812 1062 847 Editor
1088 813 1117 847 is
1147 814 1302 848 demum
1335 822 1403 853 est,
1428 813 1504 861 qui,
1528 815 1634 849 nulla

119 874 254 909 duetus
276 873 503 910 auctoritate
525 876 699 922 quamvis
722 876 847 923 magni
871 875 1047 917 nominis,
1072 884 1217 911 textum
1246 877 1290 910 ad
1322 878 1630 913 membranarum

118 945 154 971 et
186 936 493 986 primigeniarnm
517 951 536 974 e
559 938 790 974 membranis
820 940 1021 974 ductarum
1044 939 1251 975 editionum
1277 940 1386 975 iidem
1412 940 1630 977 veritatem-

119 1014 191 1047 que
221 1010 386 1041 revocet,
412 1011 449 1037 et
481 1003 542 1037 ubi
574 1003 666 1038 haee
698 1003 927 1038 adminicula
958 1004 1136 1039 sanandis
1168 1003 1266 1039 vitiis
1298 1004 1396 1039 haud
1428 1006 1629 1046 sufficiant,

118 1073 196 1100 tum
220 1066 372 1101 demum
395 1067 442 1101 ab
465 1066 617 1115 ingenio
639 1075 703 1102 aut
725 1081 793 1102 suo
816 1075 881 1104 aut
902 1068 1037 1108 alieno,
1060 1082 1134 1116 qua
1156 1078 1257 1116 pote,
1281 1082 1391 1116 opem
1416 1077 1531 1116 petat.

811 1177 842 1217 ξ.
878 1186 937 1217 24.

150 1247 205 1280 I)(³
227 1247 362 1281 ratione
387 1248 633 1283 Ih‘moslltcnis
653 1263 669 1282 ι’
689 1250 949 1295 (oviparalioue
969 1263 1042 1284 cum
1065 1251 1146 1284 aliis
1166 1250 1367 1284 ‹an-loribus
1388 1252 1602 1286 emmerlamli.

171 1322 246 1357 Sed
269 1335 389 1369 paene
412 1323 552 1357 oblitus
574 1337 676 1358 eram
700 1323 828 1364 fontis,
852 1324 915 1370 qui
937 1337 1034 1359 uuus
1056 1325 1179 1359 adhue
1201 1333 1372 1371 superest
1394 1338 1627 1360 commemo-

115 1386 268 1425 randus,
287 1386 386 1421 unde
406 1387 687 1422 Demosthenes
708 1388 903 1422 emendari
926 1396 1062 1434 potest.
1095 1390 1283 1424 Auctores
1304 1389 1339 1422 hi
1358 1397 1448 1423 sunt
1468 1396 1629 1430 veteres,

116 1449 432 1497 grammaticique
465 1458 502 1485 et
532 1451 803 1499 lexicographi,
839 1451 1106 1487 Demosthenis
1140 1452 1246 1487 locos
1280 1452 1497 1499 saepissime
1528 1453 1629 1487 exei-

116 1520 254 1548 tantes.
317 1514 364 1548 Hi
399 1522 486 1548 sunt
522 1514 729 1562 Dionysius
767 1515 1123 1555 Halicarnasseus-is,
1156 1515 1358 1556 Aristides,
1394 1516 1627 1556 Athenaeus,

118 1577 392 1626 Hermogene&
415 1586 452 1612 et
473 1591 605 1613 omues
633 1576 713 1622 ejus
743 1578 971 1625 interpretes
993 1587 1153 1619 veteres
1175 1579 1427 1628 Etymologus
1458 1588 1495 1614 et
1526 1588 1628 1614 totus

115 1653 203 1689 grex
226 1641 528 1683 scholiastarum‚
550 1643 783 1683 criticorum,
806 1642 1087 1692 philologorum
1107 1650 1293 1678 veterum.
1346 1644 1504 1678 Fontem
1528 1645 1628 1680 huuc

115 1717 348 1752 quamquam
387 1705 604 1741 adhucdum
643 1706 747 1742 adire
781 1706 872 1741 mihi
911 1719 978 1754 per
1013 1707 1207 1755 angustias
1243 1707 1422 1754 temporis
1460 1707 1627 1754 aliasque

114 1781 223 1804 curas
253 1782 330 1804 non
359 1769 479 1809 licuit,
503 1770 673 1814 (tametsi
702 1770 802 1806 haud
832 1770 1091 1817 perfunctorie
1124 1769 1351 1818 Dionysium
1383 1771 1626 1806 Halicarnas-

114 1845 264 1868 sensem
285 1841 324 1869 et
342 1832 548 1870 Aristidem
571 1847 658 1870 euin
682 1835 943 1870 Demosthene
965 1835 1178 1878 eontendi‚)
1203 1843 1241 1870 et
1263 1848 1496 1881 quamquam
1521 1835 1626 1883 inge-

115 1897 221 1932 nium
243 1897 336 1932 mihi
351 1910 373 1932 a
388 1906 524 1933 natura
543 1898 705 1947 contigit
725 1898 860 1934 abhoc
881 1910 1022 1947 genere
1043 1898 1262 1947 diligentiae
1285 1898 1506 1938 abhorrens,
1527 1899 1626 1945 quod

115 1960 152 1995 in
173 1961 382 1996 lectitando
403 1968 441 1997 et
461 1961 682 1997 annotando
704 1969 742 1997 et
764 1961 995 1996 conferendo
1016 1962 1116 1997 inter
1136 1975 1175 1997 se
1204 1962 1308 1997 locos
1337 1960 1476 1996 similes
1503 1961 1627 1996 cerni-

115 2031 187 2065 tur,
211 2033 249 2059 et
276 2037 508 2071 quamquam
538 2024 622 2059 fons
652 2025 712 2060 hic
743 2036 865 2074 paene
895 2025 1142 2059 inexhaustus
1173 2033 1242 2064 est,
1268 2032 1308 2059 ut
1337 2025 1627 2059 contentionem

115 2088 360 2123 humerorum
378 2088 531 2135 quotvis
553 2088 613 2122 vel
632 2087 925 2123 fortissimorum
948 2095 1075 2122 tamen
1100 2088 1252 2123 vincere
1273 2088 1459 2127 videatur,
1479 2087 1625 2123 etiamsi

114 2151 177 2186 diu
201 2159 394 2198 noctuque
421 2152 501 2187 sine
522 2151 801 2187 intermissione
828 2151 933 2187 illinc
964 2151 1164 2186 hauriant:
1197 2151 1297 2186 dabo
1319 2159 1449 2187 tamen
1471 2164 1627 2199 operam

114 2215 152 2249 in
177 2223 338 2262 utroque
358 2214 468 2255 libro,
488 2223 524 2250 et
545 2214 773 2250 variantium
800 2215 1024 2255 lectionum,
1048 2223 1086 2250 et
1117 2215 1493 2251 animadversionum
1523 2227 1625 2250 mea-

114 2292 210 2318 rum,
234 2287 274 2313 ut
295 2278 410 2314 etiam
431 2279 532 2314 hunc
553 2278 699 2314 fontem
722 2291 848 2325 neque
870 2279 1077 2328 ignorasse,
1102 2292 1227 2326 neque
1257 2280 1447 2315 devitasse
1477 2286 1543 2313 aut
1573 2278 1629 2312 in-

113 2353 227 2388 super
247 2340 423 2376 habuisse
442 2339 584 2380 videar,
607 2341 757 2376 tametsi
781 2354 959 2390 magnam
990 2342 1189 2377 materiam
1220 2343 1331 2391 hujus
1361 2341 1511 2390 generis
1540 2348 1627 2388 post

114 2404 283 2439 venturis
303 2404 483 2439 intactam
506 2405 732 2452 relinquam.
792 2405 1095 2441 Demosthenem
1118 2406 1231 2441 edere
1253 2419 1321 2454 pro
1343 2406 1528 2454 dignitate
1557 2405 1624 2444 rei,
1639 2421 1774 2443 Lxxxu

114 2467 272 2515 perinde
300 2475 416 2515 atque
444 2468 657 2503 Homerum
687 2468 957 2508 Platonemve‚
990 2481 1065 2504 non
1097 2477 1154 2504 est
1184 2470 1296 2504 unius
1327 2469 1505 2508 hominis,
1534 2481 1624 2510 non,

114 2543 233 2579 paene
254 2531 428 2572 dixerim,
453 2531 561 2566 unius
591 2532 737 2567 aetatis.
795 2532 996 2578 Ἐρανισ-τὰς
1019 2534 1112 2579 (qua
1142 2532 1391 2567 similitudine
1413 2532 1626 2567 delectatus

114 2602 171 2630 est
188 2595 478 2640 Demosthenes)
501 2607 569 2630 nos
591 2607 672 2630 esse
692 2608 760 2643 par
777 2603 844 2631 est.
884 2595 1107 2643 Symbolam
1128 2596 1289 2643 quisque
1311 2607 1417 2630 suam
1439 2594 1624 2633 conferat,

116 2658 219 2692 nulla
240 2670 326 2692 cum
348 2658 502 2701 invidia,
525 2659 626 2693 nulla
657 2659 905 2707 malignitate,
928 2659 1032 2694 nulla
1052 2659 1243 2694 virulenta
1275 2659 1396 2693 bonae
1418 2657 1625 2692 voluntatis

114 2721 366 2756 insectatione
396 2721 513 2756 literis
542 2721 669 2760 noxia,
693 2729 733 2755 ut
756 2733 854 2767 quae
874 2722 1161 2756 contentionem
1185 2721 1230 2756 ad
1254 2720 1406 2756 laudem
1429 2720 1624 2767 reprimat,

115 2792 167 2823 et,
190 2784 290 2819 velut
319 2784 406 2833 gelu
436 2785 766 2833 progerminantes
796 2796 978 2832 gemmas.
1007 2785 1154 2819 adurat.
1215 2782 1456 2830 Accipiamus
1486 2783 1624 2830 potius,

116 2848 296 2895 quicquid
319 2855 387 2889 est,
411 2847 510 2894 quod
533 2848 692 2894 quisque
714 2847 791 2888 dat,
814 2855 878 2882 aut
900 2860 984 2882 cum
1008 2847 1260 2895 indulgentia,
1284 2854 1360 2885 aut,
1385 2847 1413 2881 si
1445 2859 1500 2881 res
1528 2847 1625 2894 pati-

117 2919 189 2951 tur,
214 2923 300 2946 cnm
321 2911 496 2947 laudibus
519 2919 554 2947 et
577 2911 673 2961 grati
694 2911 809 2946 animi
832 2911 1112 2946 testificatione.

844 2986 863 3009 e
888 2987 905 3008 2
