1914 3184
1014 651 1077 695 II.

568 781 1087 832 OLYNTHIACA
1130 780 1503 831 SECUNDA.

846 917 1230 945 *7⁷4*-

769 1024 823 1062 [ιι
845 1022 1014 1063 Libanii
1035 1029 1321 1076 arqumentmn.

353 1123 411 1162 17,
438 1113 501 1150 26.
526 1111 641 1165 ἰδίαν]
675 1111 794 1162 Quod
816 1111 858 1150 in
879 1110 969 1151 aliis
990 1111 1104 1151 libris
1126 1116 1190 1151 est
1211 1111 1356 1150 οἰκείαν
1384 1107 1483 1148 mihi
1505 1107 1625 1147 unice
1651 1106 1798 1160 placet,

290 1165 441 1220 quippe
462 1167 677 1221 aliquanto
699 1167 831 1221 magis
853 1167 1068 1207 definitum
1086 1183 1094 1206 ε
1128 1166 1335 1221 signifieat
1356 1164 1465 1205 enim
1486 1178 1584 1217 opes
1603 1162 1801 1202 Macedo-

290 1222 382 1262 niae
416 1223 616 1276 proprias.
679 1223 787 1263 Sane
823 1224 901 1263 hae
937 1238 1036 1276 opes
1068 1223 1236 1262 fuerunt
1269 1220 1449 1274 Philippi
1482 1223 1595 1260 ἵδιαι;
1629 1218 1701 1258 sed
1735 1217 1800 1257 ille

289 1278 417 1318 πάντα
437 1281 484 1318 τὰ
504 1278 580 1318 ὑπὸ
601 1284 713 1331 χεῖρα
739 1279 1073 1330 σφετερισάμενος
1105 1279 1252 1319 habuit·
1284 1279 1379 1319 ἰδίας
1405 1275 1530 1316 etiam
1556 1274 1670 1321 alias,
1695 1287 1800 1327 quae

292 1336 429 1373 οἰκεῖαι
459 1335 547 1387 ejus
580 1335 659 1374 dici
691 1348 772 1374 non
806 1340 1001 1388 possent;
1038 1335 1089 1375 de
1122 1334 1219 1374 solis
1250 1338 1391 1374 autem
1422 1333 1579 1373 οἰκείαις
1611 1331 1650 1370 h.
1672 1330 1697 1369 l.
1719 1329 1799 1383 agi,

293 1390 520 1430 ostendunt
562 1405 666 1444 quae
701 1396 944 1444 sequuntur,
981 1391 1067 1432 τοὺς
1103 1393 1176 1443 γὰρ
1216 1391 1447 1430 Μακεδόνας
1482 1389 1663 1428 ἀσθενεῖς
1704 1385 1802 1425 εἶναι

294 1445 386 1485 καθ’
420 1448 622 1488 ἑαυτούς.
685 1446 990 1487 Demosthenes
1018 1462 1056 1500 p.
1082 1459 1146 1486 22.
1170 1447 1223 1485 in.
1253 1448 1300 1485 τὰ
1331 1448 1396 1494 τῆς
1429 1444 1570 1484 οἰκείας
1598 1443 1719 1494 ἀρχῆς
1741 1442 1802 1480 καὶ

293 1502 502 1551 δυνάμεως.
541 1502 871 1543 SCHAEFER.
914 1504 1025 1551 ἰδίαν,
1060 1508 1108 1543 ut
1137 1517 1243 1556 quae
1272 1501 1391 1541 unius
1420 1498 1602 1552 Philippi
1636 1497 1804 1551 propria

294 1562 417 1597 esset.
480 1558 573 1611 Ipse
606 1564 749 1598 orator
776 1560 934 1606 οἰκείαν,
962 1559 1221 1607 domesticam,
1244 1562 1376 1604 vocat,
1401 1569 1481 1609 quo
1503 1553 1700 1595 vocabulo
1732 1568 1803 1606 pa-

294 1621 460 1653 ternum
483 1614 663 1668 Philippi
685 1629 858 1669 regnum
886 1629 960 1668 per
980 1628 1023 1654 se
1045 1615 1188 1660 solum,
1212 1628 1293 1653 non
1320 1617 1489 1653 auctum
1512 1610 1610 1650 illud
1634 1609 1802 1663 quidam

296 1669 500 1710 sociorum
521 1670 680 1723 opibus,
705 1670 974 1724 significatur.
1028 1671 1248 1710 FRANK.

358 1804 420 1849 18,
454 1817 486 1842 1.
525 1803 747 1857 Excerpsit
781 1804 887 1844 hano
927 1805 1158 1845 orationem
1197 1803 1410 1844 Macarius
1445 1800 1804 1855 Chrysoeephalus

297 1860 336 1899 in
357 1859 572 1899 Villoison.
596 1860 756 1899 Aneed.
779 1860 855 1899 vol.
881 1873 916 1902 2.
939 1876 978 1914 p.
1001 1874 1060 1900 ιο.
1105 1860 1291 1900 VOEM.

359 1917 420 1963 18,
452 1929 482 1954 1.
515 1915 682 1955 Reoitat
712 1916 820 1956 huno
851 1917 985 1956 locum
1016 1917 1079 1956 bis
1100 1916 1310 1956 Aristides
1341 1915 1382 1954 in
1404 1915 1524 1962 Arte,
1557 1928 1596 1967 p.
1624 1913 1713 1953 166.
1747 1912 1806 1951 ἔν-

298 1971 390 2020 δοξά
412 1973 496 2010 ἐστι
517 1976 648 2021 πρῶτα
667 1973 739 2022 μὲν
760 1975 807 2012 τὰ
828 1976 903 2012 τῶν
925 1976 1038 2019 θεῶν,
1058 1974 1141 2012 οἷον
1161 1971 1256 2012 ὅταν
1277 1973 1331 2013 εἰς
1351 1975 1398 2010 τὰ
1418 1973 1504 2010 θεῖα
1527 1968 1721 2020 ἐπανάγῃς
1739 1970 1807 2009 τὰς

299 2029 462 2069 ἐννοίας.
495 2030 595 2067 θεῶν
626 2029 792 2068 εὔνοιαν.
832 2030 950 2080 τύχης
980 2029 1235 2080 χρηστότητα.
1273 2028 1357 2067 οἷον
1389 2027 1451 2066 ἐπὶ
1481 2028 1643 2065 πολλῶν
1674 2026 1722 2064 ἄν
1752 2040 1807 2065 τις

298 2085 393 2122 ἰδεῖν
414 2087 521 2122 δοκεῖ
537 2088 703 2132 μοι-οῖ
724 2099 762 2137 p.
783 2087 874 2124 206.
904 2084 973 2124 ubi
992 2087 1206 2135 περιβολῆς
1227 2098 1298 2123 seu
1319 2080 1655 2136 amplificationis
1674 2093 1805 2134 genus

298 2138 360 2178 ait
376 2153 476 2185 esse,
491 2143 538 2178 ut
554 2140 607 2179 ab
629 2139 792 2180 infinito
807 2140 860 2180 ad
876 2140 1040 2180 finitum
1055 2144 1309 2180 transeatur.
1333 2140 1393 2178 καὶ
1410 2138 1536 2188 τρίτον
1550 2135 1805 2187 παράδειγμα.

299 2193 390 2233 Ἐπὶ
410 2199 571 2234 πολλῶν
591 2197 663 2244 μὲν
684 2196 732 2235 ἄν
753 2196 1084 2247 τις-γενομένην
1104 2199 1147 2246 τῇ
1178 2197 1303 2235 πόλει.
1338 2194 1421 2234 εἶτα
1440 2194 1462 2243 ἡ
1485 2194 1547 2232 ἐπὶ
1575 2192 1618 2230 τὸ
1646 2190 1807 2242 ὡρισμέ-

301 2266 370 2289 νου
390 2250 592 2301 ἀπαγωγή·
625 2251 697 2302 οὐχ
717 2251 856 2299 ἥκιστα
877 2251 906 2290 δ’
932 2253 974 2290 ἐν
996 2255 1073 2292 τοῖς
1093 2254 1259 2301 παροῦσι
1276 2250 1491 2301 πράγμασι.
1554 2247 1806 2288 Scholiastes

299 2319 529 2358 anonymus
551 2306 811 2345 Christianus
830 2307 884 2346 ad
907 2307 1185 2360 Hermogenis
1202 2307 1227 2345 l.
1250 2307 1300 2345 (le
1322 2304 1558 2344 inventione
1578 2319 1617 2357 p.
1635 2317 1658 2358 3
1662 2316 1731 2356 52.
1766 2304 1809 2343 ἐν

298 2361 432 2409 μέντοι
452 2362 531 2400 τισὶ
551 2362 684 2412 λόγοις
706 2362 766 2401 καὶ
787 2363 874 2401 δυσὶ
896 2363 957 2402 καὶ
987 2364 1088 2412 τρισὶ
1110 2362 1322 2412 προοιμίοις
1341 2361 1580 2413 χρησόμεθα.
1613 2360 1700 2399 δυσὶ
1719 2361 1807 2408 μὲν,

301 2416 350 2457 ὡς
370 2417 389 2454 ὁ
409 2416 729 2466 Δημοσθένης-.
754 2418 855 2467 τρισὶ
875 2419 930 2463 δὲ,
947 2418 996 2458 ὡς
1016 2419 1035 2456 ὁ
1058 2418 1173 2458 αὐτὸς
1195 2419 1237 2456 ἐν
1254 2420 1303 2470 τῷ
1325 2415 1488 2468 δευτέρῳ
1505 2419 1580 2454 τῶν
1599 2414 1808 2455 Ὀλυνθια-

302 2475 391 2518 κῶυ,
414 2473 468 2511 ὧν
488 2476 639 2522 πρῶτον
659 2472 743 2521 μέν·
775 2471 865 2512 Ἐπὶ
878 2476 1040 2512 πολλῶν
1055 2473 1366 2523 μὲν-δεύτερον
1382 2470 1424 2510 δέ
1440 2473 1451 2511 (
1468 2472 1526 2518 18,
1551 2473 1646 2522 17.)·
1676 2470 1719 2509 τὸ
1735 2471 1808 2520 μὲν

302 2527 383 2572 οὖν,
402 2525 479 2566 ὦᾶ.
494 2526 570 2574 Ἀ.,
586 2528 655 2576 τὴν
677 2528 875 2568 Φιλίππου
894 2529 1024 2579 ῥώμην
1045 2526 1240 2577 διεξιέναι·
1265 2530 1392 2578 τρίτον
1415 2529 1455 2566 δέ
1473 2528 1559 2578 (19,
1583 2531 1653 2579 9.)·
1676 2526 1720 2565 τὸ
1736 2527 1809 2576 μὲν

302 2583 370 2621 οὖν
393 2584 573 2633 ἐπίορκον
605 2584 666 2622 καὶ
687 2584 853 2623 ἄπιστον
875 2588 1004 2623 καλῶν
1031 2590 1109 2623 ete.
1148 2583 1342 2623 REISK.
1404 2582 1536 2621 Rufus
1564 2582 1641 2622 hoe
1664 2595 1808 2635 prooe-

303 2637 431 2677 mium
463 2637 520 2677 sio
551 2638 656 2678 citat
686 2654 725 2692 p.
749 2651 827 2690 77:
860 2638 951 2678 Ἐπὶ
983 2644 1144 2679 πολλῶν
1177 2641 1225 2679 ἄν
1257 2656 1312 2681 τις
1347 2641 1434 2685 ἴδοι,
1462 2637 1490 2677 ὦ
1523 2638 1714 2685 δικασταὶ,
1740 2637 1809 2686 τὴν

302 2696 407 2744 παρὰ
427 2698 503 2733 τῶν
534 2698 632 2733 θεῶν
658 2696 812 2734 εὔνοιαν
841 2698 884 2745 τῇ
915 2697 1028 2734 πόλει
1050 2698 1226 2745 φανερὰν
1252 2693 1502 2746 γιγνομένην,
1526 2694 1597 2745 οὐχ
1617 2694 1756 2743 ἥκιστα
1777 2692 1807 2731 δ’

304 2751 347 2787 ἐν
379 2753 458 2790 τοῖς
491 2753 656 2800 παροῦσι
676 2750 913 2801 πράγμασιν.
977 2750 1112 2789 Mirus
1135 2750 1329 2790 Techniei
1362 2763 1478 2789 error
1510 2749 1621 2796 illud,
1644 2747 1673 2787 ὦ
1706 2751 1808 2787 δικα-

304 2806 406 2844 σταί.
463 2804 793 2845 SCHAEFER.

365 2862 427 2906 Ιὸ,
449 2873 488 2912 3.
510 2861 761 2914 γιγνομένην]
793 2861 949 2901 Orator
978 2861 1055 2901 hoc
1086 2861 1300 2914 praedicat
1331 2865 1378 2900 ut
1413 2874 1499 2899 rem
1530 2873 1612 2898 non
1642 2863 1808 2898 tantum

306 2914 459 2954 factam
494 2915 727 2968 aliquando,
766 2917 837 2956 sed
872 2917 961 2957 fieri
1000 2917 1177 2965 solitam,
1215 2931 1321 2970 quae
1360 2921 1403 2955 et
1442 2920 1568 2955 antea
1603 2914 1714 2954 facta
1755 2913 1808 2953 sit
