1914 3184
288 144 371 184 116
739 139 1092 180 PHILIPPICA
1127 139 1340 179 PRIMA.

288 247 350 287 rio
388 245 554 286 Persico
594 244 828 291 liberandis,
866 242 926 283 vel
971 243 1021 281 de
1061 240 1150 281 aliis
1191 241 1315 281 rebus
1356 238 1555 280 similibus
1593 238 1792 294 cogitare.

345 371 413 411 54,
437 359 474 397 6.
505 353 728 408 Ἰλλυριοῖς]
762 353 952 406 Quinque
982 352 1101 393 annis
1126 356 1225 392 ante
1252 356 1416 405 tempus
1446 351 1568 404 hujus
1595 349 1796 390 orationis

292 414 465 467 Illyrios,
487 413 576 465 jam
596 411 687 465 plus
715 410 839 450 semel
869 414 995 449 antea
1024 423 1049 448 a
1073 407 1267 461 Philippo
1294 407 1404 461 ipsos
1424 406 1566 455 victos,
1589 405 1741 446 iterum
1770 420 1796 446 a

292 468 568 510 Parmenione
607 468 720 506 fusos
765 479 854 505 esse
898 468 1082 505 testatur
1118 463 1368 504 Plutarchus
1409 461 1639 502 Alexandri
1683 475 1717 502 c.
1756 474 1796 514 3.

346 590 413 632 54,
438 580 476 618 8.
497 574 1016 628 μεθύειν-πεπραγμένων]
1052 574 1196 615 Citant
1216 574 1257 614 h.
1280 574 1305 613 l.
1330 573 1616 628 Hermogenes
1635 587 1676 626 p.
1705 573 1796 625 198.

290 640 333 676 et
355 636 537 674 Thomas
560 634 621 673 M.
643 647 680 672 v.
702 633 850 683 μεθύσῃ
871 645 911 683 p.
934 633 1030 683 603.
1090 629 1284 669 REISK.

345 704 413 744 54,
444 692 504 730 16.
537 686 877 740 ὅτι-ἀποστερεῖ]
900 686 1045 726 Citant
1067 686 1227 726 Anecd.
1250 685 1382 725 Bekk.
1404 700 1443 739 p.
1474 698 1563 737 119,
1588 684 1625 724 8.
1647 683 1717 723 ubi
1740 683 1798 722 sio

291 747 553 787 scribendum
572 761 579 784 :
613 747 707 784 κατὰ
724 744 922 783 Φιλίππου
939 744 1086 795 πρώτῳ·
1111 747 1137 764 “
1156 740 1521 791 ὅτι-ἀποστερεῖ.”
1550 739 1800 780 SCHAEF.

346 816 414 856 54,
442 803 504 842 18.
532 803 609 840 ὅσα
628 824 684 830 —-
704 823 761 828 ——
783 797 863 838 καθ’
885 799 991 848 ἡμῶν
1014 797 1185 852 εὕρηται]
1218 796 1594 836 Pollioitationibus
1616 794 1797 848 Philippi

292 858 434 912 ipsius,
458 855 695 898 Oharidemi
718 854 864 895 Oritae
899 856 957 907 (p.
980 856 1056 905 671
1091 856 1218 904 extr.)
1280 852 1586 905 Cersobleptae⁷
1613 850 1799 898 aliorum,

293 914 578 955 Athenienses
610 910 849 965 saepissime
875 910 963 963 jam
995 908 1158 962 decepti
1179 913 1313 948 erant.
1376 907 1439 947 Illi
1461 921 1603 947 omnes
1625 906 1802 946 Atheni—

293 970 461 1010 ensibus
481 969 613 1024 multa
632 966 861 1021 pollicendo
883 980 1002 1004 suum
1027 965 1211 1018 ipsorum
1232 964 1495 1004 commodum
1516 962 1646 1003 secuti
1668 966 1800 1002 erant.

295 1027 448 1066 Sensus
480 1025 608 1078 igitur
628 1023 695 1063 hie
727 1026 815 1062 est:
853 1022 962 1071 Quae
981 1021 1147 1074 quidam
1170 1019 1409 1060 videbantur
1432 1034 1511 1073 pro
1532 1018 1640 1058 nobis
1660 1019 1802 1071 facere

293 1082 398 1130 velle,
421 1095 465 1120 ea
486 1081 552 1120 illi
570 1085 706 1119 contra
727 1092 794 1117 nos
814 1077 956 1130 fecisse
980 1076 1125 1129 reperti
1145 1082 1247 1115 sunt.
1282 1074 1429 1126 πράξας
1449 1075 1558 1114 enim
1578 1074 1802 1128 cogitando

293 1137 532 1178 addendum
563 1140 627 1175 est
662 1134 788 1174 verbo
820 1134 984 1183 εὕρηται.
1046 1131 1259 1171 SAUPP.
1332 1130 1569 1170 Simillimus
1608 1130 1722 1169 locus
1761 1144 1801 1183 p.

296 1204 389 1244 771,
419 1205 483 1243 24.
518 1192 538 1231 ὃ
568 1191 698 1242 μηδεὶς
716 1191 789 1240 μὲν
811 1189 859 1228 ἂν
881 1187 993 1230 αὐτὸς
1023 1187 1274 1237 πεποιηκέναι
1295 1186 1473 1237 φήσειεν,
1498 1187 1541 1226 ἐν
1562 1187 1603 1225 δὲ
1622 1190 1707 1228 ταῖς
1726 1185 1802 1238 ψή-

296 1255 386 1301 φοις
408 1248 668 1300 εὑρεθήσεται.
730 1243 915 1285 Subaudi
936 1244 1164 1293 πεποιηκώς.
1226 1241 1555 1283 SOHAEFER.

350 1315 420 1358 54,
447 1306 510 1343 26.
532 1302 697 1354 ἄλλοτε]
725 1301 790 1340 Ex
812 1299 1081 1346 orationibus,
1105 1313 1208 1352 quas
1233 1298 1347 1352 prius
1369 1297 1529 1346 habuit,
1552 1301 1723 1337 exstant
1743 1311 1803 1337 or.

301 1375 362 1410 ¹4·
385 1360 472 1410 περὶ
493 1362 727 1409 συμμοριῶν,
751 1370 809 1395 or.
838 1358 899 1395 16.
922 1369 997 1408 pro
1021 1353 1387 1408 Megalopolitanis
1408 1353 1566 1401 habita,
1589 1358 1633 1393 et
1654 1367 1713 1393 or.
1738 1365 1802 1393 20.

296 1417 337 1455 in
360 1430 507 1455 caussa
527 1414 692 1468 publiea
711 1412 908 1452 adversus
932 1410 1151 1464 Leptinem
1172 1410 1298 1450 dieta.
1360 1409 1570 1449 SAUPP.

351 1482 417 1525 55,
452 1473 490 1510 6.
525 1470 639 1523 νικῴη
659 1492 793 1499 -——
814 1466 1032 1520 συνοίσειν]
1077 1466 1201 1506 Hane
1233 1465 1497 1512 sententiam,
1533 1479 1615 1519 qua
1649 1465 1804 1505 bonum

297 1527 427 1568 civem
448 1531 649 1580 tanquam
680 1537 841 1563 summa
872 1537 1018 1562 norma
1038 1522 1177 1562 omnia
1203 1536 1309 1575 quae
1338 1521 1501 1575 publice
1526 1520 1804 1574 privatimque

297 1587 399 1637 agat
420 1596 608 1622 coercere
630 1583 808 1633 oportet,
826 1579 937 1618 haud
958 1592 1053 1618 raro
1071 1578 1375 1618 Demosthenes
1395 1576 1550 1630 repetit
1567 1593 1577 1623 ;
1612 1577 1661 1617 cf.
1684 1591 1743 1616 or.
1764 1591 1804 1631 3.

298 1643 405 1678 extr.
468 1638 580 1677 Plut.
604 1635 822 1676 Demosth.
850 1649 883 1674 e.
907 1647 952 1688 13
976 1650 983 1673 :
1019 1633 1266 1675 Μελάνωπος
1292 1634 1679 1683 ἀντιπολιτευόμενος
1701 1636 1806 1673 Καλ-

297 1693 492 1747 λιστράτῳ
511 1694 571 1733 καὶ
591 1691 782 1733 πολλάκις
796 1689 858 1730 ὑπ’
882 1691 997 1730 αὐτοῦ
1018 1689 1190 1741 χρήμασι
1209 1688 1506 1739 μετατιθέμενος
1524 1689 1650 1728 εἰώθει
1670 1688 1806 1740 λέγειν

297 1751 394 1802 πρὸς
414 1749 483 1789 τὸν
504 1752 635 1799 δῆμον·
666 1747 715 1787 Ὁ
735 1748 809 1797 μὲν
830 1746 926 1797 ἀνὴρ
948 1745 1096 1798 ἐχθρὸς,
1114 1745 1157 1784 τὸ
1180 1747 1220 1784 δὲ
1241 1747 1307 1794 τῆς
1326 1746 1479 1785 πόλεως
1499 1742 1637 1784 νικάτω
1659 1743 1806 1796 συμφέ-

298 1822 380 1857 ρον.
455 1804 641 1859 Speciem
692 1803 801 1843 enim
851 1802 1054 1842 bonorum
1104 1800 1229 1841 etiam
1278 1799 1375 1840 mali
1430 1799 1600 1840 induere
1648 1804 1805 1841 amant.
