1935 3205
645 113 1044 154 Ι)]1ΑΕ1«“ΛΤ1().
1520 111 1600 149 xvii

85 230 263 262 assecter,
292 234 416 269 neque
439 222 539 269 quod
572 221 835 257 assectandum
865 228 902 256 et
930 219 1202 268 praestandum
1226 219 1351 259 rideo,
1379 230 1602 264 consequar.

85 285 214 320 Missis
242 286 357 335 igitur
377 286 458 321 aliis
482 286 660 321 omnibus
691 286 725 321 id
756 298 874 321 unum
905 286 975 320 bac
1006 297 1114 333 agam
1144 283 1394 331 praefatione,
1419 290 1456 317 ut
1482 282 1604 317 fontes

85 349 312 385 emendandi
335 349 617 390 Demosthenis,
641 357 678 384 et
700 348 893 395 quomodo
915 347 957 382 iis
986 347 1053 381 sim
1079 358 1181 386 usus,
1204 346 1473 381 demonstrem.
1526 345 1601 379 l'ri-

87 425 191 448 inum
217 413 343 461 itaque
365 413 410 448 de
438 413 542 448 libris
564 412 875 448 Demosthenicis
897 419 1075 459 typorum
1106 410 1292 445 beneficio
1316 409 1479 458 vulgatis
1504 408 1598 454 (cdi>
1618 422 1655 444 iv

86 477 210 513 tiones
232 477 346 525 vulgo
375 478 575 524 usurpant)
599 476 814 524 disputabo,
837 483 917 510 tum
946 475 992 510 de
1023 473 1217 510 codicibus
1250 473 1398 509 calamo
1429 473 1602 513 exarati&

86 542 221 588 quibus
243 541 408 577 editores
430 541 566 588 quique
591 541 667 575 suis
698 541 734 575 in
765 539 997 575 editionibus
1027 538 1257 574 adornandis
1288 538 1342 572 usi
1375 545 1476 578 sunt,
1500 537 1605 572 deni-

88 618 159 652 que
181 605 269 653 quid
293 618 313 640 a
333 618 394 641 me
422 605 512 641 novi
533 605 680 640 decoris
708 604 752 639 ad
782 604 878 639 banc
904 611 1073 639 nostram
1103 603 1310 638 editionem
1337 602 1516 636 collatum
1545 600 1604 644 sit,

89 682 289 718 exponam.

801 735 833 776 ξ.
860 744 892 767 2.

515 797 572 832 De
591 797 742 831 editione
766 796 1016 831 Demosthenis
1039 795 1181 830 Aldina.

151 860 271 896 Aldus
306 873 441 908 nempe
472 861 685 902 Manutius,
715 865 822 908 pater
847 860 951 907 quasi
980 859 1131 906 quidam
1169 866 1205 893 et
1240 857 1406 893 nutritor
1438 857 1609 892 Graecae

91 926 342 966 litteraturae,
363 926 400 960 in
427 925 520 967 aliis,
543 938 638 973 quos
666 925 805 960 multos
828 937 847 960 e
869 925 944 960 situ
966 932 1003 960 et
1024 922 1193 959 tenebris
1224 922 1541 957 bibliothecarum
1570 921 1608 955 in

90 990 215 1025 lucem
237 989 427 1037 publicam
450 989 648 1037 protraxit,
671 988 891 1025 auctoribus
913 987 1072 1023 Graecis
1096 986 1446 1035 praestantissimis5
1470 985 1611 1020 Demo-

92 1054 227 1089 sthene
248 1066 400 1101 quoque
430 1067 497 1088 nos
529 1053 656 1089 beavit
684 1054 842 1101 primus,
872 1065 891 1088 e
922 1051 1185 1101 typograplieo
1215 1063 1283 1086 suo
1306 1049 1479 1085 Venetiis
1509 1061 1611 1084 anno

100 1129 208 1165 ¹504.
230 1118 395 1166 prodito.
456 1118 644 1153 Volumen
677 1126 734 1153 est
764 1117 801 1152 in
833 1116 925 1152 folio
955 1116 1103 1152 minore
1135 1115 1341 1154 modicum,
1374 1113 1609 1161 bipertitum.

94 1182 183 1217 Pars
216 1182 339 1230 prima
373 1182 546 1230 procedit
575 1182 620 1218 ad
651 1195 686 1230 p.
711 1194 798 1228 320.
821 1193 918 1228 quae
952 1180 1093 1229 pagina
1127 1179 1281 1214 exhibet
1317 1178 1467 1213 Libanii
1503 1190 1614 1226 argu-

94 1252 266 1280 mentum
298 1245 342 1281 ad
375 1246 588 1281 orationem
620 1246 781 1292 primam
812 1245 849 1279 in
872 1243 1187 1291 Aristogitonem.
1244 1242 1340 1277 Tum
1367 1253 1489 1276 novus
1513 1241 1613 1276 ordi-

95 1318 157 1344 tur
190 1309 414 1357 paginarum
446 1309 553 1350 ordo,
586 1322 713 1344 rursus
744 1322 765 1343 a
794 1321 830 1356 p.
856 1320 881 1342 1.
906 1307 952 1343 ad
978 1320 1012 1355 p.
1039 1306 1128 1342 286.
1150 1318 1326 1355 pergens.
1388 1305 1430 1340 Iu
1461 1317 1497 1352 p.
1524 1316 1612 1351 273.

96 1373 277 1408 desinunt
311 1374 415 1420 ipsae
449 1373 720 1408 Demosthenis
754 1371 948 1418 reliquiae.
1006 1372 1038 1405 A
1071 1383 1107 1418 p.
1131 1381 1216 1416 274-
1251 1377 1377 1404 autem
1415 1381 1533 1416 usque
1567 1368 1613 1404 ad

96 1450 131 1485 p.
151 1437 236 1472 286.
259 1437 443 1472 continua
463 1437 558 1472 serie
586 1436 768 1485 leguntur
790 1435 1001 1470 Libaniana
1029 1441 1256 1483 argumenta
1276 1434 1312 1468 in
1336 1433 1530 1468 orationes
1552 1444 1614 1468 eas

97 1501 429 1541 Demostehnieas,
451 1513 546 1547 quae
576 1500 680 1535 illam
712 1500 824 1547 paulo
853 1507 942 1534 ante
971 1498 1111 1533 dictam
1145 1497 1305 1544 primam
1328 1497 1365 1532 in
1388 1497 1614 1546 Aristogito—

97 1577 184 1600 nem
209 1565 416 1613 excipiunt,
439 1577 526 1599 cum
554 1564 626 1599 hoc
647 1563 782 1599 titulo:
815 1564 971 1604 λιβανίου
993 1562 1172 1596 ὑποθέσεις
1192 1562 1239 1596 εἷς
1258 1562 1336 1596 τοὺς
1355 1562 1438 1605 μετὰ
1459 1563 1516 1595 τὸν
1536 1562 1617 1595 κατὰ

96 1630 383 1675 ἀριστογείτονος,
408 1629 638 1672 δημοσθένους
666 1630 803 1673 λόγους.
862 1626 961 1660 Nam
995 1625 1032 1660 in
1062 1625 1186 1673 primo
1211 1632 1317 1660 tomo
1347 1625 1509 1660 Aldinae
1540 1625 1618 1659 Sin-

97 1693 196 1741 gulis
216 1693 428 1740 quibusque
450 1692 686 1727 orationibus
709 1690 915 1739 praemissa
938 1697 1027 1725 sunt
1049 1696 1288 1737 argumenta,
1306 1701 1388 1728 non¹
1407 1689 1619 1724 Libaniana

99 1757 352 1798 solummodo,
385 1757 448 1792 sed
484 1756 598 1792 etiam
635 1756 681 1791 ab
717 1756 790 1790 alio
819 1755 998 1802 quopiam
1032 1754 1166 1803 ignoto
1205 1753 1395 1788 Graeculo
1433 1751 1617 1800 profecta.

100 1820 234 1855 Finem
265 1819 390 1867 operis
419 1818 565 1854 faciunt
587 1819 712 1854 variae
744 1818 931 1853 lectiones
963 1818 1009 1852 ab
1036 1817 1147 1857 Aldo,
1170 1830 1238 1853 seu
1259 1817 1420 1852 Musuro
1444 1815 1616 1855 forsitan,

101 1892 167 1920 aut
197 1883 509 1924 Carteronzacho,
540 1895 560 1918 e
588 1883 720 1923 tribus,
752 1883 814 1929 qui
842 1894 959 1930 penes
988 1894 1051 1917 eos
1080 1890 1203 1921 erant,
1233 1881 1429 1917 codicibus
1457 1880 1619 1916 vetustis

102 1948 302 1989 collectae,
325 1947 388 1983 sed
414 1947 628 1983 incredibili
658 1960 743 1982 cuin
773 1947 994 1994 supinitate.
1053 1946 1174 1981 Aldus
1200 1946 1281 1993 ipse
1304 1951 1466 1980 testatur
1485 1944 1522 1978 in
1548 1943 1619 1978 hac

103 2013 211 2060 sylva
230 2012 474 2054 variantium,
498 2024 582 2046 eam
614 2024 632 2046 e
664 2011 783 2046 tribus
804 2010 927 2046 MStis
956 2023 1036 2045 esse
1062 2018 1296 2058 congestam.
1355 2008 1457 2042 Nam
1489 2007 1533 2042 ad
1564 2007 1622 2041 lo-

105 2089 206 2115 cum.
230 2076 292 2123 qui
312 2076 349 2111 in
375 2076 543 2111 editione
564 2083 695 2110 nostra
714 2088 749 2122 p.
774 2086 864 2121 371,
890 2086 948 2108 20.
969 2073 1109 2121 legitur
1133 2073 1184 2118 (in
1209 2072 1378 2108 Parisina
1397 2085 1434 2119 p.
1459 2083 1545 2113 220,
1562 2082 1619 2105 12.

105 2141 142 2174 in
173 2140 310 2174 Aldina
338 2152 372 2186 p.
395 2148 480 2187 155.
503 2139 581 2174 vol.
607 2152 635 2174 1.
658 2151 769 2174 versu
800 2142 884 2183 10.)‚
923 2139 1015 2173 haee
1051 2145 1236 2172 annotata
1270 2137 1451 2185 leguntur
1484 2135 1522 2169 in
1557 2134 1622 2168 illo

106 2203 233 2238 indice
253 2203 393 2238 Aldino
415 2205 519 2247 (nam
547 2203 600 2238 sie
631 2203 813 2250 appellito
843 2202 880 2237 in
912 2201 1198 2238 commentariis
1229 2200 1323 2235 meis
1352 2212 1420 2234 suo
1450 2208 1659 2245 temporev

108 2266 359 2315 publicandis,
381 2266 566 2314 Taylorus
596 2266 756 2314 MSptos
786 2266 874 2301 Aldi
905 2265 1097 2313 appellare
1128 2265 1262 2309 soleo:
1295 2265 1328 2298 ἐν
1348 2265 1443 2311 ι’ίλλῳ
1467 2264 1503 2297 δέ
1532 2263 1622 2296 ἀντι-

107 2332 244 2379 γράφῳ,
265 2332 340 2376 τρία
365 2331 431 2376 γὰρ
451 2329 597 2375 εἴχομεν,
620 2329 882 2367 οὕτως-(3113,
909 2329 1083 2365 socordia
1111 2328 1309 2364 confectus
1334 2327 1381 2362 sit
1410 2327 1470 2362 hic
1497 2326 1624 2368 index,

110 2407 157 2430 ex
185 2407 230 2430 eo
259 2394 510 2443 intelligatur,
531 2394 711 2442 primum,
734 2393 832 2440 quod
863 2393 902 2428 in
934 2393 1015 2440 ipso
1040 2405 1156 2440 opere
1182 2391 1483 2427 Demosthenico
1512 2401 1626 2437 saepe

111 2458 224 2506 positi
254 2459 330 2493 sint
359 2458 528 2493 asterisci
562 2458 607 2493 ad
642 2457 747 2492 illum
779 2457 944 2492 indicem
978 2457 1214 2505 ablegantes,
1242 2455 1377 2501 quibus
1408 2462 1536 2488 tamen
1573 2452 1627 2487 nil

111 2522 229 2570 ipsius
261 2521 398 2557 indicis
430 2522 664 2569 respondet;
705 2529 800 2562 tum,
834 2521 934 2568 quod
970 2521 1009 2555 in
1045 2520 1172 2555 indice
1205 2519 1395 2566 repositae
1430 2518 1504 2552 sint
1538 2517 1626 2551 illae

114 2587 216 2633 ipsae
246 2586 443 2627 lectiones,
467 2598 565 2632 quae
590 2588 670 2634 jam
700 2586 738 2620 in
770 2593 874 2621 texto
902 2585 1094 2634 leguntur,
1120 2583 1305 2618 varietate
1334 2581 1510 2617 lectionis
1537 2593 1624 2626 sup-

114 2661 243 2696 pressa
263 2657 301 2685 et
321 2649 569 2684 dissimulata.
625 2649 775 2684 Titulus
795 2649 883 2684 huie
907 2647 1063 2683 editioni
1084 2646 1272 2694 praefixus
1293 2653 1350 2680 est
1370 2644 1454 2680 hic:

275 2728 512 2772 Δημοσθένους
532 2730 631 2773 λόγοι
652 2727 712 2761 δύο
733 2729 785 2761 καὶ
805 2727 976 2771 ἑξήκοντα.

278 2793 437 2834 Λιβιινίου
457 2794 633 2837 σοφιστοῦ
654 2792 833 2826 ὑποθέσεις
852 2792 898 2826 εἷς
917 2791 995 2826 τοὺς
1015 2790 1136 2825 αὐτοὺς
1155 2790 1291 2834 λόγους.

278 2856 354 2892 Βιός
375 2856 605 2900 δημοσθένους
626 2855 695 2889 κατ’
708 2857 809 2889 αὐτὸν
828 2855 994 2895 λιβάνιον.

278 2919 354 2955 Βίος
374 2920 602 2963 δημοσθένους
623 2920 705 2953 κατὰ
724 2918 952 2963 πλούταρχον.

865 2983 886 3016 b
