1914 3184
289 133 343 170 <22
815 128 1269 170 PROLEGOMENA

346 242 369 258 “⁴
386 235 622 289 Philippum
644 240 784 275 autem
807 250 880 274 nec
902 250 1074 288 magnas
1096 235 1161 274 1110
1179 239 1366 287 tempore
1387 248 1452 273 res
1473 233 1513 273 in
1535 234 1642 274 bello
1663 234 1793 298 perse-

290 292 405 337 visse„
430 306 505 331 nec
537 291 797 344 supe1·bi01es
825 291 912 344 jam
949 291 1119 353 spiritus
1148 289 1335 344 gessisse
1369 305 1419 329 ex
1449 290 1584 330 tribus
1614 290 1793 330 maxime

288 348 387 388 loeis
410 347 683 401 cognoscitur.
747 347 933 386 Plinium
955 347 1062 385 enim
1084 362 1122 400 p.
1150 360 1207 398 ις,
1236 359 1284 385 10
1307 361 1395 400 sqq.
1418 346 1495 386 1100
1518 347 1604 401 regi
1625 351 1793 400 praeter

289 403 555 457 opinionem
545 403 743 443 accidisse
764 402 1020 455 perhibetur
1040 408 1098 449 ut,
1122 417 1247 456 quum
1269 403 1402 455 primo
1424 403 1579 456 impetu
1601 402 1794 455 nulloque

290 460 456 513 negotio
478 465 697 512 capturum
726 473 768 498 se
790 458 927 498 omnia
955 464 1306 512 0]1101110001,1111110
1328 459 1363 497 ei
1387 458 1708 513 depugnandum
1729 473 1793 499 ar-

290 515 448 569 misque
470 515 773 568 confligendum
802 520 923 554 esset.
990 515 1109 565 Quod
1136 515 1167 553 si
1199 529 1261 568 pr<
1250 514 1483 561 aevidisset7
1507 529 1558 554 ne
1579 520 1793 568 susceptu—

288 586 380 610 rum
397 571 562 624 quidem
579 571 677 610 illud
694 570 846 637 bellum
862 570 1000 610 fuisse.
1041 575 1075 611 T
1083 575 1185 610 οῦτο
1208 571 1252 620 δη
1274 575 1424 622 πρῶτοι
1445 571 1561 610 αὐτὸν
1582 569 1794 621 ταράττει

288 630 392 678 παρὰ
422 628 579 678 γνώμην
603 627 767 678 γεγονὸς
798 628 859 666 καὶ
894 628 1072 676 πολλην
1103 629 1296 677 ἀθυμίαν
1326 628 1424 666 αὐτω
1452 627 1627 679 παρέχει.
1695 627 1794 677 Qui-

288 683 396 722 bus
387 698 427 722 1n
458 682 590 723 verbis
617 686 747 722 τοῦτο
773 683 827 722 ad
850 683 1107 723 Chalcidicas
1135 683 1257 722 urbes
1284 687 1459 736 spectat,
1483 697 1585 735 quas
1607 682 1794 737 proxime

287 754 349 792 pra
338 739 540 793 aegressis
568 743 642 778 not
645 739 705 779 1·111
734 739 1001 779 manifestum
1032 745 1106 779 est.
1171 739 1288 779 Haec
1313 744 1453 778 autem
1479 753 1530 778 ne
1557 743 1679 792 putes
1700 753 1794 778 cum

287 795 334 834 iis
358 810 519 849 pugnai
521 810 554 843 0,
578 810 683 848 quae
704 795 755 834 de
776 795 865 835 fals.
887 795 1010 849 legat.
1033 811 1071 848 p.
1088 798 1183 845 426,
1212 797 1368 848 13—16
1391 795 1639 842 1,01”01·11οῖ111·
1663 810 1711 835 011
1732 795 1792 836 010

287 851 481 891 videntur
502 851 770 897 concilianda„
795 856 841 891 ut
870 851 1049 905 primum
1077 851 1242 904 quidem
1271 851 1373 891 istas
1399 851 1588 891 civitates
1611 851 1792 905 Philippi

287 907 414 947 armis
447 907 663 953 restitisse„
693 912 792 947 'mox
822 912 976 953 autem,
1008 908 1188 946 nondum
1223 907 1385 961 integro
1418 911 1634 947 transacto
1669 921 1791 956 anno,

288 964 348 1002 vel
384 964 490 1003 bello
523 964 664 1009 fessas„
694 964 754 1002 vel
788 963 1048 1017 proditorum
1082 965 1278 1017 deceptas
1311 963 1496 1016 perfidia„
1527 963 1721 1003 certatim
1752 963 1792 1002 in

287 1020 394 1073 regis
427 1020 549 1059 fidem
591 1034 634 1058 se
670 1019 892 1059 tradidisse
925 1024 1170 1059 statuamus,
1244 1019 1351 1058 Illud
1385 1025 1497 1059 certe
1538 1019 1626 1058 1000
1668 1034 1794 1072 supra

286 1075 457 1115 laudato
479 1076 686 1123 docemur7
710 1090 835 1128 quum
860 1076 961 1115 haec
991 1076 1125 1116 oratio
1158 1075 1302 1115 habita
1330 1081 1405 1119 est,
1429 1075 1611 1115 nondum
1640 1090 1792 1129 expug-

286 1136 407 1171 natas
443 1146 511 1172 eas
544 1133 666 1171 urbes
696 1148 721 1171 11
756 1145 852 1185 rege
887 1131 1023 1171 fuisse.
1086 1132 1191 1170 Tum
1220 1146 1258 1184 p.
1284 1144 1342 1178 10,
1366 1136 1413 1170 ut
1439 1132 1493 1171 ad
1523 1131 1667 1171 foedus
1699 1146 1792 1171 011111

286 1187 494 1240 Olynthiis
530 1187 616 1227 0100
652 1202 768 1228 mora
799 1187 1023 1227 ineundum
1060 1187 1207 1227 civium
1241 1187 1497 1227 voluntatem
1530 1187 1790 1240 propelleret,

286 1243 362 1283 hoc
399 1249 646 1298 argumento
684 1244 986 1284 Demosthenes
1027 1258 1124 1283 usus
1165 1249 1240 1288 est,
1278 1243 1401 1296 quod,
1441 1243 1473 1282 si
1514 1243 1792 1297 neglexissent

286 1305 449 1339 mature
480 1300 750 1352 celeriterque
782 1300 823 1338 id
855 1301 1001 1345 11,1001·0
1030 1300 1299 1339 metuendum
1327 1304 1435 1339 esset
1464 1313 1513 1338 ne
1541 1300 1686 1339 flaude
1718 1314 1792 1340 sua

285 1355 529 1419 artibusque
560 1371 631 1395 rex
655 1356 885 1409 Olynthios
916 1370 1022 1409 sper
1012 1356 1093 1396 atis
1126 1355 1444 1395 Atheniensium
1477 1355 1639 1395 auxiliis
1668 1356 1792 1396 desti-

288 1417 402 1451 tutos
440 1417 482 1451 et
512 1411 551 1450 in
581 1411 801 1451 solitudine
824 1412 1053 1457 derelictos„
1076 1413 1130 1451 ad
1161 1411 1395 1465 pactionem
1427 1411 1503 1450 sibi
1533 1412 1791 1452 commodam

290 1467 523 1519 pelliceiet:
558 1482 809 1522 quamquam
840 1482 948 1507 nune
981 1468 1145 1520 quidem
1177 1468 1277 1507 nihil
1307 1468 1438 1521 maois
1466 1467 1519 1506 illi
1549 1473 1793 1520 respuerent

287 1538 409 1575 quam
442 1524 481 1562 in
514 1523 694 1577 gratiam
730 1538 822 1563 cum
850 1524 1042 1577 Philippo
1070 1524 1228 1563 redire:
1262 1539 1301 1577 p.
1334 1537 1390 1567 10,
1422 1538 1480 1572 14.
1524 1523 1618 1574 πρὸς
1651 1525 1691 1563 δὲ
1725 1526 1792 1566 τὰς

287 1582 549 1630 καταλλαγὰς,
591 1580 641 1621 ἃς
684 1580 736 1619 ἂν
780 1582 951 1621 ἐκεῖνος
986 1580 1230 1629 ποιήσαιτο
1267 1582 1464 1629 ἄσμενος
1493 1580 1601 1630 πρὸς
1630 1578 1789 1620 Ὀλυν-

285 1636 419 1684 θίους,
455 1638 637 1677 ἐναντίως
671 1637 765 1688 ἔχει.
828 1635 946 1675 Haec
980 1636 1116 1676 omnia
1149 1641 1193 1676 ut
1228 1635 1309 1675 dici
1339 1635 1404 1674 vix
1440 1639 1680 1688 potuerunt,
1711 1636 1788 1675 nisi

286 1705 367 1743 quo
404 1696 590 1745 tempore
626 1692 808 1731 nondum
840 1692 998 1732 factum
1034 1692 1143 1732 inter
1179 1692 1459 1731 Athenienses
1491 1691 1791 1745 Olynthiosque

286 1747 430 1786 foedus
466 1752 586 1791 essetq
620 1748 690 1787 sed
725 1747 822 1787 illud
858 1747 991 1801 ipsum
1018 1749 1059 1787 in
1088 1748 1385 1787 deliberatione
1412 1752 1659 1796 versaretur,
1692 1762 1791 1787 num

288 1808 395 1843 esset
423 1803 667 1848 faciendum,
691 1803 885 1857 quoniam
914 1804 977 1843 his
1007 1804 1272 1844 manifestum
1305 1809 1368 1843 est
1401 1804 1454 1843 ad
1487 1803 1790 1857 suscipiendam

288 1859 380 1898 belli
403 1859 647 1899 societatem
668 1865 877 1900 oratorem
900 1860 1112 1900 stimulare
1134 1860 1283 1900 civium
1303 1860 1462 1899 animos
1484 1859 1658 1899 voluisse
1676 1875 1683 1898 :
1719 1859 1788 1907 010,

290 1914 524 1968 Philippum
545 1916 597 1955 ad
620 1916 832 1968 pactiones
860 1931 952 1956 cum
975 1916 1181 1970 Olynthiis
1201 1916 1410 1956 faciendas
1432 1920 1521 1955 tum
1552 1914 1678 1955 fuisse
1697 1930 1790 1969 pro-

285 1985 469 2023 pensum,
488 1971 606 2011 initio
628 1976 793 2011 tantum
814 1972 907 2011 belli
930 1972 1167 2026 persuaderi
1188 1972 1455 2012 audientibus
1476 1971 1626 2024 potuit.
1668 1971 1790 2011 Tam—

287 2027 364 2066 etsi
387 2027 495 2066 enim
521 2032 686 2067 tantum
707 2028 875 2073 WolfiQ
900 2034 941 2068 et
963 2029 1031 2082 qui
1063 2028 1156 2067 huic
1184 2028 1480 2072 assentiuntur,
1503 2027 1787 2076 concedamus,

287 2088 333 2122 ut
364 2083 450 2133 παρ’
476 2085 649 2134 ἱστορίαν
680 2098 728 2124 011
759 2084 871 2124 dicta
893 2099 980 2124 esse
1008 2085 1270 2127 arbitrennn:
1295 2089 1449 2132 tamen,
1472 2083 1548 2122 nisi
1570 2083 1790 2124 manifesta

285 2144 520 2179 commenta
550 2139 778 2192 putidaque
808 2141 1023 2180 mendacia
1049 2140 1301 2194 gravissimis
1326 2140 1550 2180 obtrudere
1581 2139 1789 2193 scriptori—

286 2194 363 2232 bus
391 2195 584 2241 volemus7
612 2209 693 2234 non
721 2195 781 2235 ita
814 2196 900 2247 παρ’
936 2198 1109 2246 ἱστορίαν
1140 2196 1317 2235 conficta
1348 2210 1436 2235 esse
1467 2195 1718 2249 putabimus,
1742 2201 1789 2237 ut

286 2249 334 2293 ei„
359 2264 463 2302 quae
485 2254 574 2289 tum
595 2256 716 2297 esset,
739 2266 875 2290 rerum
897 2252 1121 2291 conditioni
1142 2252 1473 2299 adversarentur,
1497 2252 1567 2290 sed
1589 2266 1663 2304 per
1684 2266 1787 2300 eam,

286 2304 447 2344 etiamsi
481 2320 562 2345 non
596 2306 818 2353 evenerint,
855 2312 996 2347 tamen
1027 2312 1197 2360 possent
1228 2307 1426 2347 accidere.
1499 2307 1624 2347 Hunc
1661 2307 1789 2361 igitur

287 2374 451 2400 necesse
473 2366 537 2401 est
558 2366 647 2401 tum
668 2377 804 2401 rerum
826 2366 984 2402 statum
1004 2363 1141 2408 fuisse„
1164 2368 1211 2403 ut
1236 2363 1456 2402 nullisdum
1482 2363 1604 2402 rebus
1626 2363 1786 2417 magnis

286 2431 311 2455 a
344 2431 439 2470 rege
466 2417 606 2471 gestis,
634 2422 772 2458 utram
808 2418 849 2456 in
884 2423 1045 2471 partem
1075 2423 1183 2458 esset
1215 2418 1308 2458 belli
1342 2419 1509 2458 fortuna
1540 2419 1715 2467 exitura,
1743 2419 1785 2458 in

286 2472 457 2526 ancipiti
482 2473 722 2527 incertoque
744 2480 991 2514 versaretur.
1056 2474 1271 2528 Philippus
1298 2474 1409 2513 enim
1431 2489 1557 2527 quum
1585 2475 1695 2514 nullo
1719 2489 1788 2515 ne-

285 2528 401 2581 gotio
435 2543 477 2567 se
510 2529 648 2569 onmia
680 2535 899 2583 capturum
934 2535 1153 2583 sperasset,
1190 2545 1271 2569 non
1308 2530 1437 2569 solum
1472 2530 1512 2569 in
1549 2530 1625 2570 hoo
1660 2530 1787 2571 falsus

285 2584 433 2632 fuerat,
469 2586 539 2624 sed
567 2585 844 2625 Athenienses
880 2600 1042 2640 quoque
1072 2587 1125 2625 ab
1158 2586 1363 2638 Olynthiis
1391 2586 1543 2626 auxilio
1574 2586 1708 2626 vocati
1736 2601 1787 2627 ne

287 2640 430 2679 foedus
451 2641 636 2680 oblat-um
657 2641 832 2704 bellique
853 2642 1096 2682 societatem
1113 2642 1379 2695 susciperent,
1397 2643 1623 2682 metuebat.
1666 2642 1785 2693 Quod

286 2701 332 2734 ut
363 2695 551 2741 evitaret,
576 2697 635 2736 iel
667 2697 845 2737 maxime
876 2712 1000 2738 curae
1031 2698 1227 2751 cordique
1255 2698 1290 2737 ei
1316 2698 1439 2738 fuisse
1464 2702 1785 2738 consentaneum

285 2755 359 2790 est.
422 2752 622 2802 Quocilca
636 2768 690 2816 pr
693 2768 890 2816 opensum
911 2768 1049 2808 regem
1070 2755 1123 2794 ad
1148 2755 1531 2807 praeoccupandam
1550 2754 1785 2807 pactionem

285 2806 420 2853 fuisse,
444 2809 689 2860 praesertim
723 2809 790 2862 qui
826 2810 930 2849 artis
961 2825 1059 2849 suae
1088 2809 1325 2863 fraudisque
1355 2809 1631 2849 felicissimum
1662 2824 1784 2864 saepe

286 2875 331 2899 ex
336 2867 475 2901 entum
502 2869 699 2916 expertus
730 2870 851 2911 esset,
880 2865 969 2918 quis
1001 2880 1081 2904 non
1113 2865 1189 2905 sibi
1220 2865 1495 2918 persuadeat?
1546 2866 1593 2904 In
1620 2870 1783 2906 contra—

285 2916 388 2955 riam
423 2932 518 2956 xmo
558 2924 732 2971 paimtem
771 2920 802 2958 si
836 2935 921 2971 111111
964 2926 1051 2960 tum
1093 2936 1243 2974 magna
1276 2925 1519 2960 consecutu5
1558 2921 1713 2963 fuisset
1749 2920 1781 2960 si
