1934 3179
258 118 342 156 5308
812 118 927 157 PRO
960 117 1210 157 CORONA.

256 235 428 274 rumque
450 221 662 260 hominum
677 221 870 261 factionis
886 222 1184 262 Macedonicae
1206 222 1398 262 attulerit
1420 223 1551 276 culpa,
1570 228 1764 276 optamus

257 277 317 316 vel
336 277 516 317 maxime
537 281 585 316 ut
606 277 783 316 exsistat
800 277 868 329 qui
892 291 934 316 se
955 277 1123 317 fortiter
1144 282 1330 331 opponat
1348 278 1541 332 Philippo
1563 284 1606 319 et
1627 279 1764 318 defen-

256 333 330 372 dat
352 333 534 372 civitatis
556 332 885 372 incolumitatem
907 337 949 372 et
970 333 1193 373 honorem:
1229 348 1323 373 ecce
1345 334 1410 373 hic
1432 339 1497 374 est
1520 334 1764 374 Demosthe-

257 403 329 428 nes
371 388 419 428 et'
463 388 588 428 talem
638 402 681 427 se
723 388 930 428 describet
970 403 1045 442 per
1084 394 1220 429 totam
1270 389 1470 443 reliquam
1519 390 1764 430 orationem.

257 444 478 484 DISSEN.

315 501 408 547 228.
443 513 485 552 5.
527 500 614 550 περὶ
650 501 703 539 ὧν
735 501 910 552 ἐδίωκεν]
948 500 1056 539 Sunt
1088 501 1112 540 ἃ
1146 502 1277 540 ἐδίωκε
1310 515 1376 540 res
1407 500 1450 540 in
1481 501 1765 554 Ctesiphontis

257 556 538 610 psephismate
559 555 732 608 positae,
756 556 808 594 ob
832 570 934 607 quas
956 560 1049 595 tota
1076 556 1290 596 accusatio
1318 556 1565 605 instituitur,
1589 562 1687 596 sunt
1717 571 1766 597 ea

257 626 362 665 quae
384 616 431 650 ut
451 611 658 661 παράνομα
688 611 933 665 aggreditur
952 613 1084 663 γραφὴ
1106 612 1278 652 tradita,
1343 617 1584 663 Κατηγορεῖν
1606 627 1701 652 vero
1723 618 1765 652 et

257 669 466 718 κατηγορία
488 666 685 706 dicuntur
706 667 756 706 de
778 666 966 706 oratione
997 668 1152 707 actoris
1182 672 1226 707 et
1252 669 1521 717 accusatoris,
1545 669 1595 708 cf.
1620 668 1766 709 Meier.

257 727 300 762 et
324 723 598 763 Schoemann.
621 723 671 761 de
689 722 816 775 judic.
841 723 998 762 Athen.
1021 738 1061 776 p.
1093 737 1180 775 ¹94-
1242 723 1466 763 DISSEN.

316 781 409 826 228,
439 792 500 818 Η.
535 783 615 820 τοῖς
648 779 789 828 ἔξωθεν
817 779 966 832 λόγοις]
999 779 1355 819 Orimiozationibus
1385 795 1409 819 α
1442 794 1582 819 caussa
1611 780 1766 820 alienis.

259 835 374 874 Infra
394 850 433 887 p.
459 836 551 887 236.
576 838 804 886 κατηγορεῖν
833 835 903 883 ἔξω
935 838 999 884 τῆς
1029 838 1193 886 γραφῆς.
1258 835 1433 875 Isocrat.
1459 853 1500 875 π.
1557 835 1701 875 Ἀντιδ.
1729 837 1765 889 ξ.

262 904 353 930 111.
376 890 510 930 Bekk.
544 890 679 942 λέγειν
713 892 783 939 ἔξω
814 893 880 939 τῆς
911 894 1075 942 γραφῆς.
1140 892 1320 931 Panath.
1352 893 1387 945 ξ.
1423 892 1487 931 80.
1521 893 1596 942 ὁρῶ
1628 893 1668 931 δὲ
1699 893 1768 932 τὰς

256 946 413 998 πράξεις
435 947 506 996 ἔξω
527 946 746 997 λεγομένας
768 950 842 985 τῶν
863 947 1089 986 ὑποθέσεων
1111 947 1177 986 οὐκ
1199 947 1490 997 ἐπαινουμένας.
1518 947 1663 1000 Lysias
1687 949 1766 999 (ΟΡ.

257 1005 312 1056 3.)
338 1003 432 1042 adv.
454 1002 608 1041 Simon.
633 1004 670 1054 ξ.
685 1004 753 1052 46.
779 1002 911 1041 Bekk.
944 1003 1074 1051 ἐπειδὴ
1096 1002 1182 1053 παρ’
1205 1005 1294 1052 ὑμῖν
1320 1004 1363 1042 οὐ
1386 1005 1547 1053 νομιμόν
1570 1005 1678 1043 ἐστιν
1697 1003 1767 1052 ἔξω

257 1063 325 1098 τοῦ
355 1058 581 1110 πράγματος
611 1059 758 1110 λέγειν·
793 1057 953 1098 collatis
976 1058 1142 1112 Taylori
1167 1059 1282 1098 Lect.
1307 1058 1402 1112 Lys.
1432 1074 1472 1112 p.
1494 1072 1591 1111 310.
1654 1059 1768 1098 DIS-

318 1172 410 1219 228‚
440 1180 500 1223 15.
526 1172 558 1210 εἰ
577 1171 650 1220 μὲν
671 1172 754 1209 ’ίστε
775 1187 823 1220 με
846 1188 877 1209 κ.
901 1187 933 1210 τ.
955 1170 1010 1223 λ.]
1046 1169 1256 1210 Aristides
1277 1185 1314 1223 p.
1342 1172 1433 1220 248.
1457 1172 1697 1219 ἀξιοπιστίας
1728 1172 1768 1210 δὲ

260 1228 321 1266 καὶ
342 1228 437 1266 ὅταν
458 1243 513 1268 τις
532 1229 600 1268 τὰς
623 1227 765 1277 κρίσεις
785 1230 861 1265 τῶν
882 1230 1002 1265 ταῦτα
1028 1227 1260 1271 ἀκουόντων,
1286 1226 1347 1276 ἔφ’
1371 1227 1427 1268 οῖς
1449 1226 1496 1266 ἂν
1517 1225 1627 1276 λέγῃ,
1649 1243 1768 1276 προσ-

259 1283 457 1337 λαμβάνῃ,
478 1283 527 1324 ὡς
549 1283 610 1322 καὶ
632 1281 719 1332 παρ’
744 1284 905 1323 ἐκείνοις
926 1282 1250 1334 ὁμολογουμένων
1271 1287 1346 1322 τῶν
1362 1282 1767 1333 πραγμάτων.-οῖον·

260 1340 294 1378 εἰ
313 1341 385 1389 μὲν
405 1341 489 1378 ἴστε
510 1356 556 1388 με
579 1341 764 1377 τοιοῦτον·
797 1339 840 1377 οὐ
862 1341 936 1389 γὰρ
959 1339 1105 1377 ἄλλοθί
1122 1355 1195 1377 που
1216 1340 1406 1388 βεβίωκα.
1460 1337 1653 1377 REISK.

319 1395 414 1440 228,
440 1398 500 1434 16.
524 1395 567 1433 οὐ
589 1395 739 1446 γὰρ-]
767 1394 905 1434 Sentit
922 1394 1203 1447 unusquisque
1224 1394 1449 1448 legentium
1471 1393 1586 1433 hiare
1607 1398 1770 1433 seuten-

260 1450 364 1489 tiam
386 1455 428 1490 et
450 1451 598 1490 saltem
621 1450 750 1489 tacite
772 1455 867 1503 post
889 1450 1018 1499 ᾐτιᾶτο
1041 1450 1297 1502 subjicienda
1318 1464 1407 1489 esse
1428 1450 1554 1489 haec:
1591 1452 1701 1501 (nam
1722 1453 1770 1489 ut

260 1506 483 1553 addantur,
516 1520 684 1545 neccsse
717 1521 798 1545 non
832 1510 916 1555 est)
941 1507 1019 1546 οἶος
1051 1505 1078 1545 δ’
1105 1507 1179 1557 ἐγώ
1215 1509 1301 1553 εἰμι.
1323 1505 1457 1558 ῥᾴδιον
1489 1508 1578 1556 ὑμῖν
1610 1510 1768 1556 γνῶναι.

262 1562 347 1601 vel:
382 1563 549 1601 δύνασθε
582 1564 622 1601 δὲ
657 1564 736 1609 ἐμὲ,
761 1564 893 1603 ὁποῖός
925 1564 1012 1611 εἶμι,
1038 1562 1192 1601 εἰδέναι.
1213 1562 1343 1615 filcile
1374 1563 1477 1601 ειιὶηι
1499 1560 1604 1600 vohis
1635 1568 1691 1601 est
1713 1576 1772 1601 me

260 1632 378 1665 ocosse,
398 1619 542 1671 quippe
562 1618 631 1671 qai
652 1624 772 1656 totam
794 1624 962 1656 aetatem
985 1632 1112 1657 νιοαηι
1131 1618 1235 1657 ’ἰνίον
1255 1633 1318 1657 2³05
1338 1618 1543 1670 aveqerim.
1577 1617 1770 1657 REISK.

323 1676 415 1721 228,
445 1687 505 1723 17.
540 1674 788 1728 ἀνάσχησθε]
824 1673 918 1712 Seii.
943 1675 1035 1722 ἐμοῦ
1055 1673 1277 1724 γρύξαντος.
1341 1673 1552 1712 Aristides
1574 1674 1624 1712 de
1648 1673 1702 1711 D.
1725 1673 1769 1713 C.

262 1745 300 1783 p.
325 1743 415 1780 194.
450 1731 513 1769 ὅτε
536 1731 575 1768 δὲ
600 1729 680 1769 καθ’
704 1729 931 1780 ὑπερβολὴν
953 1731 1116 1769 δύνασαι
1138 1730 1338 1779 ἀποδεῖξαι
1358 1730 1407 1778 μὴ
1430 1731 1634 1769 ἀδικοῦντα
1656 1746 1770 1768 σεαυ-

263 1786 344 1831 τὸν,
370 1788 451 1824 ἐκεῖ
471 1788 511 1824 δὲ
535 1787 742 1836 θρασύτητι
768 1788 937 1837 χρῆσθαι
959 1786 1125 1839 τοιαύτῃ,
1150 1787 1332 1836 ἀφαιρεῖν
1354 1785 1521 1824 σεαυτὸν
1543 1785 1772 1835 συγγνώμης

262 1841 284 1891 ἦ
307 1843 601 1892 φιλανθρωπίας
621 1844 687 1890 τῆς
714 1844 818 1891 παρὰ
849 1845 924 1879 τῶν
946 1844 1149 1889 δικαστῶν,
1174 1842 1222 1882 ὡς
1243 1843 1337 1881 ὅταν
1358 1840 1488 1892 λέγῃς·
1520 1842 1613 1891 μηδὲ
1636 1841 1771 1890 φωνὴν

262 1898 860 1950 ἀνέχεσθε-καταψηψίσασθε.
926 1896 1118 1936 REISK.

323 1954 416 2001 228,
441 1966 504 1992 20.
533 1955 593 1993 καὶ
617 1955 658 1992 ἐκ
678 1952 917 2006 βελτιόνων]
955 1951 1100 2005 Lysias
1122 1968 1160 2006 p.
1194 1955 1279 1991 118.
1314 1952 1370 1992 H.
1396 1952 1456 1992 St.
1480 1953 1572 1991 ἀλλ’
1594 1953 1652 1991 ὅτι
1673 1956 1769 2000 βελ-

261 2011 353 2049 τίων
388 2010 449 2048 καὶ
484 2011 524 2048 ἐκ
557 2010 776 2058 βελτιόνων
808 2011 827 2046 ὁ
865 2010 1023 2060 φεύγων
1059 2011 1178 2058 ἐμοῦ;
1230 2008 1586 2047 MARKLAND.
1648 2008 1772 2047 Plato

264 2066 390 2119 Gorg.
414 2080 452 2118 p.
469 2078 551 2118 512
578 2065 631 2104 D.
695 2064 867 2103 DOBR.

323 2123 414 2167 228,
441 2133 505 2171 27.
544 2121 747 2172 κακοήθης]
786 2120 842 2158 H.
865 2121 889 2159 l.
913 2120 1122 2159 Malitio&
1147 2120 1377 2172 fz’nfleniosus.
1440 2120 1573 2159 Docet
1595 2119 1704 2172 quod
1735 2119 1771 2159 ei

264 2192 359 2215 mox
381 2177 608 2229 opponitur
630 2176 762 2225 εὔηθες
783 2175 916 2228 ᾠήθης.
981 2176 1312 2215 SCHAEFER.

325 2245 417 2285 229,
451 2247 479 2271 ι.
514 2231 754 2284 τετύφωμαι]
790 2231 901 2269 Vide
925 2231 1182 2283 Harpocrat.
1208 2231 1248 2270 in
1270 2247 1306 2271 v.
1330 2236 1369 2271 et
1396 2231 1577 2271 Lexicon
1599 2231 1706 2270 rhet.
1730 2230 1771 2270 in

267 2289 423 2326 Auecd.
444 2288 574 2327 Bekk.
598 2302 636 2340 p.
652 2289 748 2340 308.
774 2300 833 2326 10.
868 2287 1198 2326 SOHAEFER.
1263 2288 1424 2327 Psellus
1447 2288 1599 2340 Opusc.
1621 2302 1660 2339 p.
1684 2299 1771 2339 125.

264 2344 327 2384 ed.
346 2344 480 2383 Boiss.

324 2411 418 2451 229.
444 2412 479 2438 2.
512 2402 578 2447 τῆς
600 2400 639 2437 δὲ
662 2399 852 2447 πομπείας
875 2415 904 2437 κ.
928 2415 960 2436 τ.
983 2400 1041 2450 λ.]
1081 2398 1146 2436 Ex
1168 2399 1208 2437 h.
1230 2399 1254 2437 l.
1279 2399 1525 2437 Ammonius
1547 2414 1586 2451 p.
1621 2411 1627 2436 1
1649 2411 1704 2449 15.
1731 2403 1773 2438 et

266 2456 449 2495 Thomas
466 2456 581 2507 Mag.
603 2469 643 2507 p.
661 2467 754 2507 730.
775 2454 908 2493 citant
926 2454 1028 2493 hacc
1047 2470 1054 2492 :
1091 2457 1154 2503 τῆς
1171 2456 1211 2493 δὲ
1229 2456 1419 2503 πομπείας
1435 2457 1573 2502 ταύτης
1593 2456 1770 2503 ὕστερον.

265 2511 473 2565 Georgius
496 2511 738 2563 Lecapenus
765 2510 961 2562 Excerpt.
991 2525 1041 2549 ex
1064 2510 1296 2549 Grammat.
1329 2525 1368 2562 p.
1393 2512 1460 2562 58.
1483 2511 1583 2550 haec
1603 2525 1610 2548 :
1645 2512 1709 2558 τῆς
1732 2511 1772 2549 δὲ

264 2568 454 2616 πομπείας
488 2570 553 2616 τῆς
586 2567 727 2614 ἀνέδην
760 2567 900 2605 οὑτωσὶ
933 2566 1207 2617 γεγενημένης.
1273 2566 1431 2605 Anecd.
1456 2566 1585 2605 Bekk.
1615 2580 1654 2618 p.
1677 2578 1772 2613 400.

268 2636 331 2663 20.
346 2623 448 2662 haee
465 2638 472 2661 :
497 2626 562 2672 τῆς
577 2624 616 2661 δὲ
631 2623 819 2670 πομπείας
835 2623 970 2671 ταύτης
986 2625 1051 2671 τῆς
1069 2621 1209 2672 ἀνέδην
1225 2622 1498 2673 γεγενημένης.
1522 2620 1772 2660 SCHAEF.

322 2679 530 2730 πομπείας]
577 2677 745 2730 Ulpia-n.
779 2679 942 2727 ὕβρεως,
977 2678 1184 2726 λοιδορίας,
1223 2680 1284 2717 διὰ
1319 2678 1362 2715 τὸ
1404 2679 1446 2716 ἐν
1486 2681 1568 2717 ταῖς
1607 2680 1775 2726 πομπαῖς

268 2738 462 2786 κωμῳδεῖν
484 2735 545 2773 καὶ
566 2737 759 2783 λοιδορεῖν
781 2733 993 2782 ἀλλήλους.
1047 2733 1211 2772 Deinde
1233 2733 1421 2786 sequitur
1442 2732 1625 2772 scholion
1646 2731 1771 2778 aliud,

265 2789 449 2835 alterius,
474 2794 520 2828 ut
541 2794 656 2842 puto,
679 2788 907 2841 scriptoris,
931 2789 1040 2842 quod
1072 2794 1213 2828 tamen
1245 2803 1326 2827 non
1357 2789 1476 2842 longe
1498 2788 1629 2827 distat
1651 2801 1772 2826 sensu

265 2850 309 2883 et
331 2845 690 2897 interpretatione.
754 2844 868 2882 Infra
888 2859 927 2896 p.
949 2846 1040 2890 268,
1067 2857 1130 2896 25.
1162 2848 1281 2883 ταῦτα
1301 2845 1431 2883 τοίνυν
1457 2846 1563 2885 εἰδὼς
1586 2844 1773 2893 Αἰσχίνης

267 2901 379 2939 οὐδὲν
399 2901 515 2949 ἦττον
537 2902 628 2949 ἐμοῦ
656 2901 866 2950 πομπεύειν
897 2900 981 2939 ἀντὶ
1009 2903 1076 2938 τοῦ
1103 2904 1330 2951 κατηγορεῖν
1357 2901 1496 2939 εἵλετο.
1529 2899 1599 2938 ubi
1630 2911 1772 2936 rursus
