1934 3179
277 115 360 152 282
610 113 688 153 DE
722 113 1003 153 FOEDERE
1036 113 1452 154 ALEXANDRIO.

277 216 398 251 cente
414 211 565 252 Lexico
582 212 905 265 Xenophonteo,
922 212 1006 260 sed,
1023 212 1133 265 quod
1149 212 1322 262 mireris,
1341 213 1582 265 ἀνέγκλητον
1596 229 1618 254 0
1639 219 1784 255 nostra

279 267 491 307 Oratione.
534 268 784 308 SOHAEF.

337 336 429 372 212,
453 325 489 363 8.
522 327 572 378 τῷ
605 322 863 376 συμφέροντι]
907 323 956 362 Id
987 338 1083 364 vero
1115 324 1224 377 quod
1255 325 1345 365 est?
1377 324 1420 364 τὸ
1452 326 1667 376 ἀμύνεσθαι
1699 326 1785 367 τοὺς

277 380 595 431 παραβαίνοντας
611 382 678 421 τὰς
695 379 899 429 συνθήκας.
924 379 1115 420 WOLF.
1172 380 1286 420 Conf.
1303 396 1341 434 p.
1360 382 1499 430 220,6.
1532 382 1784 422 SOHAEF.

337 447 429 483 212,
454 449 512 475 10.
536 434 821 488 σκεψαμένοις]
856 435 1130 475 scribendum
1152 436 1424 488 σκεψαμένους
1443 451 1493 476 ex
1516 437 1556 477 S.

336 503 429 539 212,
453 504 514 530 12.
541 492 590 533 ὡς
611 493 652 530 δὲ
676 492 764 542 περὶ
793 491 990 542 μεγάλων,
1014 493 1213 542 συντόμως
1237 491 1396 546 διδάξω]
1430 492 1580 533 Docebo
1611 508 1674 533 vos
1704 492 1785 533 bre—

277 548 390 595 viter,
413 553 456 586 ut
476 547 523 586 de
545 545 657 586 rebus
677 547 840 600 maynis,
863 547 903 586 h.
927 562 960 587 e.
985 562 1034 588 ea
1053 548 1274 597 brevitate,
1297 563 1404 601 quae
1430 549 1564 588 locum
1589 549 1717 590 habet
1742 549 1784 588 in

276 607 399 643 tanta
432 602 668 656 argumenti
705 603 976 656 amplitudine
1012 608 1055 644 et
1087 605 1283 645 ubertate
1314 609 1441 658 atque
1471 605 1692 658 gravitate,
1724 620 1785 645 re-

277 658 457 712 spective
478 659 671 707 breviter,
694 659 773 699 etsi
794 674 876 699 non
897 674 972 713 per
993 674 1036 700 se
1057 674 1189 713 neque
1210 660 1420 701 destricte.
1463 660 1656 701 REISK.

342 727 434 763 212,
465 726 529 754 21.
565 716 627 754 καὶ
657 718 829 769 τοσούτῳ
859 716 1033 768 μᾶλλον]
1078 716 1244 757 Scilicet
1275 731 1395 771 spero
1426 731 1498 757 vos
1529 717 1571 757 id
1601 717 1785 758 facturos

277 785 349 810 seu
390 770 546 810 nullum
586 771 811 825 periculum
851 786 926 825 pro
967 772 1164 813 libertate
1198 778 1337 813 vestra
1377 778 1643 814 recusaturos
1682 788 1784 814 esse.

278 826 474 866 REISK.

336 895 429 931 212,
456 896 518 935 25.
553 885 595 923 ἐν
621 886 663 934 τῇ
697 886 802 939 κοινῇ
834 884 981 938 εἰρήνῃ]
1024 884 1295 925 Communem
1331 900 1475 939 pacem
1510 900 1634 939 quam
1671 885 1786 926 dicat
1841 888 1845 891 ’

276 939 416 993 paullo
451 943 551 979 ante
587 940 855 980 ostendimus.
924 940 1028 993 Ejus
1063 941 1322 981 conditiones
1363 942 1584 995 praecipue
1620 957 1670 982 ex
1706 942 1785 982 hac

276 995 467 1035 oratione
507 1000 824 1049 cognoscuntur,
863 1011 986 1049 quam
1016 1012 1052 1036 v.
1085 1012 1124 1051 p.
1154 1010 1248 1051 213,
1279 1010 1343 1048 24.
1381 1011 1472 1048 214,
1499 1011 1562 1040 12.
1596 1010 1688 1052 215,
1719 1011 1784 1039 20.

279 1054 372 1098 216,
394 1065 433 1104 3.
457 1056 499 1091 et
521 1067 560 1105 p.
587 1065 679 1105 219,
706 1066 736 1091 1.
759 1067 810 1091 ex
832 1067 913 1105 quo
934 1052 1023 1092 1000
1045 1057 1165 1106 patet
1186 1054 1263 1093 hoc
1286 1069 1449 1107 quoque
1471 1060 1639 1095 cautum
1660 1055 1784 1095 fuisse

276 1122 327 1147 ne
352 1107 624 1148 Macedonica
648 1108 765 1148 navis
796 1108 919 1162 longa
949 1114 1095 1162 portus
1123 1109 1339 1150 civitatum
1367 1110 1573 1150 sociarum
1598 1111 1698 1165 ipsis
1726 1111 1784 1150 in-

277 1163 371 1203 vitis
393 1163 583 1213 intraret,
606 1169 653 1204 ut
673 1165 834 1205 monuit
857 1165 1130 1205 Schoemann.
1151 1165 1299 1219 Antiq.
1323 1166 1434 1220 publ.
1458 1182 1497 1220 p.
1521 1169 1617 1221 356.

336 1232 428 1267 212,
454 1222 518 1260 26.
550 1221 638 1262 τοὺς
659 1221 847 1261 Φιλιάδου
872 1222 1029 1274 παῖδας]
1070 1221 1254 1262 Νο0110111
1286 1228 1328 1262 et
1355 1223 1683 1277 Thrasylochum
1714 1238 1784 1263 no-

276 1276 409 1316 minat
432 1277 648 1317 Demosth.
670 1277 720 1316 (10
741 1292 823 1317 001.
846 1292 883 1331 p.
907 1290 1002 1331 324,
1028 1291 1088 1317 12.

337 1345 428 1385 213,
446 1334 483 1372 6.
506 1334 602 1372 οὕτω
623 1334 879 1386 περιβοήτως]
919 1333 1113 1374 Reiskius
1138 1334 1225 1374 Ind.
1252 1336 1398 1375 Graec.
1422 1340 1535 1376 recte
1556 1335 1682 1376 vertit
1704 1342 1785 1375 tam

264 1389 437 1441 fimwse,
451 1403 537 1428 011111,
547 1390 706 1442 flaqe'tio
727 1396 808 1429 tam-
825 1390 1004 1430 fe'mmam'.
1058 1392 1289 1441 περιβόητος
1310 1396 1352 1431 et
1375 1392 1536 1444 αἰσχρὸς
1552 1392 1786 1446 junguntur

276 1459 315 1497 p.
337 1457 436 1498 324,
460 1445 523 1484 28.
576 1445 628 1484 V.
654 1446 749 1485 Bos.
774 1446 917 1500 Ellips.
938 1461 977 1499 p.
1001 1448 1097 1499 380.
1142 1447 1397 1487 SCHAEF.

336 1513 429 1553 213,
449 1513 511 1553 13.
534 1503 833 1554 στρατεύεσθαι]
874 1502 935 1541 Νο
957 1503 1182 1543 subaudias
1203 1507 1300 1543 δεῖν;
1335 1504 1449 1543 notio
1477 1504 1585 1544 enim
1611 1503 1785 1558 jubendi

276 1556 381 1596 latet
403 1556 443 1595 111
466 1571 502 1596 v.
526 1558 845 1609 προσγέγραπται
866 1574 902 1597 v.
925 1571 989 1598 10.
1033 1559 1283 1599 SCHAEF.

337 1626 429 1666 213,
452 1616 512 1652 16.
536 1614 571 1652 οἱ
593 1615 899 1667 τυραννίζοντες]
938 1616 974 1654 οἱ
993 1617 1039 1655 τὸ.
1059 1619 1134 1654 τῶν
1155 1616 1352 1666 τυράννων
1373 1620 1622 1667 φρονοῦντες,
1646 1622 1784 1668 tyran-

275 1683 416 1708 norum
445 1669 624 1708 studiosi.
659 1669 850 1710 WOLF.
914 1670 1068 1710 Rarior
1094 1686 1185 1717 vox,
1209 1672 1280 1711 sed
1307 1686 1430 1725 quam
1459 1672 1617 1712 frustra
1646 1673 1785 1712 firmes

278 1725 574 1764 Demosthenis
596 1725 863 1766 auctoritate.
907 1727 1157 1767 SOHAEF.

333 1783 423 1831 πρὶν
440 1783 510 1833 τὰς
532 1782 817 1831 συνθήκας-οὶ
838 1783 1024 1823 Φιλιάδου
1046 1784 1198 1836 παῖδες]
1237 1783 1381 1824 Citant
1404 1785 1565 1824 Aneed.
1589 1784 1720 1824 Bekk.
1744 1800 1783 1838 p.

282 1848 372 1888 174,
395 1850 465 1890 31.
510 1837 760 1877 SCHAEF.

337 1905 429 1946 213,
454 1906 514 1944 17.
540 1895 799 1947 Μεσσηνίων]
831 1897 1043 1944 Μεσηνίων
1061 1896 1217 1935 Α1100(1.
1235 1895 1367 1935 Bekk.
1384 1896 1406 1935 l.
1423 1911 1457 1936 0.
1512 1896 1657 1936 Placet
1675 1897 1786 1950 quod

277 1949 319 1988 S.
350 1950 424 1989 slat
456 1949 686 1999 Μεσσήνην,
719 1951 862 2003 proba,
890 1951 967 1991 etsi
1004 1966 1187 2005 1101111111,
1217 1952 1538 1999 constructione,
1572 1952 1687 2005 cujus
1717 1968 1785 1993 ex-

277 2005 456 2058 emplum
481 2005 522 2044 in
546 2006 828 2046 Demosthene
858 2007 993 2061 legere
1023 2023 1105 2047 non
1136 2007 1315 2047 memini.
1378 2008 1487 2049 Nam
1509 2009 1619 2061 quod
1649 2023 1786 2062 gram-

276 2061 454 2101 maticus
481 2061 522 2100 in
546 2062 676 2101 Bekk.
700 2062 859 2102 Anecd.
882 2078 922 2116 p.
947 2076 1035 2115 174,
1061 2077 1123 2114 27.
1148 2079 1199 2103 ex
1221 2064 1502 2104 Demosthene
1522 2065 1658 2111 affert,
1680 2065 1785 2105 male

277 2116 481 2157 intellexit
505 2117 639 2157 locum
663 2118 842 2172 Philipp.
868 2120 948 2159 111.
972 2135 1010 2173 p.
1035 2133 1123 2171 127,
1144 2134 1176 2159 1.
1220 2120 1553 2161 SGHAEFER.
1616 2121 1783 2161 Lueian.

279 2172 387 2212 Dial.
411 2178 577 2213 merctr.
599 2186 639 2226 3.
662 2175 738 2213 vol.
761 2188 798 2227 3.
822 2190 860 2228 p.
886 2176 978 2228 285.
1002 2180 1205 2226 τυραννεῖν
1226 2176 1269 2215 τὸ
1291 2178 1521 2227 συμπόσιον.

337 2241 429 2281 213,
460 2242 525 2270 20.
557 2230 642 2271 τοὺς
671 2231 1009 2284 μὲν-ἐκβαλεῖν]
1055 2232 1334 2272 Attraetionis
1367 2247 1475 2271 nexu
1511 2232 1691 2272 liberans
1728 2233 1785 2272 sic

279 2284 457 2323 resolve:
493 2285 578 2325 τοὺς
597 2287 670 2334 μὲν
692 2287 734 2324 ἐν
756 2286 902 2339 Λέσβῳ
924 2287 1145 2338 τυράννους,
1169 2289 1251 2327 οἷον
1274 2290 1316 2327 ἐν
1330 2288 1522 2338 Ἀντίσσῃ
1546 2289 1782 2342 καὶἘρέσῳ,

279 2342 428 2379 ἐκεῖθεν
450 2342 649 2389 ἐκβαλεῖν.
693 2341 944 2382 SCHAEF.

338 2408 430 2447 213,
457 2407 520 2434 22.
542 2397 661 2445 μηδὲν
683 2399 833 2436 οἴεσθαι
855 2398 1074 2452 διαφέρειν]
1106 2401 1225 2448 μηδὲν
1248 2400 1446 2450 διαφέρειν
1468 2400 1676 2453 Significat
1698 2415 1785 2440 rem

277 2466 368 2491 esse
389 2451 705 2500 indifferentem,
728 2467 809 2492 11011
835 2454 972 2507 magni
995 2455 1207 2502 momenti,
1231 2456 1349 2507 cujus
1371 2470 1503 2509 neque
1524 2457 1785 2496 commodum

279 2522 412 2560 nequo
433 2508 629 2547 damnum
650 2508 705 2548 sit
728 2508 886 2562 ingens,
908 2509 991 2550 sive
1016 2511 1105 2558 fiat.
1129 2511 1212 2551 sive
1234 2512 1468 2559 omittatur,
1491 2526 1620 2565 coque
1649 2527 1784 2566 repre-

279 2563 488 2603 hensionis
511 2578 696 2603 vacuam.
740 2565 935 2605 REISK.

339 2631 434 2672 213,
458 2632 522 2672 23.
554 2623 619 2669 τῆς
646 2621 760 2670 αὐτῆς
786 2623 1014 2674 δυσχερείας
1039 2622 1306 2676 ὑπαρχούσης]
1344 2624 1373 2662 l.
1398 2638 1431 2663 e.
1461 2624 1688 2673 ἀδικήματος
1716 2626 1786 2664 κάν

282 2678 475 2724 Μεσσήνῃ
497 2677 608 2717 ὄντος
629 2679 696 2715 τοῦ
716 2679 1007 2727 πολιτεύματος.
1051 2677 1301 2718 SUHAEF.

339 2743 434 2782 213,
459 2733 522 2785 26.
544 2732 742 2784 ἡγεῖσθαι]
787 2733 815 2771 1.
839 2748 873 2772 0.
897 2734 1165 2773 ἐπιτάττεσθαι
1188 2735 1296 2776 εὐθὺς
1318 2736 1360 2773 ἐν
1382 2736 1494 2790 ἀρχῇ.
1532 2734 1781 2774 SCHAEF.

337 2799 428 2838 213.
455 2799 518 2835 21).
543 2789 844 2840 διαπεπρᾶχθαι]
885 2789 942 2827 H.
965 2789 989 2828 l.
1013 2789 1138 2829 habet
1168 2790 1247 2829 vim
1279 2791 1472 2830 activam.
1536 2789 1603 2831 Sic
1625 2805 1664 2842 p.
1691 2793 1782 2837 216.

290 2854 347 2892 15.
373 2843 412 2880 αἱ
432 2841 565 2884 πόλεις
587 2845 625 2881 αἱ
646 2846 764 2883 ταῦτα
785 2845 1129 2895 διαπεπραγμέναι.
1172 2845 1420 2886 SGHAEF.
