1934 3179
287 140 369 177 484
685 135 767 174 DE
801 134 995 174 FALSA
1030 129 1392 172 LEGATIONE.

343 251 439 293 337,
460 253 495 282 2.
517 240 758 292 ὑπέστρεφε]
798 239 888 278 Aut
910 237 1076 291 scripsit
1097 239 1171 276 aut
1187 234 1332 275 debuit
1353 233 1533 274 scribere
1553 233 1792 286 ὑπέστρεψε.

344 363 440 406 337,
463 364 502 404 3.
535 352 577 390 ἐν
604 352 660 392 οἷς
687 350 748 389 καὶ
779 346 1104 399 Κερσοβλέπτης]
1135 345 1342 385 Wolfius:
1374 359 1423 384 ac
1448 351 1612 397 praeter
1641 350 1795 384 caetera

287 409 372 461 ipso
399 407 519 447 etiam
545 405 781 458 Cersobleptc
807 409 932 457 capto,
994 401 1190 441 Rectius:
1226 400 1465 454 Cersoblepte
1492 400 1640 440 ditione
1670 406 1793 440 emmo.

289 462 487 503 JURIN.
550 461 732 501 Subaud.
754 460 814 508 ἢν.
866 457 1114 498 SOHAEF.

345 530 443 571 337,
465 531 504 567 4.
528 516 725 568 εἵλκυσεν]
764 515 902 554 Rarus
923 513 989 552 hic
1008 527 1106 551 usus
1132 511 1351 565 simplicis:
1384 511 1515 550 multo
1536 510 1794 563 frequentior

289 572 507 626 compositi
529 572 750 623 παρέλκειν.
811 570 1060 622 Quanquam
1088 567 1213 607 etiam
1242 567 1519 619 compositum
1539 566 1624 606 fere
1644 566 1797 606 dicitur

291 630 342 669 de
363 643 418 677 re,
441 627 653 678 παρέλκειν
673 643 721 672 τι,
745 626 906 678 differre
926 638 1019 664 rem.
1063 622 1313 663 SCHAEF.

350 697 446 737 337,
479 694 537 736 15.
573 685 620 722 τὰ
654 682 728 722 ὑπὸ
760 682 959 721 Φιλίππου
995 679 1225 731 δεδογμένα]
1282 677 1480 717 Notanda
1524 677 1792 717 constructio.

351 807 446 848 337,
469 806 533 846 17.
569 793 676 833 εἶπεν
698 795 752 834 εἷς
779 792 822 831 τὸ
855 791 938 846 οὓς]
985 790 1049 830 Ut
1084 790 1217 830 solent
1248 787 1401 828 dolosi:
1435 803 1471 827 v.
1495 788 1684 841 exempla
1716 787 1797 827 col-

293 851 401 891 lecta
421 866 446 890 a
470 849 624 888 Kiddio
645 849 699 889 ad
722 847 901 888 Dawesii
927 846 1158 886 Miscellan.
1181 860 1220 898 p.
1249 856 1337 894 170.
1380 843 1631 884 SCHAEF.

349 918 446 960 337,
476 907 540 945 28.
573 907 593 944 ὁ
625 904 797 955 ἀδελφὸς
833 904 948 942 αὐτοῦ
983 902 1174 953 Εὔνομος]
1234 898 1398 939 Fratris
1439 900 1547 939 filius
1584 898 1799 938 Eunomus

294 962 419 1002 fuisse
447 960 621 1007 videtur.
645 974 766 1013 quem
796 962 945 998 auctor
973 956 1209 1011 argumenti
1240 956 1342 995 falso
1375 954 1596 995 Aeschinis
1626 955 1800 994 fratrem

295 1018 496 1057 nominat.
560 1016 699 1069 Hujus
726 1015 878 1054 fratres
909 1018 1030 1053 erant
1052 1013 1300 1065 Aphobetus
1326 1015 1368 1050 et
1390 1011 1683 1050 Philochares:
1718 1010 1799 1049 vid.

297 1073 493 1113 Aeschin.
517 1087 556 1125 p.
578 1073 646 1120 48,
669 1084 707 1124 3.
770 1070 1019 1123 Aphobetus
1044 1069 1121 1107 hoc
1147 1068 1236 1107 loco
1269 1066 1560 1120 intelligendus
1581 1080 1671 1106 esse
1692 1065 1801 1105 vide-

296 1134 380 1169 tur.
424 1127 767 1168 BOEHNEOK.
792 1126 963 1176 Quaest.
986 1124 1063 1164 vol.
1087 1138 1118 1162 1.
1141 1139 1180 1176 p.
1203 1135 1297 1172 412.

352 1185 448 1237 338,
468 1195 504 1236 7.
527 1181 908 1235 αὐτοχειροτόνητος]
940 1180 971 1219 Ι.
988 1195 1027 1232 q.
1050 1178 1375 1229 αὐτεπάγγελτος,
1397 1183 1528 1231 sponte
1547 1191 1632 1225 sua,
1650 1176 1804 1230 injussu

293 1240 446 1295 populi,
470 1240 777 1291 ἀχειροτόνητος,
800 1242 848 1277 ut
869 1252 908 1291 p.
929 1249 1028 1288 340,
1051 1237 1087 1274 8.
1131 1233 1382 1274 SCHAEF.

355 1296 450 1349 338,
473 1307 533 1334 10.
556 1295 765 1344 ἡ-πρώτη
786 1292 997 1344 πρεσβεία]
1037 1290 1104 1330 Sic
1126 1289 1252 1329 etiam
1276 1288 1416 1329 Latini
1430 1289 1572 1341 prima
1593 1287 1732 1341 Zeffatio
1752 1287 1804 1326 de

299 1350 460 1405 legatis
523 1350 604 1390 Sed
626 1352 662 1389 οἱ
683 1352 747 1397 τῆς
769 1348 948 1399 δευτέρας
969 1347 1182 1398 πρεσβείας
1202 1360 1238 1385 v.
1258 1356 1318 1397 17.
1363 1344 1617 1384 SGHAEF.

356 1408 450 1459 338,
479 1418 539 1445 12.
570 1404 961 1456 πρεσβευσαμένους]
1012 1402 1206 1441 Debebat
1246 1400 1425 1440 scribere
1465 1400 1801 1450 πρεσβεύσαντας.

355 1518 452 1570 338,
477 1518 541 1557 26.
573 1518 669 1565 μετὰ
693 1516 780 1565 τρία
811 1515 876 1564 ἕτη
900 1517 967 1562 τῆς
997 1512 1167 1564 γραφῆς]
1213 1510 1400 1550 Ἐ’ἱ61ι9ι’ῑῖο
1426 1516 1516 1563 post
1547 1510 1617 1559 τὴν
1649 1508 1807 1560 γραφὴν

290 1573 522 1627 praeterito.
584 1570 853 1611 Idiomaticus
878 1569 943 1608 hic
974 1582 1071 1607 usus
1102 1566 1456 1620 praepositionum
1476 1568 1573 1616 μετὰ
1593 1570 1636 1605 et
1656 1565 1730 1614 πρὸ
1751 1563 1806 1603 ad

300 1628 567 1668 indicandum
599 1626 780 1679 spatium
807 1630 882 1665 aut
912 1630 1076 1677 tempus
1098 1622 1206 1661 viros
1237 1621 1363 1661 etiam
1392 1621 1551 1661 Graece
1582 1620 1805 1674 perdoctos

302 1683 422 1737 fugit.
475 1683 528 1722 V.
552 1682 664 1721 Bosii
687 1681 830 1734 Ellips.
853 1695 893 1733 p.
917 1692 1006 1729 104.
1028 1689 1118 1729 174.
1161 1677 1405 1718 SCHAEF.

357 1751 454 1792 339,
478 1751 510 1777 1.
535 1737 847 1788 ἐσκευαγώγουν]
885 1735 939 1773 V.
964 1738 1051 1773 not.
1074 1734 1129 1773 ad
1149 1748 1188 1785 p.
1215 1744 1306 1784 237,
1333 1745 1397 1772 21.
1439 1730 1690 1771 SOHAEF.

358 1807 453 1847 339,
470 1806 530 1832 10.
550 1792 593 1831 τὸ
615 1792 764 1844 χρῶμα]
789 1791 843 1830 V.
860 1789 1043 1830 Ernestii
1062 1788 1615 1828 Lexic.Technol.Graecor.
1632 1786 1806 1824 Rhetor.

304 1864 338 1889 s.
358 1865 393 1889 v.
436 1847 688 1888 SGHAEF.

361 1918 457 1958 340,
480 1915 544 1956 17.
571 1905 620 1944 ὡς
645 1905 688 1942 ἐν
710 1903 871 1955 ἀληθείᾳ
899 1898 1207 1951 συνδραμούσης]
1239 1897 1424 1937 Materia
1454 1897 1578 1937 multa
1609 1910 1696 1936 vere
1721 1908 1809 1934 con-

302 1961 491 2014 spirante,
514 1965 556 1998 ut
577 1960 727 1998 ἁπλοῦν
748 1956 883 1997 haberi
896 1956 1034 2008 possit.
1077 1954 1326 1994 SOHAEF.

362 2028 458 2068 340,
478 2027 542 2053 20.
564 2014 607 2052 τὸ
631 2015 726 2052 κατὰ
747 2012 908 2053 Φωκέας
936 2012 997 2051 καὶ
1019 2008 1195 2062 Θρᾴκην]
1234 2009 1352 2048 Haec
1379 2009 1483 2048 falsa
1510 2022 1599 2048 esse
1625 2006 1811 2047 ostendit

306 2084 536 2123 anonymus
556 2069 610 2109 ad
633 2068 834 2121 Hermog.
852 2066 928 2107 vol.
952 2079 988 2117 7.
1012 2081 1052 2119 p.
1073 2076 1169 2118 374,
1194 2078 1255 2117 13.
1300 2063 1512 2104 SAUPP.

364 2244 461 2284 341,
485 2230 641 2279 1.‘'O‹rn
668 2231 741 2279 μὲν
762 2247 794 2268 κ.
813 2246 845 2268 τ.
863 2229 921 2281 λ,]
965 2228 1080 2269 Gitat
1110 2228 1187 2266 hoc
1216 2226 1381 2266 initium
1412 2225 1601 2266 Clemens
1632 2224 1814 2264 Alexan-

310 2288 453 2326 drinus
483 2301 523 2338 p.
554 2288 647 2336 748,
677 2297 742 2333 24.
784 2284 978 2323 REISK.
1044 2283 1219 2335 Aliquot
1255 2283 1344 2334 ejus
1379 2282 1505 2321 verba
1540 2280 1645 2320 citat
1685 2279 1813 2320 etiam

312 2342 491 2382 Photius
512 2355 543 2380 s.
562 2355 598 2379 v.
620 2341 881 2390 παραγγελία.
925 2339 1185 2378 SCHAEF.

368 2411 463 2451 341,
496 2408 532 2435 2.
563 2394 825 2447 παραγγελία]
859 2393 969 2433 Vide
993 2408 1035 2446 p.
1058 2404 1154 2445 432,
1176 2405 1236 2431 11.
1261 2390 1640 2444 Harpocrationem
1670 2394 1713 2430 et
1739 2390 1814 2429 Ul-

312 2452 493 2505 pianum.
531 2448 790 2489 TAYLOR.
852 2448 907 2487 V.
931 2449 1021 2487 Ind.
1046 2447 1229 2487 Graecit.
1251 2447 1340 2486 coll.
1358 2461 1393 2486 v.
1420 2459 1480 2485 11.
1509 2445 1611 2485 item
1637 2445 1815 2485 Photius

312 2508 338 2547 l.
362 2523 397 2548 c.
439 2505 701 2546 SCHAEF.

369 2575 464 2616 341,
487 2575 525 2615 3.
551 2560 640 2601 τοὺς
666 2560 731 2598 ὅτε
756 2560 994 2608 ἐκληροῦσθε
1026 2558 1306 2610 ἐνοχλοῦντας]
1344 2556 1458 2595 Infra
1478 2570 1518 2608 p.
1541 2556 1636 2608 346,
1656 2567 1719 2594 12.
1740 2558 1817 2594 τῶν

312 2618 377 2657 ὅτε
408 2618 477 2666 τὴν
499 2615 651 2667 εἰρήνην
673 2616 869 2653 ἐποιεῖσθε
898 2613 1133 2665 λεχθέντων.
1190 2613 1241 2651 V.
1265 2611 1451 2664 inprimis
1466 2626 1506 2664 p.
1533 2623 1598 2661 72,
1623 2610 1688 2651 28.
1711 2624 1815 2662 sqq„

313 2672 384 2711 ubi
406 2672 515 2711 inter
535 2669 756 2711 articulum
783 2668 1132 2721 participiumque
1153 2667 1440 2720 undetriginta
1459 2665 1659 2705 vocabula
1689 2664 1817 2704 inter-

314 2731 519 2766 seruntur.
572 2725 731 2763 Eodem
752 2724 875 2763 modo
896 2723 1096 2763 articulus
1112 2723 1321 2762 dirimitur
1337 2737 1363 2761 a
1379 2720 1642 2761 substantivo
1663 2734 1704 2772 p.
1718 2732 1814 2772 349,

322 2795 382 2821 12.
426 2781 683 2820 SCHAEF.

373 2849 467 2888 341,
492 2849 550 2874 10.
575 2837 614 2874 αἱ
635 2836 676 2873 δὲ
697 2838 772 2872 τῶν
793 2833 1048 2883 παρακλήτων
1069 2834 1179 2872 αὗται
1201 2833 1371 2884 δεήσεις]
1408 2831 1472 2870 De
1498 2830 1575 2870 hoc
1597 2844 1672 2869 usu
1692 2829 1815 2869 advo-
