1914 3184
267 136 333 179 xvi
891 136 1154 177 REISKII

268 248 360 290 niat,
382 255 420 284 et
446 259 569 296 paene
594 254 712 283 totam
742 254 908 283 aetatem
939 248 975 282 in
1000 261 1044 283 eo
1067 260 1143 283 uno
1165 244 1464 282 consumendam
1493 244 1643 279 habeat.
1704 243 1784 291 Ego

269 325 373 355 vero,
397 319 439 347 ut
463 324 569 347 mens
599 312 691 347 mibi
720 312 828 348 laeva
847 311 930 353 fuit,
954 312 1053 360 quod
1077 312 1327 347 vehementer
1347 308 1463 349 dolet,
1487 308 1532 344 ad
1553 307 1785 357 gustandum

270 385 308 412 et
342 376 606 412 imbibendum
637 376 953 415 Demosthenem,
985 383 1023 411 et
1058 374 1180 410 multo
1211 374 1326 409 etiam
1363 372 1482 408 serius
1516 372 1562 407 ad
1594 371 1783 407 edendum

270 441 388 490 adJeci
411 441 594 481 animum,
618 453 732 488 quam
754 447 796 475 ut
816 440 1047 476 exasciatum
1070 438 1160 486 quid
1186 437 1425 486 promittere,
1448 444 1514 472 aut
1538 434 1786 484 praefationis

270 505 395 541 saltim
435 505 624 553 copiosae,
664 503 802 552 plenae
842 511 878 539 et
917 515 1008 539 vere
1047 501 1305 551 pragmaticae
1348 513 1454 548 spem
1492 499 1619 535 facere
1656 499 1785 536 liceat.

268 570 386 605 Juvat
416 569 542 617 capita
571 568 759 616 quaedam
791 567 852 603 hic
887 566 1077 616 attingere
1108 578 1253 606 eorum,
1287 577 1383 612 quae
1412 563 1689 612 praefationem
1720 576 1788 611 pa-

269 634 369 669 ranti
398 646 476 669 non
501 633 638 669 leviter
667 631 970 682 perstringenda,
1002 631 1067 667 sed
1097 631 1250 679 penitus
1281 629 1509 666 excutienda
1539 636 1576 664 et
1605 628 1644 664 in
1674 629 1788 676 plena

269 697 355 733 luce
381 697 603 733 collocanda
633 696 719 732 sint.
779 696 906 732 Debet
925 695 989 732 ille
1012 708 1044 731 e.
1068 708 1100 731 c.
1123 694 1170 731 de
1191 695 1340 730 ratione
1361 701 1535 729 veterum
1556 692 1787 729 Demosthe-

269 773 358 797 nem
394 761 432 796 in
463 760 602 796 scholis
631 760 707 796 suis
736 759 1013 807 interpretandi
1044 767 1082 795 et
1111 759 1149 794 in
1181 758 1331 806 scriptis
1364 757 1540 793 imitandi
1571 768 1784 805 exponere;

269 838 366 874 quae
399 825 564 861 imitatio
597 833 653 860 est
683 823 897 871 multiplex.
954 823 1043 858 Non
1081 823 1182 858 enim
1215 821 1456 858 solummodo
1487 821 1541 857 illi
1574 821 1786 861 imitantur,

271 889 336 936 qui
371 888 477 924 locos
506 888 667 924 oratoris
697 887 880 936 quosdam
914 895 978 923 aut
1009 887 1240 923 verbotenus
1270 886 1435 922 recitant
1464 893 1502 921 et
1531 884 1681 932 scriptis
1711 884 1788 920 suis

270 954 459 995 intexunt,
489 960 555 988 aut
585 951 772 988 allusione
803 951 965 999 quadam
1001 951 1255 992 adumbrant3
1295 950 1508 999 cujusmodi
1544 949 1647 986 locos
1678 949 1786 985 inda-

272 1029 372 1067 gare,
392 1016 563 1052 indicare
584 1024 622 1052 et
643 1028 729 1051 cum
751 1016 924 1063 exemplo
944 1015 1174 1064 primigenio
1196 1026 1417 1062 comparare
1446 1026 1586 1050 munus
1614 1013 1788 1061 inprimis

273 1080 402 1117 nobile
424 1080 580 1116 editoris
602 1089 679 1121 est;
710 1079 811 1127 quod
842 1080 952 1115 nobis
982 1091 1030 1115 ne
1061 1086 1210 1115 tentare
1232 1079 1387 1126 quidem
1417 1078 1549 1119 licuit3
1581 1077 1646 1113 sed
1672 1084 1710 1112 et
1733 1075 1788 1112 illi

274 1146 486 1186 imitantur,
509 1143 587 1192 qui,
609 1151 650 1179 ut
670 1143 855 1179 Aristides
885 1142 987 1186 fecit,
1019 1142 1212 1178 orationes
1242 1142 1414 1179 scribunt
1444 1141 1613 1177 aemulas
1643 1141 1788 1176 Demo-

274 1208 467 1248 sthenicis,
500 1208 576 1243 sive
610 1208 649 1243 in
684 1207 785 1243 idem
816 1207 1100 1243 consentientes
1135 1214 1419 1255 argumentum,
1451 1205 1530 1241 sive
1564 1206 1602 1240 in
1639 1212 1787 1252 partem

273 1272 517 1308 contrariam.
576 1272 702 1308 Debet
733 1284 844 1319 porro
875 1272 921 1307 de
954 1271 1026 1307 illis
1060 1271 1172 1320 agere
1204 1278 1319 1318 atque
1350 1269 1537 1319 judicare,
1571 1268 1633 1316 qui
1668 1268 1787 1304 vitam

276 1336 545 1372 Demosthenis
571 1337 708 1372 litteris
739 1336 992 1375 mandarunt3
1025 1336 1070 1371 de
1092 1336 1258 1384 Ulpiano
1281 1342 1319 1370 et
1343 1334 1425 1370 aliis
1446 1332 1720 1369 vetustioribus
1749 1332 1788 1367 in

274 1400 574 1436 Demosthenem
606 1400 992 1441 commentatoribus;
1027 1400 1073 1435 de
1100 1399 1323 1440 rationibus,
1348 1396 1485 1445 quibus
1505 1396 1663 1433 diversis
1682 1404 1787 1432 vete-

214 1475 334 1500 iures
354 1465 410 1499 usi
432 1472 533 1504 sunt,
556 1463 745 1499 orationes
766 1464 1035 1500 Demosthenis
1056 1462 1333 1501 distribuendi;
1365 1462 1411 1498 de
1435 1461 1564 1497 lexicis
1588 1461 1679 1496 item
1702 1460 1788 1496 rhe-

275 1528 414 1571 toricis,
438 1535 476 1563 et
497 1541 594 1575 quae
624 1536 712 1564 sunt
740 1528 815 1563 alia
844 1528 1060 1577 hujusmodi
1092 1527 1212 1575 plura,
1235 1527 1373 1575 quibus
1395 1525 1572 1561 omnibus
1592 1525 1652 1559 vix
1674 1524 1788 1560 homo

276 1592 437 1627 sufficiat
463 1592 667 1639 pertinacis
697 1599 735 1627 et
763 1592 1010 1641 infatigabilis
1040 1592 1283 1633 assiduitatis,
1306 1590 1368 1638 qui
1396 1598 1519 1626 totum
1550 1590 1788 1625 litteraturae

278 1656 449 1691 Graecae
479 1656 663 1691 ambitum
698 1663 937 1705 pervagatus,
968 1669 1044 1691 non
1074 1656 1272 1698 memoria,
1304 1655 1340 1690 id
1372 1655 1473 1702 quod
1505 1661 1686 1703 negatum
1719 1660 1789 1695 est,

278 1720 343 1756 sed
371 1720 595 1755 adversariis
623 1720 845 1755 conclusum
875 1720 1027 1760 habeat,
1051 1720 1115 1755 ubi
1135 1719 1339 1769 diligenter
1360 1718 1602 1755 annotaverit
1622 1717 1790 1766 singulos

278 1796 449 1831 quosque
484 1782 587 1819 locos
617 1784 834 1831 veterisque
864 1796 1062 1831 novaeque
1092 1784 1330 1819 litteraturae
1362 1782 1712 1831 quomodocunque
1742 1781 1789 1817 ad

278 1849 575 1885 Demosthenem
612 1848 805 1890 facientes,
840 1850 902 1896 qui
938 1849 1257 1885 bibliothecarum
1293 1848 1410 1889 sinus,
1445 1847 1491 1883 ad
1527 1859 1621 1895 quas
1658 1846 1789 1895 paucis

278 1913 401 1948 aditus
434 1921 551 1960 patet,
574 1913 707 1949 Italiae
740 1912 922 1962 inprimis,
953 1914 1017 1949 ubi
1049 1914 1170 1949 multa
1201 1913 1355 1962 egregia
1385 1920 1422 1948 et
1455 1924 1589 1959 parum
1620 1911 1787 1960 cognita,

278 1976 480 2022 minusque
502 1976 629 2015 etiam,
652 1988 764 2023 quam
787 1988 855 2023 pro
877 1976 1024 2018 merito,
1048 1977 1249 2012 aestimata
1273 1977 1402 2024 jacere
1427 1983 1543 2022 atque
1564 1975 1638 2010 situ
1665 1975 1789 2022 perire

277 2052 432 2075 necesse
454 2048 521 2079 est,
544 2041 762 2076 excusserit.
823 2040 943 2075 Nobis
965 2048 1105 2082 autem,
1128 2041 1174 2076 ab
1194 2040 1277 2075 istis
1299 2039 1475 2075 omnibus
1503 2038 1701 2087 praesidiis
1722 2052 1789 2074 seu

277 2102 452 2138 fortunae
479 2116 545 2139 seu
576 2105 781 2140 memoriae
809 2112 924 2151 atque
955 2104 1162 2140 industriae
1192 2104 1364 2144 desertis,
1386 2111 1428 2139 ut
1449 2103 1513 2150 qui
1540 2116 1624 2139 sero
1650 2103 1790 2139 Demo-

278 2165 421 2200 sthenis
442 2166 578 2201 edendi
599 2167 801 2202 consilium
823 2167 1049 2214 ceperimus,
1072 2180 1195 2215 paene
1219 2167 1410 2215 imparati,
1433 2166 1788 2214 praetermittenda,

279 2236 343 2263 aut
364 2236 466 2263 certe
486 2229 546 2263 vix
568 2228 705 2264 leviter
724 2230 1015 2278 perstringenda
1036 2238 1123 2265 sunt
1144 2231 1239 2266 haec
1260 2231 1400 2271 omnia,
1424 2238 1462 2266 et
1482 2230 1656 2277 posteris,
1678 2231 1708 2266 si
1725 2231 1789 2278 qui

279 2300 403 2332 crunt,
429 2291 475 2327 de
497 2305 570 2338 quo
600 2292 879 2339 desperandum
909 2306 986 2328 non
1018 2301 1086 2335 est,
1115 2294 1324 2329 editoribus
1353 2293 1628 2341 relinquenda;
1654 2294 1789 2342 juveni

281 2354 487 2395 fortunato,
509 2363 633 2391 aetate
659 2363 697 2391 et
724 2356 898 2392 amicitiis
925 2357 1086 2397 florenti,
1109 2357 1169 2392 cui
1190 2357 1321 2393 datum
1343 2357 1389 2392 sit
1412 2365 1561 2393 exteros
1588 2356 1702 2400 adire,
1725 2358 1789 2406 qui

281 2419 401 2468 gratia
424 2419 484 2454 vel
514 2432 604 2454 auro
635 2420 705 2455 sibi
736 2420 909 2456 obserata
940 2420 1257 2456 bibliothecarum
1289 2421 1425 2456 scrinia
1455 2433 1624 2457 reserare
1655 2424 1786 2470 possit,

281 2483 340 2518 cui
368 2483 466 2518 vires
497 2483 573 2518 sint
604 2484 786 2530 integrae,
813 2484 947 2533 ingens
978 2493 1015 2520 et
1044 2485 1215 2521 excelsus
1245 2485 1407 2526 animus,
1438 2486 1582 2522 invicta
1611 2486 1786 2522 laborum

281 2547 476 2593 patientia,
501 2559 606 2582 acres
627 2547 739 2588 oculi,
762 2548 882 2583 multo
905 2549 1017 2584 etiam
1041 2548 1164 2584 acrius
1185 2549 1384 2598 judicium,
1409 2557 1446 2585 et
1466 2549 1665 2598 diligentia
1684 2550 1785 2599 vigil,

281 2609 460 2657 quicquid
481 2610 596 2659 legat,
618 2610 662 2645 ad
686 2611 989 2647 Demosthenem
1021 2625 1139 2648 unum
1165 2612 1353 2649 referendi
1380 2620 1415 2649 et
1444 2613 1481 2648 in
1503 2614 1787 2650 commentariis

281 2674 481 2710 condendi.
540 2675 621 2710 Nos
642 2687 732 2711 vero
758 2678 837 2724 jam
868 2676 1015 2712 senium
1046 2689 1167 2724 paene
1198 2677 1356 2727 ingressi
1385 2677 1582 2725 coepimus
1604 2690 1690 2714 cum
1711 2679 1786 2714 De-

280 2739 479 2774 mosthene
506 2739 709 2786 hospitium
741 2740 989 2781 contrahere;
1027 2742 1126 2777 unde
1157 2749 1329 2790 tempore
1363 2750 1449 2790 post
1479 2750 1590 2778 natus
1621 2750 1678 2778 est
1707 2745 1786 2791 ejus

282 2802 417 2837 edendi
438 2810 607 2843 conatus,
630 2804 693 2850 qui
720 2803 750 2838 si
780 2816 856 2839 non
883 2805 1040 2840 omnino
1060 2805 1152 2840 nihil
1175 2806 1369 2854 expedisse
1391 2806 1594 2848 videbitur,
1617 2814 1658 2841 ut
1678 2806 1725 2842 de
1746 2818 1786 2842 re

281 2867 332 2900 sic
359 2865 447 2900 satis
474 2866 672 2902 commode
702 2867 801 2903 inter
825 2875 881 2904 tot
907 2869 1152 2906 incommoda
1178 2871 1465 2906 circumstantia
1493 2877 1600 2919 gesta
1626 2869 1785 2906 laetabi-

281 2943 375 2966 mur.
436 2930 487 2965 Ut
515 2931 637 2967 brevis
667 2932 749 2974 sim,
779 2946 886 2983 agam
914 2934 1013 2981 quod
1044 2943 1189 2982 potero,
1220 2947 1305 2970 cum
1336 2947 1460 2981 neque
1483 2934 1583 2981 quod
1604 2933 1717 2971 velim
1748 2941 1785 2970 et
