1934 3179
320 138 404 177 514
706 140 790 180 DE
824 140 1027 180 FALSA
1061 139 1442 180 LEGATIONE.

378 244 473 296 367,
500 254 565 284 22.
598 241 620 292 ἢ
646 243 871 298 διακοσίων]
896 244 978 283 Est
1005 243 1228 282 attractio:
1264 256 1314 281 ne
1347 246 1467 296 putes
1494 243 1741 296 particulam
1769 259 1829 285 re—

321 298 520 339 dundare.
554 299 607 339 V.
629 304 715 339 not.
739 300 791 339 ad
814 315 853 353 p.
877 312 974 353 329,
1005 299 1064 339 16.
1126 298 1375 339 SOHAEF.

377 356 473 408 367,
500 367 564 408 25.
599 358 694 395 κατὰ
729 355 935 408 Θηβαίων]
972 354 1035 393 De
1063 354 1288 395 Thebanis.
1333 354 1524 394 REISK.
1588 355 1720 396 Scilic.
1742 356 1830 396 fore

320 415 368 451 ut
388 425 544 464 poenas
566 412 730 451 darent.
792 411 1043 453 SCHAEF.

377 468 472 520 367,
508 468 572 508 28.
605 466 703 506 τοῦτ’
742 467 932 507 ἀκούσατέ
971 468 1064 520 μου]
1114 466 1179 506 En
1217 467 1425 521 expletam
1461 467 1828 516 constructionem,

319 537 424 575 quae
451 522 542 562 aliis
570 522 750 576 elliptica
777 523 876 563 locis
904 524 983 566 fuit
1010 540 1104 566 cuni
1133 523 1318 563 Reizium
1346 523 1520 564 falleret.
1573 524 1626 563 V.
1649 523 1830 563 libellum

319 579 370 617 de
399 578 573 618 Accent.
604 578 746 618 Inclin.
768 593 805 631 p.
831 590 897 631 97.
924 595 976 621 ss.
1014 582 1069 622 ad
1109 594 1284 634 eumque
1324 579 1641 619 annotationem
1676 580 1746 619 Fr.
1774 580 1826 619 A.

322 634 465 673 Wolfii
486 649 524 687 p.
554 648 640 674 100.
702 634 954 676 SCHAEF.

372 691 468 744 368,
490 703 530 743 3.
561 693 656 741 πρὸς
680 692 901 746 Θηβαίους]
929 693 982 733 V.
1001 698 1088 732 not.
1111 693 1165 732 ad
1187 707 1229 745 p.
1254 693 1319 738 66,
1341 705 1402 731 10.
1465 691 1714 732 SOHAEF.

373 746 468 800 368,
489 757 529 800 5.
561 747 853 798 ψήφισμα-τὸ
886 753 953 788 τοῦ
987 747 1234 802 Διοφάντου]
1269 747 1539 801 Diophantus
1574 752 1830 789 memoratur

316 817 355 855 p.
377 815 473 855 403,
500 816 560 842 11.
584 805 680 856 436,
709 817 770 856 13.
793 805 891 857 498,
917 806 979 845 26.

372 860 468 911 368,
493 861 530 899 6.
565 860 875 914 Καλλισθένους]
912 861 1006 900 Hoc
1042 860 1280 924 psephisma
1320 859 1487 900 recitari
1524 860 1707 913 jusserat
1748 859 1829 901 De-

315 915 467 954 mosth.
494 914 535 953 in
566 929 613 954 or
615 920 673 956 tt.
698 915 749 955 de
778 930 860 955 cor.
885 931 923 969 p
949 929 1040 970 237.
1071 923 1177 956 extr.
1211 917 1327 968 cujus
1363 916 1404 955 in
1440 916 1574 955 locum
1608 930 1715 956 nunc
1748 916 1829 956 illic

314 970 427 1010 aliud
455 970 673 1011 suffectum
694 976 757 1011 est
783 972 924 1012 similis
952 971 1188 1027 aigumenti
1216 972 1465 1026 psephisma.
1514 972 1568 1011 V.
1592 972 1826 1012 Boehneck.

317 1026 487 1077 Quaest.
512 1027 589 1067 v.ol
614 1041 646 1067 1.
668 1042 709 1081 p.
732 1040 828 1080 415.

371 1085 467 1136 368,
492 1096 555 1123 10.
581 1085 889 1138 κατεκομίζεσθε]
914 1085 1081 1126 Scilicet
1103 1085 1433 1125 traducebantur
1458 1084 1499 1123 in
1521 1085 1611 1124 loca
1632 1084 1828 1126 inferiora

315 1152 348 1178 s.
386 1140 490 1179 mari
527 1139 646 1179 vicin
655 1155 738 1180 ora.
780 1140 1033 1182 SCHAEF.
1094 1140 1324 1180 Aeschines
1366 1145 1485 1180 taxes
1522 1141 1828 1181 Demosthenes

314 1195 415 1235 with
450 1195 506 1236 it:
551 1198 613 1236 διὰ
647 1196 716 1246 τὴν
751 1198 826 1247 σὴν
859 1200 1071 1250 ἀνανδρίαν
1108 1198 1168 1237 καὶ
1204 1197 1282 1246 ἅμα
1317 1198 1468 1248 φθόνον
1504 1200 1557 1250 (p.
1581 1199 1711 1250 306),
1744 1198 1828 1238 and

314 1266 435 1305 many
456 1266 577 1305 years
598 1253 843 1293 afterwards
865 1254 917 1294 he
938 1254 1147 1294 describes
1169 1253 1241 1293 the
1263 1253 1393 1293 alarm
1415 1253 1461 1291 of
1482 1253 1553 1294 the
1578 1253 1825 1302 Athenians,

313 1308 557 1359 φοβηθέντες
579 1310 930 1361 ἐσκευαγωγήσατε
955 1314 1014 1364 (p.
1032 1312 1150 1361 471.)
1206 1309 1515 1350 SHILLETO.

369 1366 465 1417 368,
495 1378 554 1404 11.
585 1364 822 1419 Ἡράκλεια]
865 1366 1180 1421 Harpocration
1217 1380 1247 1405 s.
1271 1366 1310 1406 11.
1334 1380 1369 1405 v.
1405 1366 1661 1416 Δημοσθένης
1696 1367 1739 1405 ἐν
1774 1367 1825 1420 τῷ

313 1420 390 1460 κατ’
428 1422 630 1472 Αἰσχίνου.
666 1426 828 1462 πολλῶν
862 1424 985 1463 ὄντων
1013 1427 1090 1462 τῶν
1125 1424 1219 1462 κατὰ
1252 1422 1322 1471 τὴν
1352 1421 1532 1471 Ἀττικὴν
1563 1421 1824 1472 Ἡρακλείων,

313 1479 381 1515 νῦν
413 1476 461 1516 ἂν
493 1479 512 1516 ὁ
537 1476 791 1527 Δημοσθένης
820 1479 1053 1528 μνημονεύοι
1084 1479 1167 1528 ἥτοι
1199 1481 1274 1517 τῶν
1303 1479 1346 1517 ἐν
1379 1481 1608 1546 Μαραθῶνι,
1630 1476 1653 1527 ἦ
1681 1481 1757 1518 τῶν
1783 1480 1826 1518 ἐν

314 1531 571 1583 Κυνοσάργει·
604 1536 724 1571 ταῦτα
744 1536 818 1584 γὰρ
839 1534 1013 1583 μάλιστα
1035 1536 1096 1573 διὰ
1121 1551 1228 1583 τιμης
1250 1533 1360 1586 εἶχον
1379 1532 1592 1584 ἱἈθηιαῖοι.
1630 1533 1826 1574 Corsinus

312 1587 429 1628 Fast.
456 1588 550 1628 Att.
573 1588 650 1627 v.ol
674 1600 707 1627 2.
731 1603 769 1641 p.
793 1602 889 1643 335.
912 1604 934 1629 e
958 1590 1112 1629 Demos
1116 1589 1252 1629 thenis
1277 1589 1368 1629 loco
1391 1604 1428 1642 p.
1451 1602 1546 1643 379,
1573 1591 1635 1630 28.
1660 1589 1826 1644 collegit

314 1643 522 1683 Heraclea
542 1643 698 1683 ultimis
729 1645 1060 1699 Sciiophorionis
1087 1645 1229 1684 diebus
1251 1645 1386 1684 celebr
1388 1649 1460 1684 ata
1481 1659 1582 1685 esse.
1646 1645 1714 1684 Fr
1740 1646 1824 1686 Va-

313 1704 405 1739 tero
441 1699 635 1740 notitiam
671 1700 815 1749 debeo,
847 1715 871 1740 e
902 1715 984 1754 qua
1023 1700 1284 1754 peispicuum
1314 1701 1362 1741 fit
1395 1700 1600 1741 Heiaclea
1635 1702 1824 1755 sequenti

313 1755 479 1795 deinum
496 1770 635 1795 mense
654 1755 697 1794 H
702 1757 1038 1805 ecatombaeone
1057 1761 1100 1797 et
1121 1757 1286 1809 quidem
1302 1760 1490 1810 tempore
1508 1757 1824 1798 Panathenaeo-

312 1826 403 1850 rum
428 1816 525 1852 acta
546 1826 609 1851 ess
613 1826 646 1851 e.
693 1812 839 1866 Steph.
863 1812 959 1866 Β)Ζ.
982 1827 1018 1851 v.
1041 1813 1257 1864 Εχελίδαι,
1291 1815 1406 1862 δῆμος
1436 1816 1502 1862 τῆς
1531 1811 1718 1862 Ἀττικῆς,
1748 1814 1824 1854 ἀπὸ

309 1867 482 1920 Ἐχέλου
514 1869 647 1919 ἥρωος.
680 1869 791 1910 οὗτος
819 1867 849 1908 δ’
879 1869 954 1908 ἀπὸ
976 1867 1125 1910 “Ελους
1154 1870 1286 1915 τόπου,
1320 1868 1465 1919 μεταξὺ
1495 1870 1607 1911 ὄντος
1633 1873 1700 1909 τοῦ
1732 1874 1824 1910 Πει-

311 1923 447 1972 ραιέως
469 1925 530 1963 καὶ
550 1941 616 1963 του
645 1926 935 1974 τετρακώμου
955 1923 1249 1976 “Ηρακλείου,
1275 1926 1318 1964 ἐν
1339 1929 1367 1964 ὠ
1390 1925 1477 1966 τοὺς
1497 1925 1701 1976 γυμνικοὺς
1722 1926 1822 1977 ἀγῶ-

315 1997 382 2022 νας
411 1982 593 2020 ἐτίθεσαι
623 1984 701 2022 τοῖς
735 1982 1036 2031 Παναθηναιοις.
1083 1980 1428 2021 BOEHNECK.
1497 1981 1667 2032 Quaest
1690 1981 1765 2021 vol.
1788 1996 1824 2022 1.

314 2051 340 2089 p
369 2048 464 2145 3658,
492 2105 552 2132 12.
577 2093 597 2132 ὃ
619 2094 680 2133 καὶ
702 2093 890 2144 θαυμάζω,
915 2095 1022 2147 εἰ-]
1044 2093 1202 2134 Similia
1222 2093 1336 2134 haec.
1366 2092 1589 2146 Euripides
1609 2093 1822 2134 Phoeniss.

315 2159 408 2200 270.
431 2163 462 2188 s,
507 2148 527 2188 ὃ
551 2150 611 2188 καὶ
633 2150 797 2197 δέδοικα,
820 2150 871 2200 μή
897 2167 945 2200 με
971 2152 1131 2190 δικτύων
1153 2151 1231 2189 ἔσω
1257 2151 1452 2200 λαβόντες
1473 2150 1518 2189 οὐ
1547 2149 1688 2199 μεθῶσ’
1713 2151 1821 2190 ἀναί-

309 2221 457 2254 μακτον
492 2206 604 2257 χρόα.
657 2205 964 2259 Aristophanes
1000 2206 1221 2246 Ecclesiaz.
1246 2207 1342 2259 338.
1379 2205 1399 2244 ὃ
1429 2206 1488 2245 καὶ
1521 2205 1684 2251 δέδοικα,
1707 2206 1758 2256 μή
1788 2224 1823 2246 τι

312 2260 382 2312 δρᾷ
406 2261 606 2311 νεώτερον.
654 2261 911 2301 Brunckius:
948 2268 971 2284 “
992 2262 1034 2301 id
1067 2266 1131 2302 est
1159 2261 1202 2301 δι’
1233 2262 1293 2302 ὅ.”
1340 2261 1434 2301 Non
1462 2266 1576 2315 puto.
1637 2261 1718 2302 Est
1738 2262 1823 2302 vul-

310 2315 424 2369 garis
465 2316 719 2357 constructio
765 2317 878 2357 verbi
928 2318 1065 2366 activi,
1113 2332 1299 2371 quaeque
1345 2317 1533 2370 sequitur
1577 2317 1821 2367 enuntiatio,

313 2373 416 2418 εἶ-,
449 2371 567 2420 μή-,
606 2372 791 2426 exegesis
831 2378 897 2412 est
933 2373 1003 2421 rei,
1042 2388 1165 2426 quam
1207 2373 1297 2426 quis
1337 2373 1514 2413 miratur
1548 2378 1623 2413 aut
1657 2374 1821 2414 metuit.

315 2426 565 2468 SOHAEF.

368 2483 826 2536 368,15—18P1ius
857 2485 1096 2539 psephisma
1123 2490 1188 2524 est
1213 2485 1368 2525 laetum
1395 2484 1493 2523 illud
1520 2489 1647 2548 atque
1673 2485 1821 2540 glorio-

311 2553 401 2578 sum
423 2538 528 2587 urbi,
552 2538 889 2603 Diophanteum:
924 2541 1102 2581 alterum
1123 2545 1187 2581 est
1209 2540 1559 2589 Callisthenicum,
1582 2540 1717 2590 triste,
1738 2541 1820 2582 1116-

311 2600 478 2635 tuosum
500 2599 543 2635 et
564 2595 894 2649 ignominiosum.
957 2596 1153 2636 REISK.

368 2651 463 2703 368,
489 2663 554 2701 24.
587 2652 776 2706 Πορθμῷ]
806 2652 923 2693 Oonf.
948 2653 1054 2692 Phil.
1072 2666 1110 2705 3
1132 2667 1171 2706 p.
1196 2666 1286 2703 119.
1331 2652 1451 2692 Misit
1472 2652 1580 2692 enim
1603 2652 1820 2717 Philippus

313 2706 596 2760 Hipponicum
618 2721 710 2746 cum
731 2708 840 2748 mille
861 2708 1128 2749 conductitiis
1155 2708 1209 2748 ad
1233 2708 1481 2748 Porthmum
1503 2708 1699 2748 Euboeae
1720 2709 1816 2749 civi-

310 2767 442 2802 tatem
475 2763 771 2815 occupandum.
817 2764 1034 2803 GREVE
1102 2764 1225 2803 Adde
1258 2764 1365 2803 Phil.
1398 2779 1436 2814 4.
1464 2779 1502 2816 p.
1531 2777 1621 2817 133.
1652 2764 1703 2804 de
1734 2779 1816 2804 cor.

311 2833 349 2870 p.
376 2820 469 2867 248.

370 2876 463 2925 369,
488 2887 524 2925 3.
559 2874 661 2913 Οἶδα
689 2876 818 2914 τοίνυν
840 2877 898 2914 ὄτι
921 2894 951 2914 κ.
969 2893 1001 2915 τ.
1019 2876 1075 2928 λ.]
1118 2875 1271 2914 Locum
1297 2876 1405 2914 hunc
1433 2875 1538 2914 citat
1567 2880 1608 2914 et
1637 2873 1815 2926 explicat

314 2928 524 2967 Maximus
547 2929 734 2981 sophista
757 2930 807 2969 de
831 2930 1122 2970 Insolubilibus
1143 2946 1183 2984 p.
1208 2934 1304 2983 576.
1366 2930 1556 2969 REISK.
