1914 3184
268 113 354 153 xxii
891 112 1157 153 REISKII

268 220 376 266 cujus
406 220 656 268 syntagmatis
686 220 917 267 exemplaria
947 228 1026 255 tum
1057 219 1239 266 temporis
1270 217 1392 253 adhuc
1423 225 1478 252 sat
1507 215 1662 264 copiosa
1691 227 1780 262 sup-

267 283 462 330 petebant.
521 284 628 319 Haec
650 283 695 319 de
718 283 867 319 Aldina.

980 389 1010 436 §·
1034 401 1071 435 3·

704 466 763 500 De
781 466 933 500 editione
952 465 1195 512 Herwayiana
1209 463 1343 511 prima.

324 540 484 587 Excepit
504 552 585 575 eam
610 539 880 588 Herwagiana,
902 539 1026 587 prima
1056 551 1078 574 a
1106 550 1167 574 me
1197 537 1369 573 dicenda.
1428 536 1603 580 Quatuor
1622 534 1780 570 omnino

272 604 528 652 Herwagiana
557 603 720 644 officina,
754 616 851 650 quae
885 603 1058 638 Basileae
1090 602 1173 645 fuit,
1202 602 1334 643 edidit,
1357 601 1449 637 duas
1476 600 1654 639 Graecas,
1687 598 1781 633 duas

271 667 572 703 Graecolatinas.
631 667 757 702 Prima
776 667 909 714 itaque
935 679 1066 703 earum
1095 666 1235 714 prodiit
1254 665 1430 701 Basileae
1460 663 1559 711 apud
1589 663 1780 698 Joannem

271 729 515 778 Herwagium
546 741 678 764 mense
709 728 929 777 Septembri
959 730 1049 765 anni
1083 741 1197 777 1532.
1226 729 1299 764 hoc
1331 727 1465 763 titulo:
1501 725 1782 770 “Δημοσθένους

270 796 371 840 λόγοι
399 793 458 827 δύο
488 795 541 827 καὶ
560 793 730 838 ἑξήκοντα.
789 793 919 829 Habes
944 793 1084 829 Lector
1103 792 1377 828 Demosthenis
1398 792 1630 827 Graecorum
1653 797 1779 824 orato-

269 869 354 892 rum
382 857 554 892 omnium
584 857 695 893 facile
724 858 907 905 principis
937 857 1131 894 orationes
1161 857 1254 892 duas
1285 864 1323 892 et
1352 855 1558 903 sexaginta,
1582 860 1620 889 et
1639 853 1677 888 in
1700 864 1782 888 eas-

271 921 359 956 dem
381 921 535 968 Ulpiani
554 922 852 957 commentarios
872 929 1058 968 quantum
1080 928 1195 956 extat.
1254 920 1408 955 Libanii
1429 924 1665 967 argumenta.
1697 924 1780 951 tum

272 985 451 1021 collectas
482 998 504 1020 a
533 985 702 1021 studioso
734 986 899 1032 quodam
929 998 972 1021 ex
1000 986 1088 1020 Des.
1111 984 1259 1020 Erasmi
1290 984 1377 1019 Rot.
1401 981 1612 1018 Guilhelmi
1634 980 1781 1015 Budaei

201 1060 257 1082 ΧΠ
273 1057 387 1097 atque
409 1050 570 1084 aliorum
590 1049 918 1085 lucubrationibus
939 1048 1221 1084 annotationes.
1243 1047 1289 1083 ad
1310 1048 1405 1082 haec
1424 1046 1554 1094 ipsius,
1577 1044 1781 1080 Plutarcho

271 1115 511 1161 Libanioque
543 1114 776 1154 auctoribus,
806 1114 938 1154 vitam,
972 1120 1010 1148 et
1039 1112 1245 1148 lectionem
1278 1111 1444 1158 denique
1475 1109 1620 1145 variam
1652 1108 1779 1156 adjec-

271 1180 389 1215 tam.”
448 1178 597 1225 Excipit
627 1179 729 1213 hunc
762 1178 916 1213 titulum
949 1178 1098 1213 Erasmi
1130 1176 1379 1212 Roterodami
1409 1175 1454 1211 ad
1485 1175 1547 1211 Jo.
1571 1174 1780 1222 Georgium

271 1243 617 1291 Baumgartnerum
655 1242 828 1289 epistola,
865 1253 940 1289 qua
977 1241 1278 1276 Demosthenem
1318 1252 1405 1275 cum
1444 1237 1781 1274 commendatione

272 1319 340 1342 sua
366 1306 411 1341 ad
439 1306 546 1341 illum
578 1313 656 1340 tum
690 1305 812 1340 adhuc
835 1303 1022 1350 juvenem
1052 1305 1182 1340 mittit..
1240 1304 1306 1339 Nil
1335 1311 1465 1339 tamen
1494 1302 1581 1338 ideo
1611 1313 1780 1341 moveor,

272 1380 314 1406 ut
335 1371 487 1406 credam
510 1371 556 1406 ab
579 1371 739 1405 Erasmo
761 1377 940 1406 navatam
964 1382 1046 1406 esse
1067 1369 1320 1404 Demostheni
1342 1366 1582 1403 emendando
1611 1378 1780 1413 operam.

272 1435 472 1484 Leguntur
502 1436 654 1483 quidem
687 1436 723 1470 in
759 1435 830 1470 hac
864 1435 1045 1475 editione,
1081 1446 1178 1481 quae
1213 1433 1259 1470 ad
1292 1433 1467 1468 Aldinam
1501 1442 1678 1478 expressa
1712 1437 1780 1471 est,

271 1500 460 1536 nonnulla
490 1500 636 1541 melius,
661 1513 774 1547 quam
796 1500 836 1535 in
858 1499 1006 1535 Aldina.
1067 1499 1139 1534 Sed
1170 1505 1329 1545 possunt
1349 1497 1412 1531 illa
1432 1508 1454 1531 a
1475 1495 1568 1531 Sim.
1586 1494 1779 1542 Grynan,

273 1572 338 1600 aut
359 1565 388 1599 si
410 1578 485 1612 quo
505 1565 578 1600 alio
603 1565 826 1614 Herwagius
857 1572 938 1599 tum
966 1570 1136 1598 uteretur
1165 1561 1390 1597 mendarum
1420 1558 1780 1608 typographicarum

272 1637 500 1670 correctore,
523 1628 694 1676 profecta
714 1641 808 1664 esse.
867 1628 926 1663 Ab
948 1628 1108 1663 Erasmo
1134 1625 1402 1662 tantummodo
1432 1623 1618 1672 praefatio
1648 1629 1780 1670 postu-

271 1693 435 1733 labatur,
459 1693 802 1728 commendationis
833 1705 934 1739 ergo,
958 1704 1032 1739 quo
1059 1691 1157 1726 liber
1184 1697 1284 1726 esset
1311 1688 1553 1724 vendibilior.
1611 1687 1782 1721 Praestat

271 1757 366 1792 haec
389 1756 504 1791 editio
526 1755 655 1791 multis
681 1756 795 1791 rebus
819 1756 1001 1795 Aldinae;
1034 1755 1250 1790 chartarum
1281 1752 1558 1801 magnitudine,
1581 1759 1780 1799 typorum-

273 1833 369 1868 que3
402 1827 482 1855 tum
505 1820 606 1867 quod
628 1821 822 1868 appositos
842 1820 970 1855 statim
992 1819 1039 1854 ad
1060 1818 1155 1854 texti
1177 1830 1283 1853 oram
1306 1816 1463 1864 Ulpiani
1484 1813 1782 1852 commentarios

271 1884 400 1924 habet,
423 1885 487 1931 qui
512 1884 557 1919 ab
578 1884 677 1919 Aldo
704 1883 861 1919 seorsim
884 1883 975 1918 editi
996 1882 1171 1922 fuerant3
1203 1881 1364 1917 accessit
1390 1880 1556 1927 denique
1585 1879 1674 1914 'nuic
1705 1878 1783 1914 edi-

271 1948 365 1983 tioni
387 1948 530 1995 primae
554 1948 829 1996 Herwagianae
856 1947 1021 1994 primum
1043 1946 1151 1993 quasi
1171 1945 1465 1980 fundamentum
1487 1942 1780 1979 commentario-

271 2024 355 2047 rum
377 2013 414 2047 in
438 2012 738 2047 Demosthenem
770 2024 789 2046 e
819 2011 969 2058 scriptis
990 2010 1136 2045 Erasmi
1159 2017 1197 2045 et
1218 2008 1364 2044 Budaei
1394 2008 1633 2054 aliorumque
1664 2019 1683 2041 a
1711 2005 1780 2041 Ja-

274 2077 369 2111 cobo
392 2075 547 2111 Rubero
578 2075 741 2110 collecta
769 2074 931 2123 farrago,
956 2075 995 2109 in
1016 2074 1208 2109 VVolfiana
1238 2084 1390 2120 quoque
1421 2071 1590 2107 editione
1620 2077 1779 2105 servata.

274 2138 348 2174 Sed
371 2139 519 2187 singula
538 2140 631 2174 haec
653 2139 870 2188 diligentius
890 2138 1100 2174 videamus.
1160 2138 1340 2172 Erasmus
1360 2136 1399 2171 in
1420 2135 1486 2171 illa
1506 2134 1667 2182 epistola
1686 2134 1782 2170 nihil

274 2215 295 2237 a
315 2215 354 2237 se
376 2203 421 2237 ad
444 2203 655 2237 ornandum
678 2202 982 2237 Demosthenem
1004 2201 1188 2236 collatum
1210 2207 1498 2236 commemorat.
1550 2199 1682 2234 Verba
1702 2201 1782 2247 ejus

273 2266 347 2300 huc
378 2266 611 2312 pertinentia
643 2277 661 2300 e
691 2265 925 2313 longiuscula
954 2264 1107 2311 quidem
1141 2264 1312 2311 epistola,
1336 2276 1357 2298 a
1382 2276 1457 2310 qua
1487 2263 1601 2298 homo
1628 2262 1782 2298 criticus

274 2337 402 2364 tamen
436 2341 568 2375 parum
602 2329 714 2363 abeat
747 2328 907 2367 doctior,
942 2328 1026 2371 (sed
1060 2335 1139 2362 tum
1173 2327 1355 2375 temporis
1384 2327 1470 2362 loco
1499 2326 1780 2374 praefationum

273 2393 449 2427 homilias
467 2392 750 2440 scriptitabant)
775 2393 867 2427 haec
888 2400 977 2427 sunt
994 2407 1000 2425 :
1041 2396 1064 2410 “
1083 2392 1223 2438 Accipe
1243 2391 1358 2440 igitur
1377 2390 1693 2431 Demosthenem,
1717 2390 1781 2437 qui

274 2469 378 2491 nunc
408 2457 545 2504 prodit,
568 2469 637 2491 ceu
665 2457 796 2503 positis
827 2468 948 2491 novus
979 2456 1124 2491 exuviis
1153 2455 1371 2502 nitidusque
1396 2454 1778 2503 juventa—multum

275 2521 457 2556 debemus
490 2521 598 2559 Aldo,
631 2521 694 2567 qui
729 2521 838 2555 nobis
872 2521 1017 2568 primus
1051 2527 1244 2555 oratorum
1279 2519 1491 2566 principem
1528 2518 1656 2558 dedit;
1698 2518 1782 2565 plus

274 2586 457 2621 debemus
486 2586 704 2633 Hei-wagio,
732 2585 795 2632 qui
826 2598 900 2620 non
933 2598 1066 2633 parum
1096 2583 1239 2619 addidit
1268 2583 1321 2617 illi
1351 2590 1432 2617 tum
1462 2581 1670 2631 dignitatis,
1699 2590 1781 2617 tum

275 2650 389 2684 ctiam
418 2650 711 2690 commoditatis,
737 2649 836 2684 haud
869 2649 1124 2684 mediocribus
1154 2647 1357 2695 impendiis
1389 2647 1547 2695 parique
1571 2645 1781 2695 vigilantia,

275 2721 315 2748 ut
331 2716 409 2762 jam
435 2714 570 2749 merito
598 2714 742 2760 possint
772 2726 905 2748 omnes
936 2712 1203 2748 admirabundi
1229 2712 1353 2747 dicere
1382 2711 1481 2747 οὗτός
1507 2712 1602 2745 ἐστιν
1622 2713 1640 2744 ὁ
1660 2712 1783 2745 ἐκεῖνος

188 2784 261 2806 X111
277 2777 520 2820 ὃημοσθένης.”
554 2778 661 2812 Haec
684 2778 876 2812 Erasmus.
910 2777 981 2812 Sed
1003 2777 1152 2816 viderit,
1176 2775 1239 2822 qui
1261 2775 1535 2822 praedicationi
1557 2787 1646 2809 suae
1667 2774 1780 2809 fidem

278 2838 403 2874 faciat.
464 2840 578 2875 Haud
602 2841 793 2875 infitiabor
813 2840 1108 2888 splendidiorem
1130 2839 1251 2875 oculis
1277 2839 1450 2875 accidere
1474 2838 1779 2885 Herwagianam,

280 2914 390 2947 quam
416 2902 600 2943 Aldinam‚
625 2916 782 2949 quarum
814 2904 878 2938 illa
910 2904 1114 2951 majoribus
1145 2902 1275 2944 literis,
1302 2903 1396 2937 haec
1427 2900 1695 2936 minutioribus
1726 2907 1782 2936 est
