1950 3210
515 154 592 196 DE
630 154 817 196 FALSA
859 154 1213 195 LEGATIONE.
1537 157 1613 195 5531

109 257 219 314 city?
251 258 421 300 Resides
455 261 572 301 there
606 262 639 301 is
669 261 904 313 something
935 267 979 300 to
1011 275 1077 314 my
1104 260 1217 299 mind
1248 275 1342 314 very
1366 261 1503 299 form-«l
1536 262 1617 300 and

110 317 235 356 harsll
268 317 307 356 in
341 318 423 357 this
454 318 755 358 construction.
819 317 833 356 1
860 317 957 356 wis-h
990 317 1123 357 either
1151 316 1296 365 δούλην
1324 317 1441 355 could
1476 317 1526 355 be
1559 332 1617 354 11·-

109 373 255 412 moved
278 388 325 411 or
346 387 459 413 some
482 374 681 427 probable
701 372 926 414 alteration
949 372 1188 424 suggested.
1252 373 1338 412 For
1359 372 1430 412 the
1448 372 1618 411 circum-

108 434 252 469 stance
274 443 406 482 comp.
425 430 552 469 below
570 445 609 483 p.
628 442 726 480 420.
747 431 785 482 ξ.
808 431 900 483 283.
933 430 1044 471 οὗτος
1065 429 1095 469 δ’
1117 429 1164 478 ἣν
1183 429 1375 479 βασιλεὺς
1397 429 1457 468 καὶ
1478 428 1620 469 πάντες

108 485 146 524 οἱ
167 484 365 534 ’Έλληνες
394 486 582 536 ὑμετέραν
608 487 800 537 ἔγνωσαν,
822 485 1076 537 Ἀμφίπολιν,
1105 487 1246 533 ταύτην
1278 485 1438 534 ἐξέδωκε
1471 502 1502 523 κ.
1526 502 1557 524 τ.
1581 490 1619 523 λ.

109 540 237 579 Anct.
263 539 491 580 Halonnes.
516 556 554 594 p.
579 542 644 590 84.
670 543 705 595 ξ.
728 554 794 594 30.
841 542 910 590 τὴν
935 543 1068 593 χώραν
1093 540 1140 590 ἣν
1167 540 1418 590 οῖ’Έλληνες
1450 541 1511 579 καὶ
1545 545 1618 590 βα-

110 597 243 638 σιλεὺς
276 598 296 635 ὁ
327 600 496 648 Περσῶν
525 599 776 648 ἐψηφίσαντο
813 597 876 636 καὶ
910 597 1210 648 ὡμολογήκασιν
1239 597 1427 647 ὑμετέραν
1460 596 1615 636 εἶναι...

110 652 242 691 which
265 652 399 691 words
429 653 482 706 by
504 653 576 692 the
598 668 685 706 way
708 653 925 706 indirectly
948 653 1096 691 defend
1133 653 1265 692 πάλιν.
1307 652 1402 691 Slll
1419 653 1446 691 L
1458 652 1619 691 LETO.

110 707 191 758 Qui
222 707 343 747 πάλιν
377 708 567 759 ὑμετέραν
604 708 842 758 κατέστησεν
872 708 1015 748 edidit.
1079 708 1134 748 Et
1167 709 1287 748 πάλιν
1318 708 1416 747 1111111
1455 723 1620 761 qnoque

110 777 217 803 nunc
249 778 391 803 verum
422 764 597 812 videtur,
621 766 692 804 sed
725 765 867 813 δούλην
897 764 1185 810 confidentius.
1216 770 1261 804 ut
1293 765 1450 818 opinor,
1484 765 1620 804 delere

109 820 291 859 debebat
312 820 499 860 Shilleto.
561 820 665 861 Cum
691 820 943 872 κατέπεμψεν
966 820 1010 873 (1.
1029 835 1063 860 e.
1086 820 1212 860 literis
1233 821 1360 860 missis
1381 821 1619 871 declaravit)

112 875 320 930 Sauppius
341 876 597 929 comparavit
618 876 792 916 similem
814 876 927 916 verbi
948 891 1068 916 usum
1090 877 1202 930 apud
1225 876 1423 930 Xenoph.
1449 876 1558 916 IIell.
1583 890 1619 929 7,

118 944 148 979 1,
171 945 238 985 30.
270 931 317 981 ἣν
336 933 527 982 βασιλεὺς
549 932 702 983 εἰρηνην
725 933 978 982 καταπέμποι.

166 988 262 1040 384,
284 1000 324 1039 5.
358 987 419 1041 ευ]
454 987 517 1028 De
550 988 627 1028 hae
664 989 761 1028 sede
795 989 980 1028 adv-elbii
1015 1006 1056 1028 ευ
1092 1003 1127 1028 v.
1165 995 1250 1029 not.
1284 989 1338 1028 ad
1375 989 1621 1043 Dionysium

111 1042 248 1083 Halie.
272 1043 388 1084 deC.
410 1044 463 1084 V
485 1059 524 1097 p.
548 1057 638 1085 112.
681 1044 809 1085 SOH
807 1044 931 1084 ΧΕἙ.

166 1100 264 1152 384,
286 1113 325 1152 9.
359 1099 773 1154 ἐδεξαντο-ἔλαβον]
813 1100 934 1151 Quod
964 1100 1183 1141 discrimen
1216 1101 1269 1140 sit
1301 1101 1410 1141 inter
1437 1101 1622 1152 δέχεσθαι

109 1160 153 1195 et
185 1154 419 1206 λαμβάνειν,
453 1156 565 1197 haud
599 1156 786 1196 dixerim.
834 1157 1027 1196 REISK.
1098 1157 1182 1196 Nec
1217 1157 1436 1210 quisquam
1468 1157 1622 1196 dixerit

109 1211 228 1252 alius.
302 1212 422 1262 Quod
463 1212 496 1251 si
533 1213 635 1252 haec
674 1213 868 1266 deinceps
910 1213 1047 1266 posita
1089 1213 1303 1252 Reiskium
1344 1213 1620 1259 offenderunt,

110 1282 192 1307 non
234 1268 481 1309 meminerat
524 1268 819 1309 Demosthenis
866 1268 1100 1309 orat-ionem
1148 1269 1383 1320 hujusmodi
1433 1269 1621 1322 pleonas-

109 1323 188 1363 mis
225 1325 467 1372 exuberare,
500 1324 613 1365 velut
649 1339 745 1365 mox
778 1339 814 1364 v.
849 1337 913 1365 20.
964 1325 1137 1379 legimus
1176 1327 1313 1374 ἥδεσαι
1355 1325 1415 1364 καὶ
1455 1326 1620 1377 χαίρειν.

111 1380 365 1420 SOHAEF.

165 1437 262 1489 384,
291 1450 352 1479 12.
386 1436 633 1490 αἰχμάλωτα]
671 1437 902 1490 αἰχμάλωτα
930 1438 1091 1487 σώματα
1115 1452 1154 1490 p.
1178 1437 1274 1488 480.
1310 1436 1621 1476 SHILLETO.

109 1493 234 1543 ὅμηρα
267 1493 318 1532 de
353 1492 568 1533 obsidibus
599 1493 757 1533 dictum
790 1496 846 1545 (v.
874 1493 986 1547 Syll).
1018 1493 1071 1533 ad
1105 1492 1275 1546 Dionys.
1302 1493 1355 1531 A.
1386 1492 1435 1531 R.
1465 1505 1504 1541 2,
1529 1494 1620 1546 55.)

110 1554 327 1602 comparat
350 1548 608 1589 Schaeferus.

165 1606 263 1657 384,
290 1618 353 1659 13.
387 1604 611 1658 ἐκπώματα]
647 1605 1044 1655 ἐκπώματα-αὐτοῖς
1073 1604 1208 1645 citant
1238 1605 1393 1644 Anecd.
1422 1604 1554 1643 Bekk.
1583 1619 1622 1657 p.

114 1663 204 1709 162,
227 1672 295 1714 32.
357 1660 608 1701 SCHAEF.
760 1668 767 1676 ¹

165 1718 261 1770 384,
288 1728 352 1770 15.
384 1717 530 1767 οὐδαμῆ
550 1716 730 1768 προΐεντο
755 1717 929 1770 ἑαυτούς]
960 1716 1114 1757 Verte:
1148 1730 1268 1770 vaeque
1287 1731 1325 1757 se
1346 1731 1510 1770 usquam
1531 1731 1624 1771 pro-

108 1771 335 1813 stituebant.
367 1773 493 1812 TAY
500 1773 628 1812 LOR.
692 1772 731 1812 V
735 1777 893 1812 eltam:
927 1787 1046 1827 neque
1078 1772 1163 1812 ulla
1192 1773 1345 1813 >atione
1375 1773 1441 1812 81ιί
1471 1773 1625 1826 copz'am

99 1827 323 1880 faciebant.
384 1828 494 1869 SOH
501 1828 635 1868 AEF.

166 1885 265 1937 384,
290 1897 355 1924 20.
387 1885 511 1937 αὐτοὶ]
550 1883 682 1935 Quod,
705 1883 825 1924 finito
853 1884 930 1923 hoc
958 1884 1118 1938 periodi
1148 1885 1345 1931 membro.
1369 1884 1624 1937 insequentis

110 1940 366 1980 constructio
387 1939 562 1980 membri
583 1955 608 1979 a
630 1939 827 1993 singulari
849 1940 1007 1980 transit
1027 1941 1079 1980 ad
1103 1940 1316 1993 pluralem,
1335 1941 1442 1980 αὐτοὶ
1462 1943 1534 1990 μὲν
1555 1941 1625 1980 οὖν

112 2015 146 2036 κ.
165 2013 196 2034 τ.
213 2001 266 2044 λ.,
290 1995 391 2035 1111111
412 1996 542 2036 habet
563 1996 813 2036 offensionis.
876 1996 1129 2037 SCHAEF.

166 2053 328 2102 ἥδεσθαι
362 2053 424 2092 καὶ
453 2052 620 2106 χαίρειν]
654 2052 708 2092 V.
731 2058 818 2092 not.
840 2051 895 2092 ad
915 2067 951 2091 v.
975 2064 1012 2104 9.
1046 2052 1347 2092 Abundantius
1379 2051 1507 2091 etiam
1531 2052 1625 2091 Ari-

110 2108 337 2161 stophanes
360 2108 460 2148 Pac.
483 2123 519 2147 v.
545 2120 637 2161 291.
670 2109 720 2150 ὡς
739 2110 879 2158 ἥδομαι
901 2109 963 2147 καὶ
985 2109 1169 2160 χαίρομαι
1197 2109 1487 2158 κεύφραίνομαι.
1550 2107 1623 2146 Ri-

111 2163 243 2204 dicule
265 2165 318 2204 ob
342 2164 595 2212 Datismum,
618 2178 700 2203 non
722 2164 774 2203 ob
796 2164 1093 2217 pleonasmum.
1155 2163 1410 2204 SGHAEF.

167 2221 263 2271 384,
288 2232 353 2260 21.
386 2222 434 2260 τὰ
461 2222 526 2269 τῆς
552 2219 808 2269 πόλεως-ἣν
838 2219 946 2273 τότε]
981 2219 1075 2259 Non
1101 2220 1278 2260 multum
1300 2219 1496 2259 differunt
1516 2233 1625 2271 quae

112 2275 258 2330 collegi
282 2276 374 2316 Ind.
396 2276 450 2316 ad
473 2275 649 2315 Homeri
672 2275 820 2329 Odyss
843 2291 882 2329 p.
907 2277 996 2326 176.
1058 2275 1308 2316 SCHAEF.

168 2334 266 2385 384,
292 2345 312 2372 2
316 2344 356 2386 5.
390 2333 523 2384 σφεῖς]
552 2331 619 2371 Sic
644 2331 709 2371 S.:
741 2331 862 2385 vulgo
885 2335 1002 2383 σφᾶς.
1057 2331 1297 2385 Utrumque
1317 2331 1518 2384 probum:
1553 2331 1625 2369 sed

111 2387 366 2441 probabilior
396 2387 675 2428 nominativus
704 2393 752 2428 ut
776 2387 909 2441 magis
931 2388 1134 2427 obnoxius
1160 2387 1397 2428 mutationi.
1461 2386 1513 2426 V.
1538 2395 1625 2426 not.

111 2444 164 2483 ad
188 2443 382 2496 Sophocl.
409 2443 510 2483 Oed.
535 2443 582 2483 T.
607 2445 703 2496 958.
765 2443 1017 2483 SOHAEF.

163 2500 260 2552 335,
289 2511 350 2539 12.
383 2498 633 2553 εἶς-λόγον]
667 2501 715 2539 Si
748 2499 945 2540 rationem
972 2498 1182 2546 habeas—‚
1207 2497 1311 2550 quod
1336 2497 1474 2537 attinet
1498 2498 1623 2537 (cd—.

110 2554 162 2593 V.
182 2554 501 2608 NVyttenbachii
518 2555 713 2595 ‚Iulia-noa
732 2570 772 2608 p.
795 2568 886 2606 170.
907 2568 937 2593 s.
954 2555 1018 2594 ed.
1037 2554 1161 2607 Lips..
1177 2554 1247 2592 ubi
1270 2553 1397 2592 etiam
1418 2553 1484 2591 llic
1506 2553 1619 2592 locus

114 2610 287 2650 citatur.
348 2610 595 2650 SOHAEF.

166 2666 422 2716 ἀρετῆς-καὶ
443 2665 570 2719 δόξης]
596 2666 869 2705 pleonasmus
892 2665 1122 2704 oratorius:
1148 2679 1244 2704 nam
1268 2664 1384 2714 ἀρετη
1406 2664 1445 2703 11.
1465 2664 1490 2704 l
1516 2665 1625 2704 idem

114 2722 225 2775 quod
252 2720 356 2771 δόξα.
420 2721 580 2760 Ε1·1(11111
609 2720 888 2761 redundantia
912 2722 1123 2760 Homerus
1146 2721 1256 2773 Ody
1243 2734 1293 2758 sS.
1322 2732 1383 2769 14.
1406 2733 1504 2770 402.
1527 2722 1624 2759 οὕτω

112 2777 186 2829 γάρ
223 2794 288 2817 κεν
320 2794 397 2839 peon·
421 2777 575 2825 ἐϋκλείη
609 2776 637 2814 τ’
671 2777 786 2827 ἆρετη
818 2793 858 2815 τε
894 2778 949 2825 εἴη
984 2779 1031 2815 ἐπ
1032 2776 1303 2827 ἀιθρώποῑτ.
1368 2775 1405 2812 V
1413 2807 1420 2814 .
1453 2790 1544 2815 mea
1582 2790 1623 2815 ln

113 2833 173 2873 H.
198 2832 399 2886 Stephani
423 2832 638 2872 Τ11651·11110
661 2847 691 2871 s.
711 2848 746 2872 1·.
772 2832 900 2882 ἀρετη.
943 2832 1069 2872 SGH.
1069 2832 1192 2871 &ER

170 2889 378 2941 ἀπέδοντο]
417 2887 644 2928 Aeschines
681 2893 780 2941 puta
819 2902 911 2926 cum
953 2888 1175 2928 sodalibus.
1228 2887 1422 2927 REISK.
1499 2887 1624 2927 Vere.

114 2948 225 2984 τοῦτο
263 2944 424 2984 δὲ-καὶ
461 2945 570 2994 δόξης
602 2950 662 2984 est
702 2943 910 2984 sententia
948 2944 1163 2998 generalis.
1203 2958 1283 2996 qua
1321 2943 1625 2984 Demosthenes

794 3016 823 3039 M
848 3014 887 3039 111
909 3002 933 3038 Q
