1950 3210
636 146 747 186 PRO
780 145 1029 186 CORONA.
1534 150 1616 189 437

160 258 256 299 302.
281 257 345 298 27.
377 246 767 300 μᾶλλον-εἰκότως]
802 246 1071 295 Ρνοόαόῖίῖιιε,
1100 247 1138 286 h.
1169 263 1204 286 c.
1235 261 1327 286 cum
1361 248 1509 301 majori
1544 263 1614 301 spe

103 316 328 341 successus.
370 302 451 341 SC!
466 302 474 340 Ι
488 302 519 340 Α
535 302 564 340 Ε
576 303 619 341 F.

159 357 279 410 τόνδ’]
311 358 626 410 Ctesiphontem
649 362 763 410 puta.
808 357 1001 397 REISK.

159 413 218 452 ὅτι
248 414 298 466 τῷ
329 415 402 462 μὲν
434 412 513 452 ἔστ’
537 415 764 464 ἀνενεγκεῖν
790 413 847 452 ἐπ’
871 415 1041 456 ἐκείνους
1073 415 1133 453 καὶ
1164 416 1230 455 τὰς
1260 418 1336 453 τῶν
1361 415 1615 465 δικαστηρίων

102 469 269 519 γνώσεις
301 469 361 507 καὶ
392 468 434 507 τὸ
465 472 603 508 τοῦτον
634 470 752 508 αὐτὸν
777 470 936 508 ἐκείνων
959 470 1011 519 μὴ
1043 470 1344 521 κατηγορηκέναι
1374 471 1493 509 ταύτὰ
1523 487 1614 521 γρα-

101 523 265 574 ψάντων
288 523 385 573 ἅπερ
407 525 516 564 οὗτος
541 525 636 569 νυνὶ,
662 525 724 563 καὶ
745 524 786 562 τὸ
809 525 896 565 τοὺς
917 526 1056 574 νόμους
1075 525 1204 574 μηκέτ’
1221 527 1290 565 ε’ἇν
1311 526 1398 576 περὶ
1419 529 1495 565 τῶν
1516 528 1613 565 οὕτω

100 579 356 630 πραχθέντων
373 579 620 632 κατηγορεῖν]
648 579 828 619 Videtur
849 580 981 619 multa
1003 595 1244 620 enumerare
1266 586 1308 620 et
1326 581 1453 620 voluit
1470 581 1613 629 videri,

101 634 174 673 sed
196 640 259 674 est
282 648 363 673 nno
385 635 510 673 verbo
531 635 901 686 araquiojudicati.
920 636 970 674 de
988 651 1069 688 qua
1092 636 1298 689 loquitur:
1334 651 1428 676 nain
1451 637 1614 677 causari

96 689 349 741 judiciorum
381 690 612 729 sententias
635 696 675 729 et
699 691 809 744 quod
842 691 928 743 ipse
951 692 1181 731 Aeschines
1204 697 1292 731 tum
1318 707 1400 731 non
1423 693 1614 732 videatur

101 744 355 792 dissensisse,
379 746 448 797 qui
475 760 556 784 non
577 746 848 794 accusaverit,
872 755 913 786 ct
935 747 1046 800 quod
1068 748 1119 786 (le
1141 749 1264 787 rebus
1285 748 1346 788 ita
1366 748 1472 788 actis
1494 763 1614 787 accu-

101 801 211 840 satio
243 801 405 841 institui
438 815 518 840 non
552 801 695 854 possit,
719 808 783 841 est
811 816 893 840 uno
916 803 1040 842 verbo
1062 818 1111 842 ea
1136 803 1382 856 exceptione
1404 804 1478 852 uti,
1502 804 1613 856 quod

101 855 152 895 de
174 857 297 896 rebus
325 856 522 908 judicatis
544 862 672 909 atque
695 857 755 897 ita
777 857 884 897 actis
912 872 994 896 non
1025 858 1146 898 liceat
1173 874 1319 899 novam
1343 859 1457 899 litem
1479 860 1612 899 inten-

101 911 211 952 dere.
265 915 361 952 οὕτω
393 912 648 964 πραχθέντων
670 913 783 961 (licit.
810 928 902 952 cum
934 928 1124 962 coronae,
1156 920 1380 967 postquam
1411 930 1476 954 res
1503 915 1614 967 judi-

101 973 197 1008 cata
218 972 310 1007 erat
326 968 492 1020 judiciis
514 968 564 1007 de
585 973 756 1019 γραφαῖς
776 971 1024 1019 παρανόμων,
1044 971 1236 1010 (Ιυοτοῖαο
1254 975 1393 1010 essent
1414 986 1438 1010 a
1460 971 1612 1023 populo

100 1027 143 1063 ct
164 1023 442 1064 renuntiatae.
505 1024 587 1063 Hic
616 1024 744 1077 igitur
774 1029 837 1064 est
869 1039 1012 1064 sensus
1044 1026 1134 1073 loci,
1159 1026 1271 1066 dicas
1298 1033 1438 1067 tamen
1467 1027 1613 1065 Demo-

100 1079 289 1119 sthenem
321 1094 428 1119 nunc
462 1079 600 1132 paullo
628 1080 752 1119 latius
783 1081 1008 1120 extendere
1033 1081 1318 1134 exceptionem
1348 1082 1537 1133 judicati.
1562 1082 1612 1121 cf.

102 1134 251 1175 Meier.
270 1140 313 1175 et
335 1134 609 1175 Schoemann.
629 1136 679 1175 de
696 1136 784 1188 jud.
808 1137 965 1176 Athen.
988 1151 1028 1189 p.
1051 1139 1131 1189 635
1152 1152 1263 1190 seqq.
1326 1138 1389 1176 Dc
1411 1152 1491 1190 quo
1514 1152 1613 1190 pau-

100 1190 158 1229 cis
179 1205 327 1230 moneo
350 1192 460 1244 quod
481 1206 547 1230 res
568 1196 644 1231 est.
692 1191 866 1245 Legitur
887 1193 998 1245 apud
1017 1193 1278 1232 Andocidem
1295 1193 1386 1233 adv.
1404 1192 1609 1232 Alcibiad.

98 1260 138 1299 p.
159 1260 226 1300 30.
257 1251 333 1286 τῶν
354 1249 482 1296 νόμων
503 1248 826 1298 ἀπαγορευόντων
847 1249 902 1289 δὶς
931 1248 1018 1298 περὶ
1044 1252 1111 1287 τοῦ
1141 1249 1256 1288 αὐτοῦ
1283 1249 1378 1299 πρὸς
1406 1249 1473 1287 τὸν
1495 1249 1613 1288 αὐτὸν

97 1302 148 1351 μὴ
184 1304 326 1351 ἐξεῖναι
362 1303 594 1349 δικάζεσθαι.
663 1304 808 1355 Atque
843 1303 1021 1356 primum
1058 1304 1122 1343 hic
1156 1304 1321 1357 quidem
1355 1318 1437 1343 non
1472 1304 1613 1357 agitur

98 1371 246 1398 caussa
273 1358 472 1397 adversus
500 1358 675 1397 eundem
708 1359 855 1398 stricto
887 1374 1022 1405 sensu,
1046 1374 1138 1398 cum
1165 1374 1245 1398 non
1269 1360 1426 1399 directe
1447 1374 1613 1399 accuse-

98 1417 169 1453 tur
189 1413 508 1459 Demosthenes,
523 1414 595 1453 sed
618 1413 857 1466 Ctesiphon,
877 1419 923 1454 ut
944 1420 1070 1454 antea
1092 1415 1351 1454 Demomeles
1373 1419 1415 1454 et
1434 1415 1613 1467 Hyperi-

98 1469 170 1508 des
201 1469 411 1515 accusati;
446 1469 595 1509 deinde
626 1469 745 1522 plura
776 1470 899 1509 credo
930 1485 1126 1523 praesens
1157 1471 1367 1510 accusatio
1392 1470 1612 1510 Aeschinis

96 1525 272 1578 protulit
293 1539 417 1578 quam
435 1525 625 1565 Diondae
647 1530 689 1564 et
709 1525 790 1564 alio
811 1525 947 1564 modo.
1010 1526 1148 1576 Quare
1168 1526 1278 1565 nulla
1300 1540 1400 1566 sane
1422 1526 1523 1565 haec
1547 1531 1612 1565 cst

97 1580 246 1620 stricto
276 1594 396 1621 sensu
432 1580 623 1633 exceptio
653 1580 849 1633 judicati,
870 1596 1005 1634 neque
1035 1581 1076 1620 in
1105 1581 1291 1634 ἀτέχνους
1319 1583 1480 1629 πίστεις,
1505 1595 1612 1634 quae

98 1635 355 1683 dicebantur,
378 1636 522 1675 referri
553 1641 695 1689 potest
722 1637 806 1676 tale
833 1641 1154 1690 a1·gu1nentum;
1191 1642 1237 1677 at
1268 1637 1378 1676 inter
1406 1636 1614 1688 ἐντέχνους

91 1691 188 1743 jure
218 1691 450 1744 meritoque
480 1691 615 1731 locum
646 1692 785 1739 habet.
819 1697 862 1732 et
892 1693 1096 1732 hactenus
1127 1693 1232 1732 bene
1262 1698 1458 1744 recteque
1489 1696 1612 1744 urget

95 1746 317 1799 aliquoties
340 1747 656 1791 Demosthenes.
680 1748 791 1800 quod
808 1747 897 1799 jam
918 1752 1043 1787 antea
1066 1747 1232 1800 saepius
1254 1748 1304 1787 de
1327 1762 1401 1787 sua
1421 1746 1610 1800 gestione

96 1816 235 1841 rerum
256 1802 347 1841 aliis
368 1801 410 1840 in
432 1802 588 1842 caussis
609 1803 715 1842 bene
731 1803 968 1855 judicatum
990 1803 1057 1843 sit.
1100 1803 1325 1843 DISSEN.

154 1860 206 1911 τῷ
226 1856 318 1910 μὲν]
354 1857 630 1910 Ctesiphonti.
673 1857 933 1897 TAYLOR.

154 1925 251 1964 302,
282 1924 350 1963 29.
382 1912 539 1965 τοῦτον]
578 1912 841 1952 Aeschinem.
911 1913 993 1952 Sed
1025 1913 1135 1965 quod
1164 1927 1204 1965 p.
1234 1925 1329 1965 303,
1359 1926 1391 1951 1.
1425 1912 1612 1965 sequitur

96 1968 219 2013 οὗτος,
243 1967 557 2020 intelligendum
578 1968 629 2007 de
651 1968 937 2020 Ctesiphonte.
1001 1967 1121 2007 Talia
1150 1967 1339 2013 lectores.
1366 1968 1443 2007 nisi
1474 1973 1612 2008 atten-

98 2023 213 2071 dant,
236 2023 354 2062 facile
375 2022 561 2062 fallentia
587 2037 669 2061 non
691 2023 923 2062 fefellerunt
945 2023 1170 2069 auditores,
1194 2023 1304 2076 quod
1326 2023 1487 2064 orantis
1509 2023 1612 2077 digi-

98 2082 167 2118 tus
189 2092 352 2117 onmem
374 2077 678 2117 dubitationem
699 2078 876 2118 tolleret.
921 2078 1170 2118 SCHAEF.

155 2146 251 2187 303,
273 2147 312 2183 4.
344 2134 434 2183 πρίν
461 2149 497 2172 τι
526 2134 669 2172 τούτων
693 2133 934 2186 προλαβεῖν]
968 2133 1034 2172 Sic
1055 2148 1095 2186 p.
1117 2134 1211 2186 366,
1237 2144 1273 2180 7.
1299 2133 1389 2182 πρὶν
1410 2134 1556 2173 τούτων
1577 2150 1612 2173 τι

97 2190 164 2238 τῆς
197 2190 350 2230 πόλεως
384 2192 616 2239 προλαβεῖν·
655 2187 725 2227 ubi
759 2188 919 2241 pariter
953 2193 1002 2228 ut
1037 2188 1103 2228 hic
1138 2187 1233 2227 libri
1269 2188 1455 2227 nonnulli
1492 2205 1613 2239 προσ-

98 2248 258 2292 λαβεῖν.

155 2311 251 2351 303,
273 2312 313 2351 5.
347 2297 436 2338 ἀλλ’
460 2299 526 2337 οὐκ
556 2298 604 2348 ἦν
630 2298 736 2349 οἶμαι
761 2300 860 2344 τότε,
884 2298 904 2338 ὃ
934 2300 1018 2338 νυνὶ
1048 2302 1162 2344 ποιεῖ,
1188 2300 1229 2338 ἐκ
1260 2302 1436 2338 παλαιῶν
1456 2299 1612 2350 χρόνων

101 2354 162 2393 καὶ
186 2353 455 2405 ψηφισμάτων
481 2358 642 2393 πολλῶν
669 2353 901 2407 ἐκλέξαντα]
937 2353 1158 2393 Pertinent
1188 2354 1291 2393 haec
1322 2353 1525 2406 imprimis
1556 2353 1610 2392 ad

100 2423 161 2455 ea,
185 2423 291 2461 quae
314 2408 544 2448 Aeschines
566 2409 615 2448 de
647 2423 748 2461 pace
771 2409 834 2448 Ol.
856 2411 947 2457 108,
972 2421 1009 2448 2.
1031 2409 1145 2448 facta
1166 2409 1308 2448 multis
1329 2409 1466 2448 verbis
1489 2422 1612 2460 expo-

99 2464 162 2504 nit
182 2479 222 2517 p.
245 2467 311 2504 62.
356 2464 410 2502 V.
428 2464 532 2513 οἶμαι
552 2464 728 2503 ironiam
749 2464 890 2503 habet.
954 2464 1098 2517 Neque
1130 2464 1238 2503 enim
1270 2463 1438 2503 dubitat
1460 2463 1613 2502 Demo-

101 2519 284 2558 sthenes.
327 2518 552 2558 DISSEN.

156 2587 253 2627 303,
278 2586 315 2625 7.
346 2575 369 2613 ’ὰ
394 2574 726 2624 μήτε-ῥηθῆναι]
764 2573 859 2612 Hoc
891 2574 1123 2613 membrum
1156 2587 1249 2612 cum
1281 2572 1511 2625 syntactice
1544 2586 1611 2611 co-

100 2630 273 2669 haereat
305 2643 398 2668 cum
431 2628 619 2668 oratione
652 2627 830 2680 obliqua,
864 2642 1011 2667 caussa
1043 2633 1220 2680 apparet
1251 2641 1324 2667 cur
1358 2627 1496 2680 posita
1527 2627 1612 2666 sint

99 2684 194 2734 μήτε
216 2689 258 2724 et
275 2685 416 2734 μηδεὶς,
440 2698 522 2723 non
543 2685 631 2723 οὔτε
651 2688 693 2722 et
716 2684 851 2723 οὐδείς.
895 2682 1144 2722 SCHAEF.

157 2752 254 2792 303,
277 2753 339 2792 19.
363 2740 563 2790 σοφίζεται
589 2739 649 2777 καὶ
671 2737 788 2790 φησὶ]
825 2737 1010 2777 Exstant
1033 2738 1157 2777 verba
1184 2736 1404 2776 Aeschinis
1426 2750 1458 2775 c.
1483 2735 1614 2776 Ctesi—

101 2794 248 2847 phont.
272 2809 310 2847 p.
335 2795 400 2841 62,
423 2807 462 2845 5.
499 2795 532 2833 εἰ
559 2793 602 2832 δέ
631 2809 735 2832 τισιν
765 2795 870 2842 ὑμῶν
902 2794 1084 2843 ἐξαίφνης
1115 2794 1330 2832 ἀκούσασιν
1361 2792 1614 2841 ἀπιστότερος

100 2851 407 2900 προσπέπτωκεν
438 2851 457 2888 ὁ
497 2851 663 2889 τοιοῦτος
697 2849 826 2898 λόγος,
862 2849 1014 2889 ἐκείνως
1047 2848 1116 2896 τὴν
1146 2848 1362 2887 ὑπόλοιπον
1392 2845 1611 2895 ποιήσασθε
