1914 3184
242 122 352 163 xlviii
860 123 1121 163 REISKII

241 229 498 271 indoctorum,
531 231 748 266 sodalitium
779 230 1047 279 gladiatorium
1079 237 1143 264 aut
1172 229 1388 276 piraticum,
1411 229 1561 264 vexavit
1587 237 1623 264 et
1653 228 1748 265 infa-

241 295 372 336 mavit,
395 307 471 329 non
494 294 593 341 quod
615 307 637 329 a
657 293 848 330 sententia
870 294 983 329 Dem.
1005 293 1253 332 aberrassem,
1277 304 1353 327 non
1383 292 1483 339 quod
1511 305 1593 328 eam
1626 292 1750 328 minus

241 357 442 406 perspicue
471 358 731 399 reddidissem,
757 358 821 393 sed
848 370 878 393 1.
903 357 1001 404 quod
1024 369 1100 392 non
1122 369 1166 391 ea
1188 368 1310 391 essem
1337 355 1503 391 dictione
1534 357 1751 405 germanica

175 432 229 455 ιιι
243 435 344 465 usim,
367 435 479 470 quam
502 422 571 470 ipsi
592 423 710 458 solam
732 421 905 469 probant,
928 421 991 468 qui
1013 420 1147 455 volunt
1174 419 1303 455 helluli
1324 427 1361 455 et
1381 420 1505 455 omnis
1536 419 1748 469 elegantiae

163 2222 233 2244 LIII

244 486 375 522 arbitri
396 499 490 527 esse,
515 497 546 521 2.
570 486 671 533 quod
701 497 815 532 saepe
845 484 1015 520 locorum
1047 483 1308 531 periphrasten
1339 484 1464 531 potius
1486 496 1600 531 quam
1631 483 1748 519 inter-

243 558 391 597 pretem
421 550 593 599 egissem,
616 561 651 596 3.
675 549 776 597 quod
806 550 845 584 in
875 548 1271 584 animadversionibus
1301 547 1605 583 Demosthenem
1637 560 1750 595 saepe

244 612 417 649 acerbius
436 614 753 661 perstrinxissem‚
773 614 830 662 egi
852 625 1024 648 caussam
1046 624 1170 648 meam
1192 612 1228 647 in
1251 611 1487 659 praefatione
1508 611 1553 647 ad
1573 612 1751 647 volumen

244 676 400 712 tertium
421 677 531 725 hujus
550 677 887 724 interpretationis.
945 675 1165 711 Secundum
1187 687 1301 722 quam
1331 673 1608 722 praefationem
1636 686 1751 709 nemo

243 739 326 781 fuit,
350 740 413 788 qui
433 740 607 776 hisceret.
664 740 953 776 Obmutuerunt
974 739 1176 775 umbratici
1196 739 1263 779 illi,
1285 751 1305 774 e
1325 739 1494 779 latebris,
1517 745 1559 773 ut
1585 738 1751 773 latrones

244 804 401 840 saltibus
431 804 653 847 insidentes,
684 805 761 840 tela
787 805 826 839 in
857 810 1143 852 praetereuntes
1173 803 1433 851 conjicientes,
1464 802 1555 837 victi
1585 802 1620 836 vi
1651 801 1749 837 veri-

243 868 344 910 tatis,
366 881 442 915 qua
470 876 695 917 argumenta
715 881 802 903 mea
820 868 1051 915 praevalent.
1110 867 1252 903 Nescio
1272 880 1318 902 an
1341 879 1521 902 censurae
1552 866 1650 902 illius
1678 866 1752 902 ini-

245 944 341 979 quae
370 932 409 967 in
439 932 475 967 d.
498 932 542 967 A.
562 931 610 967 D.
629 932 715 967 Bau
748 939 880 968 auctor
908 930 1022 967 fuerit
1050 930 1226 967 inimicus
1256 939 1391 972 tectus,
1413 931 1521 966 vultu
1547 930 1750 977 verbisque

244 996 407 1031 amicum
444 995 636 1031 simulans.
694 996 890 1044 Ejusmodi
921 995 1042 1031 libelli
1073 995 1258 1031 menstrui
1288 1002 1377 1030 sunt
1407 993 1567 1030 buccina
1595 993 1751 1033 diaboli,

241 1060 302 1095 vel
322 1059 523 1106 Erinnyos,
542 1067 607 1094 aut
623 1060 818 1101 Bellonae,
835 1067 876 1094 ut
897 1067 1047 1094 veteres
1068 1058 1336 1106 loquebantur,
1355 1061 1462 1107 cujus
1483 1058 1640 1093 boatum
1663 1070 1750 1093 cum

242 1122 417 1160 audieris,
449 1121 663 1168 suspiceriS,
695 1120 777 1168 quis
812 1120 972 1161 inflarit;
1012 1121 1113 1156 unde
1149 1121 1363 1157 simultates
1396 1130 1433 1156 et
1468 1119 1748 1156 contentiones.

243 1185 383 1221 Melius
405 1193 557 1234 egomet
579 1184 656 1233 ipse
676 1186 764 1220 novi
787 1197 895 1221 meae
916 1185 1242 1232 interpretationis
1272 1198 1424 1227 naevos,
1447 1199 1560 1233 quam
1589 1186 1641 1221 illi
1671 1199 1750 1221 om-

242 1263 321 1291 nes,
344 1249 405 1298 qui
429 1263 512 1285 eam
533 1258 767 1297 carpserunt.
826 1250 901 1285 Sed
933 1250 1128 1285 meliorem
1160 1249 1332 1297 profecto
1352 1262 1467 1285 nemo
1488 1250 1637 1285 illorum
1669 1262 1750 1285 om-

242 1314 347 1350 nium
369 1314 521 1355 condat,
542 1327 667 1362 neque
690 1314 842 1350 condet.
901 1314 1022 1349 Erunt
1043 1313 1200 1349 fortasse
1222 1316 1282 1361 qui
1305 1315 1342 1349 in
1364 1315 1531 1350 dictione
1563 1326 1647 1349 mea
1667 1326 1752 1363 ger-

243 1377 394 1414 manica
418 1377 561 1425 aliquid
583 1386 746 1420 tentent,
769 1390 915 1426 ungues
935 1379 968 1413 ei
991 1378 1161 1426 infigant,
1184 1378 1369 1425 scalpam,
1392 1378 1551 1425 poliant,
1573 1377 1750 1413 voculam

243 1454 373 1482 unam,
404 1454 501 1488 quae
536 1441 624 1489 ipsis
659 1440 827 1489 asperior
857 1449 894 1476 et
924 1441 1155 1477 immundior
1185 1441 1370 1482 videatur,
1402 1454 1487 1476 cum
1518 1441 1603 1482 alia,
1636 1442 1665 1476 si
1695 1441 1751 1476 dis

244 1506 382 1553 placet,
405 1505 605 1541 mundiore
627 1513 664 1540 et
685 1504 931 1553 exquisitiore
953 1513 1115 1547 mutent,
1139 1513 1176 1541 et
1197 1506 1250 1541 sic
1275 1518 1314 1541 se
1336 1505 1610 1541 Demosthenis
1630 1504 1751 1540 ferant

245 1570 487 1617 interpretes,
510 1581 642 1616 reapse
665 1570 739 1604 sint
760 1568 940 1618 plagiarii.
1001 1569 1220 1617 Exspirabit
1248 1569 1286 1604 in
1314 1569 1500 1618 ejusmodi
1530 1569 1684 1617 ineptiis
1714 1576 1752 1604 et

246 1633 451 1668 titivillitiis
483 1632 606 1668 omnis
639 1645 769 1668 eorum
801 1632 902 1668 circa
932 1633 1234 1668 Demosthenem
1263 1632 1481 1681 germanice
1514 1633 1752 1668 reddendum

245 1697 393 1732 molitio
414 1681 580 1744 puerilis,
622 1697 759 1732 Facere
780 1705 906 1732 tamen
929 1710 1005 1732 non
1027 1705 1218 1744 poterunt,
1241 1710 1316 1744 quo
1338 1697 1463 1732 minus
1484 1705 1633 1732 constet
1653 1697 1754 1732 inter

246 1773 389 1804 omnes,
412 1769 449 1796 ct
469 1773 528 1796 res
549 1760 628 1808 ipsa
648 1761 801 1804 clamet,
824 1773 901 1800 eos,
923 1762 950 1796 si
974 1760 1038 1808 qui
1060 1769 1184 1802 erunt,
1207 1760 1294 1796 vitio
1316 1774 1337 1796 a
1367 1769 1488 1796 semet
1517 1768 1665 1796 creatos
1694 1762 1752 1796 in-

246 1833 432 1872 terpretes
456 1824 729 1860 Demosthenis
750 1825 975 1861 vernaculos
997 1837 1015 1860 e
1037 1837 1123 1860 mea
1143 1825 1296 1860 demum
1318 1824 1633 1872 interpretatione
1659 1825 1753 1860 didi-

247 1890 342 1924 cisse
363 1888 665 1924 Demosthenem
689 1888 901 1937 intelligere
923 1897 1038 1936 atque
1059 1897 1296 1925 convertere.
1355 1890 1457 1924 Ante
1485 1901 1545 1924 me
1573 1901 1686 1924 nemo
1707 1889 1753 1924 de

246 1952 362 1987 Dem.
384 1952 601 2000 germanice
630 1952 825 1987 reddendo
855 1951 1046 2000 cogitavit,
1067 1959 1154 2000 post
1174 1965 1234 1987 me
1256 1960 1367 1988 erunt
1386 1952 1520 1999 procul
1540 1950 1666 1992 dubio,
1690 1950 1753 1998 qui

248 2016 419 2051 certatim
442 2028 527 2051 enm
550 2015 720 2051 reddant.
752 2016 822 2051 Sed
845 2016 892 2051 de
907 2015 1052 2051 voculis
1072 2016 1171 2051 inter
1191 2028 1230 2052 se
1252 2016 1499 2057 contendent,
1520 2027 1599 2050 rem
1621 2027 1754 2050 omnes

249 2078 340 2114 mihi
369 2079 575 2115 debebunt.
633 2079 793 2115 Interim
824 2092 862 2115 se
892 2093 1012 2115 novos
1042 2088 1092 2121 et,
1115 2080 1144 2115 si
1174 2080 1230 2115 dis
1260 2080 1400 2127 placet,
1423 2078 1600 2115 meliores
1629 2078 1755 2114 ferent

248 2142 487 2190 interpretes,
520 2151 558 2178 et
592 2156 613 2178 a
644 2143 841 2179 venalibus
872 2144 1170 2191 Ephemeridum
1206 2143 1463 2191 scriptoribus,
1495 2155 1657 2190 quorum
1690 2150 1756 2178 aut

249 2206 380 2246 fames,
402 2213 467 2241 aut
486 2205 634 2247 invidia,
657 2215 722 2241 aut
750 2206 883 2254 gratia,
906 2216 972 2242 aut
1002 2208 1170 2242 studium
1201 2207 1364 2255 partium
1395 2207 1472 2256 agit
1502 2214 1539 2242 et
1567 2207 1755 2255 gubernat

251 2269 403 2316 stylum,
425 2270 598 2305 laudibus
630 2269 664 2305 in
694 2271 844 2306 coelum
872 2271 1088 2307 efferentur.
1148 2271 1256 2315 Quos
1286 2270 1459 2318 equidem
1489 2279 1525 2306 et
1555 2271 1625 2306 sibi
1654 2271 1756 2317 ipsos

250 2332 413 2379 placere,
436 2340 473 2367 et
493 2333 539 2368 ab
561 2333 642 2368 aliis
663 2333 919 2369 commendari
941 2333 1048 2370 facile
1068 2334 1201 2382 patiar,
1224 2346 1351 2369 meum
1377 2346 1472 2381 opus
1502 2332 1666 2369 examini
1696 2333 1753 2368 in-

252 2396 505 2444 telligentium
529 2405 567 2432 et
596 2397 641 2431 ab
672 2396 788 2432 animi
817 2397 1168 2445 perturbationibus
1197 2410 1376 2432 sanorum
1406 2397 1636 2444 relinquens,
1659 2409 1753 2432 mer—

253 2459 385 2495 cedem
417 2459 607 2495 benefacti
638 2472 659 2494 a
688 2460 758 2495 deo
789 2468 826 2496 et
856 2474 877 2496 a
904 2461 1140 2497 conscientia
1170 2460 1296 2496 ferens
1327 2473 1412 2496 mea
1444 2460 1533 2496 satis
1563 2473 1753 2510 magnam,

253 2522 401 2558 tametsi
424 2522 596 2558 homines
622 2531 686 2558 aut
713 2523 817 2560 stulti
839 2533 904 2559 aut
924 2523 1085 2572 imperiti
1116 2532 1181 2559 aut
1208 2523 1310 2559 exosi
1342 2536 1403 2559 me
1433 2523 1600 2571 mihique
1631 2523 1756 2559 infesti

252 2595 408 2635 negent.

299 2725 344 2763 [m
371 2725 405 2754 Id
428 2732 474 2756 est
497 2727 531 2755 in
554 2728 608 2756 der
632 2728 844 2766 Allyemeinen
869 2730 970 2757 Deut-
1039 2728 1133 2758 homo
1155 2728 1351 2767 malignitate
1366 2734 1397 2757 et
1413 2727 1604 2767 arrogantia,
1623 2727 1755 2766 castiga-

252 2778 343 2807 schen
356 2780 532 2810 Bibliothek
543 2780 601 2810 vol.
617 2791 641 2810 1.
657 2792 686 2820 p.
702 2791 740 2811 20
755 2792 835 2821 seqq.
869 2782 971 2821 Scrip-
1038 2789 1088 2812 tus
1112 2792 1209 2820 quum
1233 2781 1272 2810 ab
1295 2781 1363 2811 aliis
1386 2788 1454 2811 tum
1478 2782 1516 2810 ab
1537 2781 1699 2820 Lessingio
1722 2781 1755 2809 in

254 2836 303 2860 tor
317 2842 466 2863 censurae
486 2834 546 2864 fuit
564 2835 597 2864 C.
617 2836 657 2864 A.
679 2835 833 2871 Klotzius,
852 2836 969 2865 famosa
1039 2835 1185 2875 Epistolis
1202 2835 1396 2874 antiquariis.
1423 2835 1460 2864 G.
1482 2834 1624 2871 DIND.]
