1934 3179
277 117 362 158 364
836 122 953 161 PRO
986 121 1236 162 CORONA.

280 222 424 275 Atque
445 223 522 262 hoc
555 224 644 263 1000
665 228 739 263 aut
768 223 923 263 excidit
944 238 1022 263 vox
1054 230 1150 277 post
1171 227 1254 269 τᾶν,
1278 228 1364 271 aut,
1387 225 1497 277 quod
1518 224 1667 271 verius,
1693 230 1790 265 sunt

279 281 401 317 πᾶσαι
423 280 462 318 αἱ
482 281 722 330 λειτουργίαι
743 293 871 318 omnes
892 279 1004 332 vulqo
1025 280 1195 319 usitatae
1214 280 1421 332 Byzantii.
1484 280 1710 321 DISSEN.

342 337 432 385 256,
462 347 521 373 12.
547 335 866 385 στεφανούμενον
887 335 956 374 τὸν
978 338 1099 384 δᾶμον
1120 336 1188 375 τὸν
1208 336 1428 386 Ἀθηναίων
1447 336 1521 376 ὑπὸ
1544 341 1592 376 τῶ
1614 337 1719 387 δάμω
1741 341 1792 376 τῶ

281 392 498 436 Βυζαντίων
535 391 595 429 καὶ
631 390 864 443 Περινθίων]
911 392 1087 431 Statuae
1128 392 1256 440 δήμων
1292 391 1455 444 saepius
1494 397 1790 440 memorantur,

281 444 330 484 cf.
371 445 551 484 Pausan.
587 459 620 493 J,
653 459 691 498 3,
730 459 764 493 2,
799 461 837 493 4.
869 458 908 499 3,
952 460 1010 495 11,
1047 449 1082 486 8.
1148 447 1254 486 Plin.
1295 460 1362 499 35,
1400 450 1467 501 36,
1505 459 1544 500 5.
1606 448 1793 488 Conferri

281 501 408 540 etiam
430 506 605 553 possunt
627 506 793 541 statuae
822 502 1014 555 Spartae,
1042 503 1224 551 Thebae,
1249 503 1391 551 Elidis,
1417 503 1617 551 Helladis,
1642 504 1791 552 Rhodi,

281 556 486 603 similium,
506 556 557 595 de
578 556 726 609 quibus
754 557 808 596 ad
832 558 1002 597 Pindar.
1029 559 1176 598 Isthm.
1207 573 1237 606 1,
1267 572 1299 598 1.
1322 558 1362 597 in
1386 559 1585 598 Boeckhii
1609 560 1792 600 editione

282 611 380 650 dixi.
452 612 676 652 Jacobsius
717 618 934 666 comparat
972 614 1118 668 Polyb.
1155 625 1193 668 5,
1233 615 1299 662 258,
1339 616 1374 654 8.
1416 615 1486 654 ubi
1522 615 1572 654 de
1607 615 1793 655 Hierone

281 672 324 707 et
368 667 523 707 Gelone
570 673 791 708 narratur:
846 670 1018 720 ἔστησαν
1065 670 1295 721 ἀνδριάντας
1335 672 1378 709 ἐν
1424 673 1473 724 τῷ
1520 675 1596 710 τῶν
1633 670 1793 711 Ῥοδίων

282 725 485 774 Δείγματι,
519 726 838 774 στεφανούμενον
873 725 943 765 τὸν
982 729 1117 775 Δῆμον
1152 730 1228 765 τῶν
1257 725 1416 765 Ῥοδίων
1450 727 1523 766 ὑπὸ
1557 730 1623 766 τοῦ
1658 727 1793 777 Δήμου

280 783 356 818 τῶν
378 782 667 829 Συρακουσίων.
729 780 953 820 DISSEN.

340 837 433 887 256,
463 837 523 874 16.
562 836 633 877 τὼς
665 836 873 885 στεφάνως
904 838 962 878 οἷς
990 837 1276 890 ἐστεφάνωται]
1321 837 1433 891 Lege
1465 838 1514 876 τὼ
1548 837 1731 887 στεφάνω
1763 839 1792 877 ὣ

281 892 639 940 συνεστεφάνωται.
700 891 761 931 Of.
785 892 1124 932 Raucheusteinii
1159 892 1470 932 observationes
1503 892 1544 931 in
1570 893 1789 933 Demosth.

280 960 339 984 or.
364 945 414 985 de
436 960 518 985 cor.
544 946 683 986 Turici
714 948 832 999 1829.
856 962 895 1000 p.
921 960 985 987 20.
1020 948 1358 988 BOEHNEGK.
1381 949 1405 987 l.
1430 963 1462 988 c.
1486 963 1525 1001 p.
1549 951 1642 987 662.

341 1004 433 1054 256,
457 1015 521 1043 21.
544 1004 818 1055 ΨΗΦΙΣΜΑ]
850 1004 952 1043 Post
975 1004 1195 1044 liberatam
1217 1005 1433 1044 Euboeam
1455 1009 1498 1044 et
1519 1009 1618 1044 ante
1641 1004 1793 1045 Chare-

282 1057 336 1096 tis
359 1057 666 1110 expeditionem
688 1058 934 1111 Byzantiam
955 1065 1132 1100 exeunte
1154 1065 1200 1100 ut
1222 1060 1386 1100 videtur
1407 1060 1539 1100 hieme
1561 1060 1793 1100 Athenien-

281 1112 387 1151 sium
427 1113 467 1152 in
503 1113 780 1167 Hellesponto
821 1116 963 1169 copiae
999 1130 1168 1156 suasore
1201 1116 1483 1156 Demosthene
1516 1120 1664 1156 auctae
1705 1131 1793 1156 esse

280 1168 513 1208 videntul·Y.
576 1170 712 1220 Quum
739 1170 955 1224 Philippus
982 1172 1154 1211 classem
1180 1171 1221 1211 in
1245 1172 1565 1225 Hellespontum
1591 1172 1793 1212 deducere

281 1224 414 1271 vellet,
438 1225 687 1265 restiterunt
709 1226 875 1279 quidem
898 1228 1254 1275 Chersonesitael,
1278 1242 1352 1267 nec
1374 1233 1515 1267 tamen
1544 1242 1631 1267 rem
1656 1228 1794 1281 prohi-

284 1281 379 1320 bere
396 1286 593 1333 poterant
611 1298 618 1321 :
652 1296 724 1321 rex
747 1282 835 1335 ipse
852 1289 951 1323 tunc
971 1288 1117 1323 contra
1133 1283 1412 1323 Athenienses
1430 1283 1649 1323 violentius
1670 1298 1794 1337 agere

283 1336 452 1376 noluitfl.
514 1337 637 1376 Brevi
671 1342 813 1377 autem
847 1345 946 1379 ante
980 1340 1159 1379 solutam
1186 1339 1377 1392 Byzantii
1410 1339 1668 1379 obsidionem
1702 1354 1795 1379 cum

282 1392 518 1431 fortissimis
540 1393 754 1440 militibus,
779 1399 826 1434 ut
847 1395 875 1434 J
881 1395 1069 1434 ustinusb
1092 1395 1231 1443 refert,
1256 1395 1532 1435 incursionem
1556 1395 1597 1434 in
1621 1396 1794 1436 Cherso-

282 1462 427 1486 nesum
448 1448 557 1488 fecit.
621 1450 894 1503 Selymbriam
916 1451 977 1490 vel
1010 1451 1098 1504 ipse
1134 1453 1177 1491 ἐν
1207 1453 1375 1504 παρόδῳ,
1398 1452 1458 1491 vel
1490 1466 1595 1490 unus
1624 1466 1674 1491 ex
1705 1452 1794 1504 ejus

283 1503 457 1542 ducibus
490 1519 751 1558 oppugnasse
777 1506 953 1546 videtur.
1016 1507 1189 1547 Terram
1224 1507 1472 1554 devastavit,
1502 1507 1640 1560 plures
1671 1508 1795 1547 urbes

281 1559 455 1598 adortus
489 1566 565 1605 est,
589 1565 631 1600 et
664 1561 927 1614 potissimum
960 1577 1030 1602 eas
1064 1578 1170 1615 quae
1204 1563 1243 1601 in
1276 1563 1487 1616 superiore
1517 1577 1565 1603 ac
1597 1563 1794 1602 interiore

282 1620 403 1667 parte
425 1615 530 1655 sitae
553 1622 684 1664 erant,
709 1632 968 1671 expugnasse
985 1618 1184 1664 videtin-0,
1216 1633 1293 1672 ope
1315 1623 1455 1658 tamen
1474 1618 1795 1658 Atheniensium

282 1676 598 1725 ceterorumque
622 1673 875 1712 Graecorum
909 1674 1142 1727 prohibitus
1176 1678 1250 1719 est,
1281 1689 1331 1714 ne
1365 1679 1499 1714 totam
1533 1674 1795 1727 peninsulam
1819 1682 1832 1691 '

283 1732 517 1779 occuparet.
542 1733 584 1767 et
606 1729 729 1768 urbes
750 1729 790 1767 in
811 1729 952 1769 littore
981 1735 1026 1770 et
1045 1735 1234 1770 extrema
1254 1730 1391 1770 fronte
1419 1730 1524 1770 sitae
1545 1730 1705 1784 magnis
1726 1744 1795 1783 pe-

283 1782 423 1821 riculis
444 1788 663 1836 exemptae
685 1785 819 1824 suntd.
878 1785 961 1825 Pro
986 1786 1063 1825 hoe
1086 1786 1286 1825 beneficio
1313 1786 1504 1826 civitates
1534 1785 1625 1826 illae
1648 1801 1698 1825 ex
1719 1786 1797 1825 hoc

284 1838 452 1878 decreto
469 1840 788 1880 Atheniensium
807 1841 958 1894 populo
974 1841 1155 1895 gratiam
1172 1842 1416 1881 retulerunt.
1452 1841 1794 1882 BOEHNECK.

285 1909 320 1946 p.
345 1896 424 1946 487
450 1910 512 1948 sq.
574 1896 783 1936 Dixerunt
805 1898 855 1936 de
878 1897 954 1937 hoc
976 1898 1144 1938 decreto
1168 1898 1369 1951 Droysen.
1392 1913 1431 1951 p.
1458 1900 1552 1936 812.
1574 1903 1617 1938 et
1638 1897 1679 1936 in
1701 1911 1795 1936 con-

284 1950 459 1990 trariam
483 1956 647 2004 partem
670 1953 911 1992 V0e111elius
933 1967 971 2006 3.
994 1968 1033 2006 p.
1055 1967 1095 2006 3.

345 2009 437 2057 256.
462 2019 524 2046 22.
551 2007 1132 2062 Σηστὸν-3Αλωπεκόννησον]
1157 2009 1296 2048 Urbes
1319 2009 1578 2057 Cherronesi,
1601 2023 1626 2048 a
1648 2008 1796 2062 quibus

284 2062 361 2100 hoc
383 2062 596 2102 decretum
617 2064 747 2103 latum
770 2070 847 2112 est,
868 2066 1024 2110 Sestius,
1045 2065 1182 2111 Eleus,
1205 2065 1418 2118 Madytus,
1442 2064 1794 2117 Alopeconnesus,

284 2117 390 2156 sitae
425 2124 546 2158 erant
580 2118 620 2157 in
645 2119 903 2160 Cherroneso
936 2121 1125 2167 Thracia,
1150 2135 1273 2173 quam
1302 2120 1582 2160 Athenienses
1613 2119 1797 2173 posside-

285 2173 400 2216 bant.
425 2174 495 2213 sed
518 2174 725 2214 continuis
752 2176 1032 2216 moliminibus
1055 2176 1237 2230 Philippi
1259 2180 1480 2216 tentatam.
1543 2177 1607 2215 Ac
1629 2176 1705 2215 sub
1726 2176 1796 2215 ob-

330 2313 346 2334 5
375 2306 464 2335 nem.
483 2308 520 2335 de
545 2317 605 2336 cor.
628 2318 656 2344 p.
676 2316 747 2346 252,
765 2307 793 2336 6.
813 2316 888 2337 tuuc
912 2308 1005 2337 etiam

1076 2317 1164 2346 rupta
1189 2314 1219 2337 et
1236 2315 1310 2338 ante
1336 2309 1458 2337 reddita
1483 2308 1618 2346 navigia.
1643 2308 1797 2337 consentit

288 2348 514 2377 Demosthenes
553 2349 740 2385 legationem
773 2350 809 2378 ad
845 2350 1006 2379 Thrarum

1075 2361 1145 2380 cum
1163 2350 1294 2380 ι111311110
1309 2350 1422 2388 Georg.
1442 2350 1604 2388 Sym-ellus
1620 2350 1796 2388 Chronogr.

288 2401 373 2428 reges
390 2391 500 2420 obiisse
513 2391 646 2420 videtur.

330 2439 344 2455 Z
373 2432 452 2460 Phil.
470 2443 518 2469 ep.
537 2444 565 2470 p.
584 2433 651 2470 163.
677 2432 915 2463 chersonesitae
930 2442 1006 2464 tnnc.

286 2474 402 2503 bellum
414 2482 523 2504 eontra
537 2475 717 2513 Philippum
728 2483 902 2513 gesserunt.
936 2477 1007 2505 Huc

287 2517 417 2546 fortasse
447 2518 645 2547 referendum
673 2524 731 2552 est,
763 2519 843 2556 qnod
878 2518 1007 2549 Tzetzes

288 2567 396 2588 narrat
410 2559 491 2588 Chil.
505 2559 532 2588 6.
547 2560 736 2598 97.-—-Dein.
756 2562 793 2589 de
809 2571 870 2589 cor.
889 2571 917 2599 p.
934 2560 1006 2596 276,

289 2611 315 2638 3.
366 2601 456 2630 Dein.
478 2602 557 2630 Phil.
578 2610 670 2640 pos-tr.
691 2613 718 2640 p.
742 2611 810 2639 157,
830 2611 878 2632 22.

332 2650 346 2666 ³1
375 2643 455 2672 Phil.
481 2654 527 2681 ep.
557 2644 575 2672 l.
603 2644 622 2672 l.
650 2645 706 2679 τῆς
729 2643 848 2674 πόλεως
874 2645 922 2674 καὶ
947 2646 1009 2674 τῶν

288 2685 418 2723 τριήρων
433 2685 482 2714 καὶ
498 2687 554 2721 τῆς
571 2686 672 2724 χώρας
692 2686 890 2725 ἀπεσχόμην,
908 2688 1009 2717 ἱκανὸς

288 2728 328 2755 ὢν
344 2727 383 2756 τὰ
398 2729 534 2757 πλεῖστα
551 2729 661 2762 λαβεῖν
677 2728 695 2763 ἢ
712 2727 823 2758 πάντα.

331 2771 348 2790 ¹³
372 2769 391 2797 l.
409 2779 439 2807 9.
464 2780 488 2799 c.
513 2780 536 2803 1,
556 2777 581 2807 7.
632 2771 857 2800 Demosthenes
875 2771 1006 2800 Cherso-

289 2812 353 2840 nesi
365 2812 570 2841 vastationem
584 2821 651 2849 post
664 2813 863 2851 navigiorum
882 2819 1007 2851 raptum

287 2861 518 2884 commemorat.
544 2855 562 2883 l.
588 2864 610 2882 1.
630 2866 657 2893 p.
679 2863 748 2892 274.
775 2861 843 2884 acta
869 2862 914 2884 est
939 2862 1007 2893 post

1076 2404 1102 2431 p.
1127 2392 1195 2427 263.
1215 2393 1242 2421 b.
1261 2392 1298 2421 cf.
1317 2392 1411 2421 etiam
1429 2392 1516 2421 Win.
1536 2392 1657 2422 Comm.
1677 2403 1705 2430 p.
1726 2401 1798 2431 199.

1118 2439 1133 2455 C
1162 2435 1274 2473 Scylax
1309 2434 1423 2472 Peripl.
1456 2445 1483 2472 p.
1517 2434 1564 2462 28.
1605 2435 1705 2463 Huds.
1741 2434 1798 2463 has

1076 2477 1260 2506 Chersonesi
1272 2477 1364 2505 urbes
1376 2482 1542 2506 enumerat
1556 2488 1561 2504 2
1588 2475 1796 2514 Kap62'a‚’'15n‚

1077 2519 1188 2553 Παιὼν,
1204 2518 1490 2555 Ἀλωπεκόννησος,
1501 2516 1684 2556 Ἀράπλους,
1696 2519 1798 2547 Ἐλαι-

1076 2562 1139 2596 οῦς,
1173 2561 1305 2596 Σηστὸς,
1339 2561 1426 2591 ἐντὸς
1456 2559 1489 2589 δὲ
1521 2559 1613 2597 Αἰγὸς
1645 2561 1796 2596 ποταμοῦ,

1079 2602 1219 2642 Κρῆσσα,
1255 2603 1354 2642 (Ρ1111.
1397 2616 1424 2639 4.
1457 2603 1505 2639 48.
1554 2603 1642 2632 Cissa
1672 2602 1797 2631 flumini

1078 2646 1183 2681 Aegos
1199 2646 1356 2685 apposita)
1375 2645 1524 2684 Κριθώτη,
1543 2643 1680 2679 Πακτύῃ.

1122 2686 1138 2709 (l
1164 2688 1271 2717 Front.
1294 2697 1318 2716 1.
1338 2698 1365 2725 4.
1383 2696 1429 2725 13.
1447 2694 1612 2725 postquam
1631 2686 1798 2724 Philippus

1077 2740 1115 2759 ex
1136 2730 1338 2768 Hellesponto
1362 2730 1462 2764 cessit,
1484 2729 1599 2757 Phoeio
1624 2739 1680 2767 pro
1701 2727 1798 2766 raptis

1078 2772 1211 2810 navigiis
1232 2779 1262 2801 et
1279 2779 1399 2801 vastata
1417 2772 1612 2801 Chersoneso
1629 2770 1796 2800 vindictam

1076 2815 1206 2843 sumsit:
1231 2814 1292 2842 vid.
1316 2814 1396 2843 I'lut.
1420 2814 1513 2843 Phoc.
1531 2824 1555 2842 c.
1578 2821 1624 2849 14.
