1935 3205
506 142 900 182 oLYN'rlleA
939 142 1231 182 SECUNDA.
1571 147 1624 183 55

112 253 181 285 tur
213 251 271 299 (p.
299 259 361 291 20,
393 257 480 296 17.:
525 246 843 296 δεδουλωμένοι).
907 246 1197 298 'l'yrannorum
1222 260 1316 283 vero
1344 245 1622 285 Pheraeorum

112 303 276 354 (§.14.)
301 302 618 342 debellationem
638 302 943 342 Demosthenes
963 302 1133 341 consilio
1155 317 1229 340 suo
1248 316 1327 340 non
1347 308 1491 354 aptam
1514 302 1622 341 illam

110 357 274 397 silentio
308 359 603 411 praetermisit.
668 358 729 397 l)e
766 372 825 396 vv.
862 361 931 397 νῦν
963 361 1010 397 τὰ
1044 361 1250 397 τελευταῖα
1286 358 1334 396 cf.
1374 372 1411 411 p.
1434 372 1489 407 44
1516 365 1622 398 extr.

112 413 325 453 SAUPP.

169 482 233 517 20,
256 483 294 522 5.
320 470 427 510 ἔστιν
450 471 592 523 οὐδεὶς]
627 470 918 510 Rcvocandum
941 471 1065 512 οὐδεὶς
1088 470 1195 509 ἔστιν
1217 469 1474 523 delendaque
1497 485 1622 510 anno-

108 525 215 565 tatio
237 526 264 564 f.

169 595 233 629 20,
258 584 295 620 6.
331 583 467 622 ἄνοιαν
490 583 553 622 1110
577 582 677 623 dicit
701 597 824 635 quam
847 597 971 636 supra
995 583 1046 621 (le
1074 581 1230 621 civibus
1252 581 1336 621 suis
1358 581 1530 636 loquens
1551 583 1622 622 mi·

108 637 218 677 tiore
247 639 446 678 vocabulo
480 639 659 688 εὐήθειαν
692 645 923 678 vocaverat.
988 638 1109 678 l'lato
1133 640 1260 689 Gorg.
1293 653 1331 691 p.
1354 642 1450 687 464.
1479 639 1538 678 D:
1573 642 1623 678 τῶ

110 695 149 732 δὲ
173 694 233 733 ἀεὶ
254 695 395 748 ἡδίστῳ
416 696 616 745 θηρεύεται
637 695 706 744 τὴν
728 696 867 734 ἄνοιαν
889 695 949 733 καὶ
972 696 1157 746 ἐξαπατᾷ.
1219 695 1285 733 SA
1300 694 1430 733 Ul'l'.

169 762 232 797 20,
287 763 322 801 7.
375 751 717 803 προσλαμβάνων]
781 750 1020 794 Adsce'scens,
1072 751 1209 803 opibus
1257 751 1339 789 ‚mis
1389 751 1620 804 adstare-aens.

110 805 339 845 Aeschines
376 822 414 860 p.
451 819 515 859 71,
556 818 620 846 22.
656 807 899 857 προσλαβὼν
939 807 1009 856 τὴν
1049 810 1115 845 τοῦ
1157 806 1386 857 γράψαντος
1427 808 1621 856 ἀπειρίαν.

110 861 321 901 SAUPI‘.

167 930 231 962 20,
256 920 293 958 8.
317 918 804 971 ὥσπερ-ἐξελήλεγκται]
834 918 949 958 Citat
973 918 1104 957 Rufus
1126 933 1166 971 p.
1190 919 1255 968 84).
1289 917 1621 957 SCHAEFER.

167 986 229 1019 20,
261 987 321 1013 10.
344 977 405 1014 διὰ
435 978 511 1014 τῶν
542 975 667 1014 αὐτῶν
697 975 860 1027 τούτων]
906 974 986 1013 l'er
1014 974 1088 1013 has
1116 979 1241 1021 artes,
1266 988 1340 1027 per
1369 974 1475 1014 lianc
1502 974 1622 1028 perfi-

107 1029 230 1069 diam.
266 1030 486 1069 FRANK.
549 1030 792 1069 Proximum
816 1031 876 1069 καὶ
898 1045 978 1069 om.
1003 1030 1135 1069 Rufus
1156 1030 1180 1069 l.
1204 1044 1238 1070 c.

166 1098 230 1132 20,
263 1098 321 1137 17.
353 1087 653 1139 δεδουλωμένοι]
694 1086 769 1125 Rei
803 1086 1095 1140 indignitatem
1130 1102 1155 1126 a
1178 1086 1460 1126 Demosthene
1487 1087 1622 1126 verbis

106 1147 404 1195 exaggeratam
427 1157 516 1182 esse
547 1142 722 1182 historia
742 1143 891 1189 (locet,
927 1157 1059 1195 neque
1091 1142 1200 1181 enim
1224 1142 1446 1182 Thessalos
1477 1157 1502 1182 a
1527 1143 1623 1182 I'hi-

105 1197 217 1251 lippo
239 1198 439 1238 servit-ute
473 1213 693 1252 oppressos
721 1213 809 1238 esse
841 1199 920 1238 dici
955 1203 1106 1251 potest.
1169 1198 1249 1237 Sed
1285 1198 1422 1251 paullo
1455 1198 1623 1239 liberius

106 1254 316 1293 vocabulis
338 1258 477 1296 δοῦλος
510 1256 668 1294 δουλεία
700 1257 866 1294 ὃουλοῦν
889 1255 1169 1294 Athenienses
1194 1270 1290 1294 usos
1322 1269 1411 1294 esse
1433 1256 1622 1309 exempla

107 1310 259 1350 docent
300 1311 354 1350 ab
390 1311 705 1350 Funkhaenelio
741 1310 913 1351 collecta
949 1311 1190 1361 Quaestion.
1225 1311 1442 1350 Demosth.
1481 1326 1519 1364 p.
1552 1324 1621 1362 42.

108 1366 320 1405 SAUPI‘.
382 1366 573 1417 Quantae
610 1381 709 1420 opes
739 1367 1032 1406 Thessalorum
1068 1367 1235 1413 fuerint,
1272 1367 1311 1405 in
1345 1367 1535 1406 oratione
1572 1368 1622 1407 (10

106 1436 206 1474 pace
229 1423 423 1476 exposuit
447 1423 653 1463 Isocrates
673 1439 680 1462 :
715 1428 757 1463 et
781 1423 820 1461 in
846 1423 1079 1476 Philippica
1110 1422 1278 1461 minime
1305 1438 1397 1462 eum
1420 1423 1497 1461 hoc
1528 1423 1622 1463 loco

108 1478 404 1518 Demosthenis
437 1479 657 1525 consentit,
681 1494 774 1519 cum
796 1479 853 1519 sic
875 1479 1019 1518 scribit
1043 1484 1102 1533 (p.
1133 1480 1184 1517 86
1209 1479 1268 1529 A)
1288 1496 1295 1518 :
1329 1479 1372 1517 οὐ
1396 1480 1623 1521 Θετταλοὺς

105 1536 178 1583 μὲν
199 1535 285 1576 τοὺς
310 1536 499 1585 πρότερον
529 1535 770 1586 ἐπάρξαι)τας
792 1537 1040 1577 Μακεδονίας
1067 1537 1184 1577 οὕτως
1214 1537 1361 1576 οἰκείως
1388 1535 1483 1585 πρὸς
1505 1535 1622 1575 αὐτὸν

107 1593 325 1630 διακεῖσθαι
345 1592 568 1641 πεποίηκεν,
603 1590 695 1630 ὥσθ’
720 1593 907 1632 ἑκάστους
935 1592 1059 1630 αὐτῶν
1085 1595 1240 1640 μᾶλλον
1264 1592 1397 1644 ἐκείνῳ
1424 1593 1622 1631 πιστεύειν

105 1644 128 1694 ἢ
161 1650 241 1688 τοῖς
272 1646 694 1697 συμπολιτευομένοις;
729 1652 772 1687 et
805 1647 981 1699 epistola
1011 1659 1046 1686 2.
1072 1650 1131 1700 (p.
1152 1660 1236 1696 410
1260 1647 1348 1696 D):
1384 1648 1549 1696 ἐνθυμοῦ
1581 1649 1622 1687 δὲ

106 1703 164 1741 ὅτι
184 1707 349 1744 πολλοῖς
372 1707 499 1744 καλῶς
518 1706 814 1752 βεβουλεῦσθαι
836 1706 973 1749 δοκεῖς,
997 1704 1056 1742 ὅτι
1082 1704 1235 1744 δικαίως
1257 1703 1445 1754 κέχρησαι
1468 1706 1620 1742 Θεττα-

106 1762 191 1799 λοῖς
218 1759 279 1797 καὶ
300 1759 577 1809 συμφερόντως
611 1760 785 1805 ἐκείνοις,
820 1759 1009 1809 ἀνδράσιν
1035 1759 1101 1798 οὐκ
1125 1759 1489 1810 εὐμεταχειρίστοις,
1514 1759 1621 1798 ἀλλὰ

105 1816 405 1866 μεγαλοψύχοις
442 1815 502 1853 καὶ
533 1814 710 1856 στάσεως
745 1819 916 1864 μεστοῖς.
981 1814 1229 1867 Quanquam
1262 1815 1304 1853 τὸ
1339 1815 1621 1864 δεδουλωμένοι

105 1869 248 1909 referri
285 1874 427 1922 potest
462 1870 524 1909 vel
557 1870 611 1910 ad
644 1870 860 1910 Philiadae
893 1870 1060 1923 tyranni
1093 1870 1256 1917 liberos,
1292 1884 1395 1924 quos
1426 1870 1566 1923 pulsos
1595 1886 1622 1910 a

107 1924 316 1964 Thessalis
348 1925 570 1980 Philippus
603 1926 805 1973 restituit,
839 1926 901 1965 vel
934 1927 987 1966 ad
1022 1926 1224 1979 quosdam
1257 1925 1478 1965 Thessalos
1515 1926 1621 1966 male

105 1985 323 2021 tract-atos.
388 1981 496 2021 Nam
513 1982 555 2020 in
572 1982 761 2022 oratione
778 1982 828 2021 de
847 1981 1089 2021 Halonneso
1112 1981 1331 2021 scribitur:
1366 1983 1424 2020 ὅτι
1442 1984 1622 2032 Φεραίων

105 2035 299 2090 ἀφῄρηται
320 2037 389 2085 τὴν
410 2039 540 2083 πόλιν,
575 2038 636 2077 καὶ
669 2040 845 2088 φρουρὰν
878 2039 921 2077 ἐν
954 2038 999 2091 τῇ
1029 2039 1240 2087 ἀκροπόλει
1272 2037 1526 2085 κατέστησεν,
1557 2039 1621 2077 ἵνα

105 2092 150 2141 δὴ
182 2093 388 2142 αὐτόνομοι
421 2092 532 2132 ὦσιν.
565 2098 607 2132 et
632 2093 837 2133 Isocrates
873 2096 931 2146 (p.
955 2094 1006 2132 86
1031 2093 1107 2144 C):
1142 2097 1218 2132 τῶν
1250 2094 1407 2132 πόλεων
1436 2096 1512 2132 τῶν
1533 2095 1621 2144 περὶ

105 2148 173 2187 τὸν
194 2149 315 2187 τόπον
338 2149 487 2188 ἐκεῖνον
509 2150 577 2190 τὰς
595 2153 669 2198 μὲν
689 2154 772 2190 ταῖς
795 2149 1034 2199 εὐεργεσίαις
1054 2148 1148 2199 πρὸς
1171 2148 1240 2197 τὴν
1257 2150 1373 2187 αὑτοῦ
1395 2151 1621 2201 συμμαχίαν

105 2206 332 2254 προσῆκται,
354 2206 422 2245 τὰς
443 2206 484 2243 δὲ
502 2206 657 2255 σφόδρα
674 2206 874 2246 λυπούσας
897 2204 1138 2245 ἀναστάτους
1158 2206 1368 2253 πεποίηκες
1404 2203 1621 2255 Μάγνητας

103 2261 143 2298 δὲ
167 2259 476 2310 κατέστραπται,
514 2259 706 2300 WOLF.

164 2316 311 2361 20,18.
342 2316 403 2355 καὶ
422 2333 499 2366 μην
521 2318 556 2355 εἴ
572 2333 628 2357 τις
649 2316 772 2368 ὑμῶν]
797 2316 1028 2370 Postquam
1050 2316 1234 2356 ostendit
1257 2316 1391 2356 socios
1413 2321 1619 2357 caeteros-

103 2384 183 2424 que
205 2371 387 2411 Graecos
418 2371 525 2411 male
546 2371 647 2411 velle
670 2371 877 2426 Philippo,
900 2372 1058 2412 refutat
1081 2372 1314 2435 opinionem
1347 2373 1398 2412 de
1419 2372 1456 2411 vi
1484 2377 1526 2413 et
1547 2388 1620 2426 po-

103 2426 249 2473 tentia,
272 2431 410 2467 sumto
431 2432 679 2481 argumento
699 2442 725 2468 a
746 2433 899 2468 natura
920 2432 963 2468 et
988 2428 1164 2481 ingeniis
1191 2427 1416 2475 hominum,
1439 2429 1618 2469 maxime

105 2482 372 2522 Graecorum.
434 2483 591 2523 Locum
615 2483 725 2524 hunc
748 2483 892 2523 Cicero
914 2484 965 2523 de
996 2484 1139 2524 officiis
1163 2496 1199 2531 2,
1223 2486 1261 2523 6
1283 2483 1488 2536 copiosius
1509 2490 1617 2524 trae—

104 2538 223 2583 tavit,
257 2552 378 2592 quem
406 2538 469 2578 his
491 2539 627 2579 verbis
654 2539 887 2579 concludit:
920 2539 1145 2593 pessimum
1167 2538 1457 2579 diuturnitatis
1480 2544 1617 2579 custo-

104 2592 198 2632 dem
232 2607 320 2633 esse
353 2599 523 2641 metum,
546 2595 876 2635 benevolentiam
897 2609 993 2634 xero
1014 2595 1178 2634 fidelem
1200 2594 1262 2633 vel
1282 2595 1336 2634 ad
1360 2595 1617 2647 perpetuita-

104 2654 202 2688 tem.
236 2649 295 2686 W
300 2649 428 2688 OLF.
490 2650 815 2690 Demosthenem
836 2650 990 2690 imitati
1008 2655 1105 2690 sunt
1125 2649 1205 2697 alii,
1224 2650 1400 2689 docente
1417 2649 1475 2686 W
1477 2655 1615 2702 111011-

103 2704 251 2744 bachio
287 2705 356 2755 (ad
378 2704 534 2744 Julian.
568 2720 607 2758 p.
633 2718 701 2756 47.
725 2705 769 2746 C.
801 2721 840 2759 p.
864 2708 949 2757 74).
983 2719 1004 2744 e
1039 2705 1189 2759 quibus
1221 2719 1349 2743 unum
1379 2704 1614 2745 Choricium

105 2759 364 2799 nominamus
381 2775 388 2798 z
421 2763 536 2810 μικρὰ
557 2762 755 2811 πρόφασις
773 2762 834 2800 καὶ
854 2760 898 2799 τὸ
915 2761 1034 2812 τυχὸν
1052 2762 1269 2809 ἐναντίωμα
1283 2760 1405 2799 πάλιν
1426 2761 1615 2810 ἀνέτρεπε

105 2817 172 2856 τὰς
194 2815 378 2857 σπονδάς.
411 2818 458 2855 τὰ
478 2818 552 2866 γὰρ
575 2817 726 2857 εὐνοίας
747 2817 864 2868 χωρὶς
895 2817 956 2855 καὶ
977 2817 1098 2855 πόθου
1127 2815 1394 2865 συνιστάμενα
1416 2816 1543 2866 σαθρά
1572 2833 1613 2856 τε

106 2872 166 2909 καὶ
188 2873 371 2921 σφαλερὰ
395 2872 456 2910 καὶ
474 2872 628 2923 βραχὺν
649 2872 875 2920 ἀνθήσαντα
895 2873 1040 2923 χρόνον
1063 2872 1380 2921 ἀπομαραίνεται.
1424 2870 1611 2911 VOEM.

164 2937 227 2973 20,
255 2939 318 2966 20.
343 2929 388 2966 τὰ
411 2928 532 2978 χωρία
566 2928 625 2966 καὶ
656 2927 816 2976 λιμένας
850 2929 978 2966 καὶτὰ
1012 2927 1187 2978 τοιαῦτα]
1219 2925 1397 2966 Frustra
1419 2925 1610 2967 Reiskius
