1934 3179
288 128 370 166 444
842 123 956 164 PRO
989 121 1240 164 CORONA.

343 240 439 284 307,
483 239 547 282 27.
599 230 731 279 ὥσπερ
772 229 948 268 διν-νῦν
998 227 1131 278 λέγεις
1148 228 1180 279 3]
1236 225 1353 266 Citat
1403 225 1594 265 Tiberius
1642 240 1682 278 p.
1726 226 1793 264 62.

290 285 539 326 SOHAEF.

343 353 440 394 307,
466 341 530 379 28.
554 339 605 393 εἴ]
631 338 802 379 Omittit
824 337 1026 377 Tiberius.
1090 336 1339 377 SOHAEF.

345 398 559 436 ἀσθενοῦσι
578 397 651 444 μὲν
681 399 762 435 τοῖς
784 391 1018 446 κάμνουσιν]
1056 392 1175 432 Inter
1207 406 1249 431 se
1283 395 1551 445 opponuntur
1584 391 1796 430 ἀσθενοῦσι

287 453 369 502 μὲν
390 456 469 492 τοῖς
490 450 703 499 κάμνουσιν
723 453 766 488 et
789 448 919 497 ἐπειδὴ
940 449 986 487 δὲ
1007 447 1255 496 τελευτήσειέ
1284 463 1340 488 τις
1371 447 1507 486 αὐτῶν.
1541 444 1796 485 decumbenti-

289 507 356 546 bus
376 506 558 559 quidem
578 503 879 557 demotis—sed
897 509 1045 542 mortuo
1074 516 1204 542 eorum
1224 502 1372 555 aliquo.
1407 501 1656 542 SCHAEF.
1717 500 1797 539 Re-

289 562 411 615 spicit
442 565 579 601 totum
610 560 744 599 locum
774 558 1006 598 Aeschines
1039 572 1072 597 c.
1101 557 1287 611 Ctesiph.
1321 573 1360 611 p.
1386 558 1451 597 86.
1491 558 1624 597 ἔπειτα
1656 558 1797 607 ἐπερω-

288 621 360 657 τᾶν
385 634 445 666 με,
469 617 519 657 ὡς
540 617 615 667 ἐγὼ
648 614 904 663 πυνθάνομαι,
926 613 1066 664 μέλλει
1092 614 1149 655 τίς
1171 614 1219 653 ἂν
1252 615 1308 663 εἴη
1333 615 1504 653 τοιοῦτος
1527 612 1666 662 ἰατρὸς,
1690 612 1798 653 ὅστις

288 676 338 726 τῷ
362 675 542 711 νοσοῦντι
562 671 705 720 μεταξὺ
724 671 796 719 μὲν
814 671 1044 709 ἀσθενοῦντι
1059 670 1179 718 μηδὲν
1196 669 1470 718 συμβουλεύοι,
1493 667 1798 716 τελευτήσαντος

289 730 330 767 δὲ
353 728 480 774 αὐτοῦ,
504 728 631 765 ἐλθὼν
653 728 705 767 εἰς
725 728 772 764 τὰ
795 725 912 764 ἔνατα
939 726 1071 773 διεξίοι
1098 725 1191 774 πρὸς
1218 724 1304 765 τοὺς
1321 725 1482 764 οἰκείους
1503 723 1526 762 ἃ
1548 724 1798 771 ἐπιτηδεύσας

287 783 396 834 ὑγιὴς
417 782 465 821 ἂν
488 781 657 832 ἐγένετο.
721 781 837 831 Quae
868 780 947 819 iste
978 794 1029 819 ex
1060 779 1149 832 ipsa
1178 779 1323 819 audita
1355 778 1397 817 in
1424 778 1582 831 judicio
1609 777 1798 817 oratione

290 836 586 878 Demosthenis
618 836 811 889 suscepit,
841 840 889 875 ut
919 836 1193 875 observarunt
1220 839 1319 874 ante
1350 848 1424 873 nos
1450 833 1798 873 VVestermannus

289 899 333 934 et
355 892 745 938 Rauchensteiliius,
769 895 811 931 et
832 905 925 930 011111
955 891 1099 930 ederet
1126 905 1256 937 suam,
1279 889 1453 929 inseruit
1473 894 1521 929 ut
1546 888 1798 942 respondere

289 954 442 1003 posset.
504 947 838 1000 Comparationis
860 961 956 986 vero
977 946 1104 1000 ipsius
1125 946 1329 986 rationem
1352 945 1462 998 quod
1483 944 1651 992 attinet,
1675 957 1799 996 quae-

289 1019 359 1045 ras
392 1018 466 1043 cur
504 1004 708 1043 medicum
746 1003 1053 1042 Demosthenes
1088 1002 1143 1041 ad
1181 1001 1443 1054 sepulchrum
1477 1001 1554 1039 hoc
1591 1000 1798 1039 dicentem

289 1060 425 1107 faciat,
440 1074 531 1099 011111
554 1059 726 1098 inferiae
742 1059 934 1098 feruntur
955 1063 1122 1097 mortuo
1144 1071 1252 1096 nono
1270 1060 1557 1110 postmortem
1579 1055 1644 1095 die
1662 1072 1672 1101 3
1702 1069 1798 1094 nam

289 1119 337 1156 τὰ
373 1116 492 1155 ἔνατα
527 1130 633 1168 quae
668 1114 897 1153 Aeschines
931 1113 1044 1159 dicit,
1067 1113 1232 1152 videtur
1266 1112 1395 1152 etiam
1423 1111 1725 1151 Demosthenes
1756 1110 1798 1149 in

288 1171 428 1212 animo
449 1171 616 1211 habere.
679 1170 837 1223 Nempe
868 1169 1051 1209 medicus
1082 1168 1336 1222 aliquamdiu
1357 1172 1454 1221 post
1474 1171 1651 1207 mortem
1682 1166 1796 1214 dicit,

288 1233 332 1268 et
354 1227 456 1266 dicit
486 1226 648 1280 publice
670 1226 866 1265 simulans
898 1226 1055 1265 luctum
1088 1224 1379 1277 praesentibus
1410 1223 1600 1262 omnibus
1631 1221 1797 1275 propin-

290 1283 407 1336 quis:
447 1282 505 1321 sic
540 1281 768 1321 Aeschines
802 1282 871 1320 diu
906 1286 1002 1334 post
1037 1280 1195 1320 cladem
1231 1280 1286 1320 ad
1323 1279 1607 1319 Chaeroneam
1637 1277 1799 1330 publice

290 1338 442 1392 prodit,
466 1343 508 1378 et
529 1352 668 1377 coram
691 1337 848 1376 civibus
879 1337 930 1376 de
960 1336 1052 1376 istis
1083 1336 1206 1375 rebus
1234 1335 1433 1389 queritur.
1495 1334 1716 1374 Caeterum
1747 1333 1798 1372 de

290 1393 418 1434 saeris
439 1398 700 1433 mortuorum
720 1392 900 1433 Ἐνάτοις
921 1407 952 1432 s.
975 1391 1301 1431 novemdialibus
1323 1390 1414 1430 vide
1445 1404 1520 1428 nos
1549 1390 1603 1429 ad
1626 1388 1796 1428 Pindar.

291 1449 368 1488 vol.
394 1462 429 1496 2,
452 1464 491 1501 p.
515 1450 625 1499 648„
649 1448 924 1487 Schoemann.
946 1448 1000 1487 ad
1025 1448 1186 1486 Isaeum
1214 1462 1253 1499 p.
1279 1459 1371 1498 219.
1399 1449 1443 1485 et
1467 1445 1714 1484 Muellerum
1744 1444 1798 1484 ad

291 1505 488 1557 Aeschyl.
514 1504 732 1543 Eumenid.
754 1519 793 1556 p.
822 1516 911 1555 ¹43·
971 1502 1198 1542 DISSEN.

347 1561 444 1613 308,
465 1572 500 1599 2.
524 1559 644 1612 αὐτῷ]
670 1557 726 1598 ἐπ’
750 1560 849 1612 αὐτῷ
873 1558 1075 1597 Τ11)01·1118.
1137 1556 1386 1597 SCHAEF.

348 1618 443 1668 308,
468 1628 504 1667 3.
539 1617 572 1654 εἰ
597 1615 641 1654 τὸ
664 1615 724 1653 καὶ
750 1615 794 1653 τὸ
817 1631 850 1653 κ.
872 1631 905 1652 τ.
927 1614 983 1666 λ]
1019 1613 1260 1653 Alexander
1281 1613 1332 1651 de
1356 1611 1523 1665 Figuris
1544 1625 1584 1664 p.
1608 1620 1675 1662 72.
1706 1625 1796 1664 cap.

289 1672 376 1722 περὶ
398 1672 618 1721 ἐλλείψεως
639 1670 747 1708 hunc
768 1670 903 1708 locum
924 1669 1039 1708 citat.
1102 1668 1294 1707 REISK.

346 1726 441 1779 308,
463 1737 502 1778 5.
525 1724 678 1777 οὑτοσὶ]
704 1724 797 1763 Νο11
819 1725 947 1764 habet
970 1723 1173 1763 Tiberius.

347 1782 442 1834 308,
462 1783 498 1820 6.
515 1780 690 1832 γαυριᾷς]
715 1780 857 1819 Citant
876 1780 914 1818 h.
934 1779 959 1818 l.
979 1779 1138 1818 Anecd.
1154 1778 1289 1818 Bekk.
1311 1793 1351 1831 p.
1372 1778 1436 1829 87,
1457 1789 1520 1828 29.
1548 1775 1798 1816 SCHAEF.

350 1837 445 1889 308,
471 1848 506 1887 7.
530 1835 641 1888 ἐμοῦ]
667 1836 867 1874 Praestat
889 1836 986 1884 ἐμοὶ,
1002 1835 1112 1887 quod
1134 1834 1304 1873 habent.
1325 1835 1365 1873 S.
1388 1833 1551 1885 aliique.
1602 1832 1733 1871 Nulla
1755 1832 1799 1871 in

291 1907 332 1932 ra
352 1906 451 1944 quae
472 1893 515 1931 in
528 1897 716 1944 potestate
736 1905 819 1929 mea
839 1891 1030 1942 sita-fait.

351 1948 444 2000 308,
470 1948 505 1984 8.
528 1946 978 1999 οὐδαμοῦ-πρέσβεων]
1002 1946 1146 1986 Citant
1168 1944 1327 1983 Anecd.
1352 1943 1483 1983 Bekk.
1505 1958 1544 1995 p.
1565 1953 1654 1994 147,
1676 1955 1715 1992 4.
1738 1942 1800 1981 οὐ-

293 2006 413 2052 δαμοῦ
435 2002 695 2041 referendum
716 2002 770 2040 ad
789 2002 975 2050 ἡττηθείς.
1038 1999 1286 2040 SOHAEF.

349 2059 455 2110 ὅποι]
483 2059 579 2096 ὅπου
602 2057 760 2096 Α1100(1.
784 2057 916 2095 Bekk.

349 2114 445 2165 308,
470 2127 508 2165 9.
530 2112 772 2163 πρεσβευτὴς
796 2111 1020 2165 ἐπέμφθην]
1045 2112 1109 2150 De
1130 2109 1396 2164 legationum,
1413 2123 1515 2162 quas
1536 2108 1603 2148 hic
1625 2122 1799 2147 comme-

293 2173 442 2214 morat,
466 2167 723 2220 temporibus
755 2182 860 2221 quae
882 2166 963 2206 diei
995 2171 1171 2219 possunt
1197 2180 1343 2219 pauca,
1367 2165 1468 2204 haec
1500 2168 1610 2203 sunt.
1673 2165 1798 2202 Anno

295 2223 358 2262 Ol.
388 2224 461 2261 108
487 2237 523 2272 4.
546 2227 692 2262 contra
715 2222 876 2274 Illyrios
897 2222 1064 2261 bellavit
1088 2221 1317 2273 Philippus.
1342 2220 1405 2259 Ol.
1436 2233 1523 2271 109,
1552 2232 1585 2258 1.
1607 2219 1649 2257 in
1672 2219 1799 2257 Thes-

294 2277 437 2317 saliam
458 2277 582 2323 venit,
606 2277 654 2316 cf.
680 2277 938 2316 Winiewski.
972 2292 1010 2329 p.
1039 2279 1129 2323 146.
1160 2286 1265 2328 155..
1287 2275 1396 2314 unde
1416 2275 1478 2314 vir
1508 2274 1655 2313 doctus
1676 2277 1800 2326 putat

293 2348 331 2386 p.
354 2346 443 2384 159.
472 2333 552 2371 huc
583 2332 822 2371 referendas
853 2346 942 2371 esse
972 2332 1048 2371 has
1074 2331 1316 2384 legationes,
1381 2330 1486 2368 Mihi
1519 2334 1659 2369 tamen
1689 2328 1798 2367 ordi-

293 2402 388 2427 nem
409 2392 643 2440 temporum
665 2387 779 2440 sequi
802 2387 965 2426 videtur
990 2392 1134 2426 orator
1163 2385 1202 2424 in
1224 2386 1302 2425 hac
1324 2385 1646 2430 enumeratione,
1670 2398 1798 2436 quare

292 2443 373 2483 alio
393 2458 502 2482 anno
524 2442 563 2481 in
588 2442 729 2495 Illyria
750 2442 840 2489 fuit,
865 2444 1040 2481 fortasse
1063 2441 1289 2480 Ambracia
1312 2441 1404 2478 illuc
1426 2441 1647 2492 profectus.
1696 2441 1798 2477 Am-

294 2498 478 2538 braciam
513 2502 654 2537 autem
694 2497 842 2536 missus
877 2497 1041 2536 videtur
1074 2496 1377 2535 Demosthenes
1411 2495 1473 2534 Ol.
1504 2508 1591 2544 109,
1629 2506 1677 2541 2.,
1717 2508 1797 2547 (1110

293 2558 481 2606 tempore
497 2552 713 2605 Philippus
727 2553 832 2592 hanc
850 2553 992 2591 urbem
1011 2553 1050 2591 in
1068 2556 1321 2605 potestatem
1339 2565 1454 2589 suam
1470 2549 1659 2603 redigere
1676 2563 1798 2588 cona-

294 2609 432 2654 batur,
466 2610 516 2647 cf.
555 2607 810 2647 NViniewski.
848 2623 887 2661 p.
930 2609 1017 2658 158.
1080 2607 1281 2646 Thraciae
1317 2619 1423 2659 reyes
1459 2609 1556 2644 sunt
1592 2605 1720 2643 Teres
1755 2608 1798 2643 et

295 2663 595 2715 Cersobleptes,
620 2663 683 2702 Ol.
707 2677 795 2713 109,
822 2675 857 2701 2.
882 2663 987 2702 bello
1009 2662 1143 2715 petiti.
1205 2663 1271 2700 Ac
1294 2667 1383 2701 tum
1404 2660 1531 2700 etiam
1549 2658 1797 2713 Byzantium

294 2718 452 2757 venisse
474 2718 776 2757 Demosthenes
798 2717 974 2765 videtur.
997 2718 1045 2756 cf.
1071 2717 1331 2756 &Viniewskh
1355 2731 1394 2768 p.
1424 2716 1514 2766 185.
1539 2729 1662 2767 quam
1688 2715 1796 2767 lega-

295 2774 451 2812 tionem
471 2773 598 2812 etiam
621 2773 853 2811 Aeschines
874 2778 1077 2812 memorat
1097 2787 1136 2825 p.
1159 2775 1225 2811 60.
1288 2771 1513 2810 DISSEN.

350 2829 445 2879 308,
470 2841 528 2867 11.
552 2829 673 2880 παρὰ]
703 2828 916 2867 Omittunt
938 2828 1097 2867 Anecd.
1124 2827 1253 2866 Bekk.
1318 2825 1566 2866 SGHAEF.

349 2885 443 2933 308,
473 2896 532 2932 14-
567 2884 610 2922 οὐ
631 2886 678 2922 τὰ
710 2887 912 2922 τελευταῖα
934 2882 1079 2936 πρῴην]
1114 2883 1207 2921 IVon
1239 2882 1400 2933 denique
1429 2894 1567 2932 nuper.
1590 2883 1688 2919 ante
1720 2878 1794 2917 hos
