1934 3179
283 155 367 193 552
688 155 769 195 DE
804 156 997 196 FALSA
1032 155 1388 195 LEGATIONE.

283 257 386 311 legis
408 257 655 311 quibusdam
676 259 729 299 ad
752 259 991 313 Philippum
1019 260 1183 313 legatus
1205 260 1366 307 missus,
1390 260 1462 300 sed
1486 274 1635 313 parum
1659 261 1790 301 amice

283 318 483 366 exceptus
505 315 558 354 ab
581 329 630 354 eo
652 319 743 354 erat
766 318 820 367 (v.
844 316 898 354 ad
919 331 957 368 p.
981 326 1076 367 447,
1100 318 1173 368 9.).

340 382 435 421 405,
459 383 521 423 13.
548 369 886 424 οὐδ’-ἁμαρτὼν]
920 371 975 409 V.
1004 371 1092 410 Ind.
1117 371 1298 411 Graecit.
1322 385 1354 410 s.
1372 386 1406 410 v.
1431 371 1649 422 ἁμαρτάνω.
1709 372 1790 412 Est

283 425 509 478 superlatio
530 440 617 465 rem
647 425 888 479 gravissime
920 426 1169 480 significans.
1224 428 1288 466 Ne
1308 425 1518 466 aberrante
1537 427 1694 480 quidem
1715 427 1790 467 lin-

278 495 373 533 qua.
435 481 687 521 Philocratis
718 481 896 521 foeditas
927 487 970 522 et
1000 482 1258 535 impudentia
1279 483 1383 522 adeo
1415 488 1478 523 est
1509 482 1550 521 in
1576 497 1646 522 ore
1668 483 1788 537 vulgi,

283 541 341 583 ut,
365 536 397 575 si
421 551 596 589 quaeras
618 537 708 590 quis
740 537 794 576 sit
825 537 1007 577 omnium
1038 538 1298 577 foedissimus
1325 543 1367 577 et
1394 538 1786 591 impudentissimus,

282 591 434 645 lingua,
459 592 520 631 vel
542 592 575 631 si
598 592 770 640 titubet,
792 607 940 633 nomen
963 594 1051 646 ejus
1072 594 1193 633 edere
1214 599 1400 647 cogatur.
1445 594 1691 634 SOHAEF.

337 648 457 701 ὑμῶν]
492 649 622 687 Arcte
648 648 844 688 cohaeret
874 663 967 688 011111
999 650 1136 689 ἄλλον.
1201 649 1317 688 Idem
1348 655 1411 689 est
1442 664 1490 689 ac
1521 649 1555 688 si
1587 649 1784 690 dixisset:

281 703 418 742 οὐδένα
445 704 573 743 ἄλλον
602 705 642 742 ἐκ
674 707 739 743 τοῦ
770 704 955 755 ὑμετέρου
985 705 1172 753 πλήθους.
1236 705 1368 744 Nemo
1398 705 1525 744 alium
1551 706 1788 759 quempiam

281 763 478 807 vestrum,
499 759 541 798 id
563 764 628 799 est
649 774 671 799 e
693 765 830 799 vestro
861 775 1044 808 numero,
1067 761 1248 814 appellet
1270 775 1394 813 quam
1418 761 1715 809 Philocratem,
1736 776 1788 802 ne

281 814 313 853 si
350 820 461 854 erret
497 815 674 869 quidem,
709 815 821 855 aliud
863 831 1001 869 agens7
1039 816 1151 856 aliud
1189 816 1389 870 cogita11S‚
1424 817 1566 871 lingua
1606 822 1788 857 mentem

280 875 575 923 praecurrente
606 871 713 911 hunc
745 872 938 925 appellet,
962 872 1099 912 volens
1130 872 1256 912 alium
1287 872 1508 926 appellare7
1538 873 1576 912 h.
1600 888 1634 913 e.
1666 888 1787 913 nemo

281 940 463 979 unquam
504 927 631 966 alium
671 932 838 980 praeter
879 928 1161 968 Philocratem
1200 929 1295 968 edet
1335 943 1468 981 neque
1501 928 1611 968 volet
1651 929 1784 969 edere.

281 982 474 1022 REISK.
547 983 638 1036 Ego
680 997 776 1023 vero
812 984 942 1037 jungo
984 985 1107 1026 οὐδεὶς
1146 986 1263 1033 ὑμῶν,
1305 984 1365 1024 ita
1400 985 1562 1024 volente
1600 985 1787 1038 adeoque

279 1043 476 1090 poscente
509 1039 802 1079 Demosthene.
866 1039 944 1090 Qui
974 1039 1007 1078 si
1034 1040 1242 1092 junxisset
1264 1042 1368 1090 ὑμῶν
1390 1041 1529 1086 ἄλλον,
1554 1040 1652 1093 quid
1673 1041 1787 1081 aliud

281 1108 405 1146 quam
428 1094 602 1134 dixisset
630 1095 670 1134 in
693 1109 846 1135 corona
867 1109 956 1135 esse
977 1096 1190 1145 βδελυροὺς
1212 1097 1272 1135 καὶ
1294 1097 1476 1142 ἀναιδεῖς,
1501 1111 1676 1149 quorum
1696 1101 1785 1142 βδε-

280 1151 500 1200 λυρώτατος
534 1152 594 1189 καὶ
627 1151 904 1192 ἀναιδέστατος
935 1152 990 1191 sit
1018 1151 1304 1191 Philocrates?
1366 1152 1480 1202 Quae
1517 1152 1659 1192 sutura
1694 1157 1785 1193 erat

280 1205 460 1257 permira
481 1206 668 1259 captatio
689 1221 816 1247 aurae
836 1207 1060 1260 popularis.
1104 1207 1253 1247 SCHA
1265 1207 1356 1246 EF.

338 1274 434 1313 405,
459 1275 516 1313 15.
540 1264 626 1301 τίνα
648 1264 706 1314 δὲ]
743 1262 904 1316 Repete
926 1262 1081 1313 φήσαιτ’
1101 1264 1161 1302 ἄν.
1206 1262 1454 1303 SCHAEF.

337 1328 431 1369 405.
459 1320 516 1356 16.
540 1317 607 1370 ἂν]
641 1318 781 1371 Junge
802 1333 895 1358 cum
916 1318 1118 1358 infinitivo
1142 1321 1277 1359 εἰπεῖν.
1320 1318 1569 1358 SCHAEF.

335 1375 379 1426 τῇ
402 1372 532 1426 φωνῇ]
569 1373 681 1413 Libri
703 1374 821 1414 multi
843 1377 1002 1426 λαμπρᾷ
1025 1376 1069 1428 τῇ
1091 1378 1214 1429 φωνῇ,
1238 1375 1348 1427 quod
1371 1374 1530 1415 illatum
1552 1389 1603 1414 ex
1623 1390 1662 1428 p.
1686 1389 1782 1429 403,

286 1441 346 1479 15.
371 1434 393 1449 “
411 1428 474 1466 Ex
506 1429 647 1468 inultis
677 1429 776 1468 locis
807 1430 872 1470 hic
904 1434 965 1470 est
998 1445 1116 1476 unus,
1140 1429 1178 1468 iu
1203 1431 1352 1483 quibus
1374 1431 1646 1471 Demosthenes
1671 1432 1781 1480 (licit,

280 1498 364 1522 «vove
396 1484 505 1523 (lulei
539 1491 574 1524 et
609 1485 721 1524 clara
745 1486 883 1538 sivisse
916 1486 1150 1525 Aeschinem
1164 1501 1175 1524 .·
1210 1486 1344 1525 verbis
1380 1490 1476 1526 utor
1498 1486 1707 1526 Ciceronis
1742 1488 1784 1527 in

281 1539 458 1578 Oratore
482 1540 518 1590 ξ.
538 1542 600 1580 18.
663 1541 728 1580 Sic
750 1541 790 1580 in
813 1542 1082 1594 sequentibus
1104 1556 1199 1595 pag.
1219 1543 1316 1591 408,
1338 1553 1398 1594 17.
1423 1542 1517 1591 μηδέ
1538 1560 1582 1594 γε
1607 1545 1640 1582 εἶ
1661 1543 1782 1583 καλὸν

282 1595 342 1633 καὶ
374 1595 475 1645 μέγα
508 1596 618 1637 οὗτος
650 1596 877 1647 φθέγγεται,
911 1596 994 1646 μηδ’
1020 1599 1054 1636 εἰ
1079 1601 1234 1647 φαῦλον
1263 1599 1351 1648 ἐγώ.
1409 1597 1519 1637 Vide
1551 1598 1783 1638 orationem

280 1650 385 1689 hanc
418 1655 637 1690 exeuntem
668 1667 706 1704 p.
730 1665 823 1704 449,
850 1666 913 1693 20.
942 1667 980 1704 p.
1003 1655 1098 1704 380,
1125 1666 1155 1691 1.
1186 1668 1224 1706 p.
1248 1666 1345 1705 4¹52
1372 1666 1430 1705 ¹5·
1495 1653 1566 1701 Iis,
1596 1669 1700 1707 quae
1731 1669 1781 1694 ex

281 1705 477 1745 Cicerone
508 1707 736 1754 attulimus
759 1708 866 1747 adde
889 1707 1118 1760 Ulpianum
1144 1708 1185 1746 in
1212 1709 1338 1747 schol.
1364 1709 1417 1748 ad
1440 1724 1477 1761 p.
1495 1723 1591 1761 449.
1612 1716 1676 1750 26.
1700 1711 1782 1749 ἔστι

279 1764 353 1810 γὰρ
380 1761 646 1811 εὐφωνότατος
669 1765 870 1814 Αἰσχίνης,
895 1764 943 1804 ὡς
974 1764 1086 1804 αὐτὸς
1109 1769 1294 1814 μαρτυρεῖ
1322 1765 1511 1805 πολλάκις
1532 1767 1551 1803 ὁ
1576 1766 1779 1815 Δημοσθέ-

279 1833 358 1865 νης.
421 1816 579 1857 Similia
601 1832 704 1870 pene
725 1818 854 1858 habet
878 1818 1035 1857 Plinius
1058 1819 1192 1871 Epist.
1219 1831 1255 1866 2,
1277 1821 1340 1871 3.”
1372 1819 1628 1859 TAYLOR.

335 1885 431 1923 405,
464 1873 521 1911 18.
556 1875 702 1925 ὄχλους
737 1873 975 1913 invidiosius
1009 1874 1178 1914 dictum.
1242 1875 1327 1914 Nec
1363 1875 1670 1915 Demosthenes
1704 1876 1781 1916 11οο

280 1927 477 1966 vocabulo
498 1942 646 1968 usurus
667 1934 774 1976 erat,
797 1929 829 1968 si
857 1943 879 1968 e
907 1944 982 1969 sua
1012 1930 1140 1982 ipsius
1171 1944 1347 1983 persona
1379 1945 1485 1969 nunc
1516 1931 1778 1984 loqueretur:

277 1983 348 2021 sed
369 1983 496 2022 refert
518 1998 657 2023 vocem
679 1985 1024 2024 adversariorum.
1068 1985 1317 2025 SOHAEF.

333 2050 429 2089 405,
456 2050 519 2078 20.
541 2040 1054 2093 virossxſtryoa-——ssesslaffuad
1090 2041 1155 2080 Sio
1177 2056 1216 2093 p.
1237 2054 1333 2094 575,
1360 2055 1425 2090 24.
1455 2043 1545 2093 ἄχρι
1570 2046 1635 2081 τοῦ
1663 2044 1781 2092 μηδὲν

278 2095 365 2142 ὑμῖν
388 2096 571 2145 ἐνοχλεῖν
590 2097 683 2145 μηδὲ
705 2095 924 2145 βιάζεσθαι.
967 2096 1137 2135 DOBR.

333 2161 429 2201 405,
456 2162 521 2189 21.
551 2152 638 2200 περὶ
660 2150 824 2203 τούτων]
860 2151 952 2190 Sive
973 2151 1032 2191 liis
1058 2152 1104 2191 (Ze
1131 2151 1251 2199 robus,
1276 2152 1359 2191 sive
1390 2153 1531 2205 potius
1558 2152 1618 2192 lois
1645 2153 1692 2192 de
1717 2153 1780 2193 Ῐιο-

277 2218 313 2242 m
322 2204 450 2242 [nibus
507 2206 582 2244 RE
590 2206 604 2243 l
613 2206 640 2244 S
648 2206 698 2245 K.

333 2262 429 2308 406,
444 2273 485 2311 5.
504 2261 794 2313 τοῦτο-ποιεῖ]
823 2261 1074 2301 Plutarchus
1095 2263 1203 2301 h'IOI‘.
1218 2278 1257 2315 p.
1273 2263 1324 2301 88
1341 2263 1384 2303 C.
1404 2266 1523 2303 ταῦτα
1539 2264 1780 2315 ἀποστρέφει

277 2314 345 2362 τὴν
374 2319 563 2364 γλῶτταν,
587 2317 635 2356 ὡς
662 2318 681 2354 ὁ
716 2317 970 2365 Δημοσθένης
1001 2319 1135 2367 φησὶν,
1170 2318 1379 2369 ἐμφράττει
1406 2319 1449 2357 τὸ
1479 2320 1616 2368 στόμα,
1650 2321 1777 2372 ἄγχει,

278 2373 429 2408 σιωπᾶν
443 2375 556 2409 ποιεῖ.
599 2370 789 2410 Eundem
805 2372 913 2410 1111110
930 2372 1074 2417 10011111,
1091 2378 1138 2411 ut
1152 2373 1327 2419 videtur,
1342 2374 1565 2426 respiciens
1581 2389 1620 2426 p.
1637 2377 1713 2424 164
1729 2375 1776 2414 F.

277 2428 387 2462 τοῦτο
409 2425 452 2463 τὸ
474 2427 816 2477 ψεῦδος-ἄγχει,
840 2428 908 2475 τὴν
929 2428 1147 2476 παρρησίαν
1168 2429 1401 2478 ἀφαιρεῖται.
1443 2429 1692 2469 SCHAEF.

332 2482 429 2527 406,
454 2482 491 2518 6.
515 2481 1050 2535 τό--τελευταῖον-πρώην]
1082 2484 1128 2521 τὰ
1159 2487 1363 2522 τελευταῖα
1394 2485 1524 2534 πρώην
1545 2499 1584 2537 p.
1602 2486 1696 2537 308,
1716 2499 1773 2538 [3.

276 2536 322 2572 τὰ
343 2536 775 2587 τελευταῖα-ἔναγχος
796 2551 836 2589 p.
859 2550 954 2589 403,
981 2549 1044 2576 22.
1088 2537 1336 2577 SOHAEF.

332 2592 426 2638 406,
452 2601 488 2641 7.
514 2591 732 2644 zare—[ff]
768 2592 820 2631 V.
844 2597 929 2631 not.
951 2593 1004 2631 ad
1029 2593 1202 2632 Porsoni
1226 2593 1387 2633 Hecub.
1412 2609 1449 2646 p.
1476 2608 1535 2647 13.
1557 2600 1599 2634 et
1621 2595 1712 2634 Ind.
1736 2611 1773 2648 p.

283 2658 290 2681 1
313 2658 369 2695 19.
391 2660 422 2683 s.
444 2646 506 2684 ed.
531 2651 628 2686 tert.
655 2646 765 2699 Lips.
808 2647 1057 2687 SCHAEF.

332 2701 397 2738 οὐκ
421 2702 521 2739 εἰᾶτε
543 2704 797 2754 πρεσβεύειν]
833 2703 933 2742 This
955 2704 1144 2757 embass)v
1167 2704 1200 2742 is
1225 2705 1426 2757 probably
1447 2705 1519 2744 the
1541 2720 1654 2744 same
1676 2706 1774 2745 with

275 2755 369 2793 that
401 2756 557 2807 spoken
589 2758 634 2795 of
664 2772 777 2795 inore
808 2758 905 2811 fully
933 2759 983 2797 de
1014 2773 1151 2798 coron.
1179 2774 1217 2811 p.
1243 2771 1334 2811 271.
1360 2772 1453 2811 272.
1479 2762 1515 2811 ξ.
1540 2762 1771 2811 168—171.

278 2810 509 2861 Antiphon.
534 2812 624 2850 who
645 2813 725 2851 had
759 2814 861 2852 been
884 2814 1064 2866 rejected
1093 2829 1145 2853 011
1174 2830 1198 2854 a
1227 2815 1409 2867 scrutiny
1430 2816 1534 2854 from
1556 2816 1628 2855 the
1653 2816 1771 2855 Lexi—

274 2864 412 2903 arc‘hic
435 2867 609 2918 register
629 2869 959 2917 (ἀποψηφισθεὶς)
977 2884 1057 2907 was
1079 2870 1205 2908 found
1229 2870 1392 2922 lurking
1409 2870 1449 2908 in
1472 2871 1543 2909 the
1564 2871 1768 2917 Piraeeus.

274 2919 353 2956 and
376 2934 457 2958 was
480 2922 659 2973 charged
683 2923 781 2962 with
803 2924 873 2962 tho
896 2924 1039 2973 ‹lvsign
1062 2926 1107 2962 of
1133 2925 1290 2974 sming-
1320 2926 1391 2964 five
1422 2931 1464 2964 to
1490 2926 1560 2964 tho
1592 2926 1767 2965 arsenal.
