1914 3184
227 129 340 170 lxviii
847 128 1111 169 REISKII

918 302 949 342 ξ.
984 310 1000 333 2
1009 309 1042 344 5.

765 374 820 406 De
839 371 982 406 Larieis
1001 370 1199 405 rhetoricis

280 449 362 484 Hoc
384 448 429 483 de
450 446 554 482 fonte
575 446 957 481 Demostheniearum
980 456 1044 480 seu
1067 443 1381 479 emendationum
1406 455 1472 478 seu
1493 442 1730 490 explanatio-

225 525 317 547 num
347 511 448 558 quod
479 510 615 549 dicam,
641 509 764 544 habeo
795 521 942 556 parum.
1002 507 1155 543 Praeter
1176 507 1521 554 Harpocrationem
1542 505 1729 555 ejusmodi

224 575 368 610 Lexica
386 586 504 621 penes
527 585 586 607 me
608 572 712 607 nulla
733 580 832 607 sunt.
890 572 1036 620 Dignus
1057 570 1211 618 quidem
1241 582 1342 605 nova
1369 569 1536 605 editione
1558 576 1615 604 est
1636 568 1731 603 Har-

225 637 408 685 pocratio,
430 636 635 682 recepique
665 648 687 670 a
716 648 776 670 me
807 635 996 671 edendum
1028 635 1067 670 in
1097 634 1160 670 illo
1189 640 1484 682 programmate,
1507 645 1582 679 quo
1608 643 1733 678 nuper

226 701 272 736 de
300 713 387 736 meo
417 707 557 735 conatu
584 698 886 734 Demosthenem
918 706 1167 745 caeterosque
1198 698 1369 732 rhetoras
1397 696 1566 732 Graecos
1596 694 1732 731 edendi

227 764 511 813 significabam3
544 762 644 809 quod
674 775 916 811 programma
945 774 1022 797 non
1052 761 1166 797 modo
1189 759 1318 796 Belius
1338 760 1385 796 V.
1407 760 1449 794 C.
1470 758 1577 794 Actis
1598 757 1732 793 Erudi-

226 835 349 863 torum
372 825 633 873 Lipsiensibus
663 825 811 860 curavit
837 825 961 864 inseri,
983 824 1048 860 sed
1069 825 1183 859 etiam
1207 823 1404 858 Harlesius
1426 822 1471 857 V.
1490 823 1534 858 C.
1557 820 1732 857 Orationi

227 888 502 926 Demosthenis
521 902 589 937 pro
607 890 758 924 Corona
778 902 800 924 a
819 901 858 924 se
880 889 1004 924 editae
1027 887 1199 937 subjecit.
1240 888 1312 923 Sed
1334 888 1381 922 ab
1402 888 1474 922 hoe
1496 885 1649 933 quidem
1672 897 1732 920 me

228 953 386 990 deduxit
411 952 568 988 consilio
599 953 805 987 auctoritas
828 950 1043 987 Ruhnkenii
1064 952 1111 986 V.
1130 955 1169 988 C.
1192 950 1438 987 ostendentis,
1462 948 1731 996 Harpocratio-

227 1018 284 1053 nis
315 1017 589 1064 exemplarium
622 1015 658 1050 in
691 1016 859 1051 tabernis
893 1014 1053 1050 librariis
1089 1022 1235 1050 tautam
1269 1026 1466 1061 superesse
1499 1012 1660 1060 copiam,
1691 1020 1733 1047 ut

228 1093 328 1115 nova
348 1083 428 1128 ejus
449 1079 615 1115 editione
636 1079 744 1114 facile
765 1086 950 1114 careatur.
995 1078 1113 1126 Cujus
1133 1078 1171 1113 in
1193 1077 1420 1112 auctoritate
1442 1089 1485 1112 eo
1507 1088 1590 1111 sum
1610 1076 1732 1111 liben-

228 1144 314 1185 tius,
338 1143 439 1189 quod
469 1156 489 1177 a
513 1143 740 1178 tractatione
771 1142 1120 1190 grammaticorum,
1148 1153 1221 1187 quo
1251 1140 1289 1175 in
1320 1152 1480 1175 numero
1511 1139 1733 1186 cumprimis

229 1214 317 1242 sunt
346 1206 614 1254 lexicographi,
636 1205 785 1240 animus
815 1205 907 1239 mihi
937 1216 1133 1251 nunquam
1164 1216 1240 1239 non
1271 1203 1422 1251 refugit.
1481 1203 1549 1238 Est
1579 1201 1734 1250 quidem

229 1282 348 1317 penes
377 1282 439 1305 me
465 1269 589 1304 Photii
618 1281 770 1316 quoque
793 1268 959 1303 Lexicon
990 1268 1235 1304 rhetoricum.
1293 1267 1369 1302 Sed
1402 1267 1448 1302 ab
1478 1267 1550 1302 hoc
1581 1279 1734 1314 quoque

231 1333 379 1369 edendo
400 1333 597 1379 complura
617 1345 677 1367 nie
699 1333 936 1372 absterrent;
966 1332 1004 1367 in
1027 1332 1083 1367 his
1103 1332 1166 1367 vel
1185 1331 1348 1366 maxime
1369 1330 1603 1366 incredibilis
1627 1342 1736 1365 men-

230 1397 363 1432 darum
393 1408 586 1436 numerUS‚
608 1396 746 1443 quibus
776 1396 939 1431 obsitum
962 1403 1018 1431 est
1040 1396 1265 1443 exemplum,
1288 1394 1389 1430 unde
1420 1394 1649 1440 exscriptum
1678 1400 1736 1428 est

231 1471 372 1495 meum.
430 1460 534 1502 Quas
564 1459 721 1494 mendas
750 1467 787 1494 et
813 1471 973 1494 numero
994 1467 1031 1494 et
1051 1459 1233 1494 foeditate
1261 1466 1338 1493 tam
1367 1458 1584 1498 abnormes,
1606 1464 1647 1492 ut
1674 1468 1735 1492 res

232 1523 346 1558 fidem
367 1530 533 1570 superet,
552 1523 605 1558 sic
626 1523 662 1557 in
684 1522 809 1557 medio
830 1522 919 1570 poni
942 1523 1039 1558 haud
1061 1522 1212 1557 videtur
1231 1536 1251 1557 e
1271 1534 1310 1557 re
1330 1520 1527 1556 literarum
1547 1532 1641 1560 esse,
1663 1519 1736 1554 nisi

67 1602 216 1625 Lxxxru
230 1586 260 1621 si
282 1586 365 1633 quis
385 1586 476 1621 velit
498 1586 695 1621 materiam
718 1585 819 1627 dare,
842 1586 879 1620 in
903 1598 977 1632 qua
997 1585 1192 1634 ingenium
1215 1585 1303 1620 felix
1326 1593 1362 1620 et
1387 1595 1526 1619 navum
1549 1583 1732 1624 elaboret,

229 1657 295 1685 aut
315 1649 360 1684 de
383 1662 457 1696 qua
475 1649 712 1697 grammatici
734 1649 994 1684 contendant:
1028 1649 1154 1684 eluere
1176 1657 1302 1684 autem
1324 1647 1408 1683 illas
1430 1647 1588 1683 mendas
1609 1659 1734 1693 neque

228 1713 373 1762 ingenii
394 1725 519 1759 neque
540 1713 608 1747 otii
629 1712 704 1747 mei
727 1720 794 1748 est.
833 1712 921 1747 Alia
941 1720 1038 1754 sunt,
1060 1725 1157 1760 quae
1179 1720 1216 1748 et
1235 1712 1365 1747 malim
1387 1724 1511 1759 agere,
1530 1718 1567 1746 et
1587 1710 1734 1746 felicius

227 1784 380 1812 acturus
407 1776 548 1811 videor.
605 1777 703 1811 Tum
736 1776 837 1811 haud
866 1776 957 1817 scio,
979 1788 1054 1823 quo
1084 1788 1144 1811 me
1177 1777 1223 1811 sit
1256 1775 1384 1810 animo
1411 1775 1557 1809 laturus
1587 1774 1651 1809 ille
1678 1773 1736 1808 vir

228 1839 536 1880 humanissimus,
559 1840 621 1886 qui
643 1839 791 1886 copiam
822 1839 877 1874 sui
900 1839 1023 1874 Photii
1053 1839 1146 1873 mihi
1169 1838 1271 1880 feeit,
1294 1839 1323 1873 si
1344 1838 1426 1885 ipso
1447 1838 1583 1878 inscio,
1604 1838 1734 1873 nescio

228 1915 275 1937 an
296 1903 416 1938 invito
438 1903 565 1945 etiam,
583 1903 750 1938 Lexicon
771 1903 843 1938 hoc
865 1902 987 1938 edam.
1019 1903 1126 1938 Adde
1145 1903 1244 1950 quod
1265 1902 1419 1937 Photius
1440 1902 1478 1936 in
1500 1900 1734 1948 exponendis

226 1966 360 2015 glossis
381 1966 615 2001 comicorum
637 1973 675 2001 et
696 1965 939 2014 tragicorum,
958 1978 1071 2012 quam
1093 1966 1300 2006 rhetorum,
1318 1966 1365 2000 sit
1382 1964 1600 2013 diligentior
1619 1971 1734 2010 atque

227 2029 427 2076 copiosior,
445 2041 568 2076 eoque
589 2029 713 2064 minus
732 2029 908 2064 instituto
930 2041 1016 2064 meo
1037 2029 1359 2064 accommodatus.
1390 2028 1518 2072 Quare
1538 2027 1736 2074 provincia

228 2092 322 2127 haec
344 2104 430 2127 cum
452 2093 579 2127 multis
600 2093 681 2127 aliis
702 2091 842 2135 futuro,
862 2092 1031 2140 quisquis
1052 2092 1261 2128 secundum
1284 2104 1343 2127 me
1363 2092 1445 2131 erit,
1464 2091 1735 2126 Demosthenis

230 2155 364 2190 editori
384 2163 577 2191 reservata
596 2163 750 2191 maneto
771 2155 921 2204 integra
938 2156 1077 2191 Lexico
1098 2156 1288 2191 rhetorico
1305 2167 1391 2190 cum
1409 2157 1565 2203 ejusque
1587 2154 1735 2190 sodales

230 2217 445 2252 instruendi
460 2224 485 2252 Γ.

74 2287 219 2309 Lxxxw
922 2274 951 2315 §.
988 2282 1045 2317 27.

736 2340 962 2374 Accessiones
974 2340 1229 2385 praefationis.

275 2406 454 2441 Facerem
476 2406 536 2441 hic
558 2406 754 2453 praefandi
774 2407 903 2445 finem,
926 2407 997 2442 nisi
1018 2407 1313 2442 intervenissent
1334 2405 1531 2445 nonnulla,
1554 2417 1651 2452 quae
1673 2417 1734 2441 me

229 2481 351 2516 paene
372 2469 559 2517 fugerant,
581 2470 627 2505 de
649 2470 785 2516 quibus
806 2477 935 2505 tamen
957 2470 1153 2504 admoneri
1173 2469 1335 2505 lectores
1362 2481 1468 2504 meos
1494 2469 1734 2517 diligentius·

231 2544 303 2579 que
325 2532 452 2567 doceri
474 2544 540 2579 par
561 2544 641 2567 esse
655 2533 797 2581 judico.
847 2532 1047 2568 Debebant
1068 2532 1219 2579 quidem
1241 2533 1370 2567 omnia
1391 2532 1466 2567 suis
1486 2532 1578 2567 locis
1600 2532 1734 2567 ordine

232 2602 406 2630 enarrata
425 2594 552 2630 fuisse.
597 2596 671 2630 Sed
691 2594 966 2642 praefationem
989 2596 1086 2630 hanc
1107 2608 1184 2630 non
1205 2603 1434 2631 maturatam
1455 2595 1634 2630 diuturna
1654 2607 1733 2630 me-

231 2658 426 2697 ditatione,
444 2670 570 2704 neque
591 2658 681 2693 satis
702 2657 885 2706 digestam
906 2670 999 2699 esse,
1022 2658 1086 2693 sed
1108 2658 1231 2693 subito
1253 2670 1300 2694 ex
1321 2658 1542 2694 adversariis
1562 2658 1732 2699 effusam,

232 2721 380 2755 tametsi
403 2733 478 2755 non
501 2721 665 2755 dicerem
688 2721 781 2767 ipse,
800 2722 899 2768 quod
921 2734 1034 2768 saepe
1055 2721 1166 2762 facio,
1183 2721 1263 2768 ipsa
1285 2729 1413 2757 tamen
1435 2722 1523 2757 satis
1543 2722 1731 2769 proderet.

273 2853 286 2870 r
307 2849 468 2888 [Sequitur
490 2852 516 2884 ξ.
538 2851 585 2879 26.
604 2861 666 2889 qua
682 2851 720 2880 de
740 2850 894 2880 indicibus
910 2851 948 2880 ab
1017 2851 1122 2889 ptione
1151 2851 1305 2888 exponit:
1335 2860 1415 2889 quae
1440 2856 1476 2879 ut
1503 2847 1628 2878 inutilia
1657 2847 1734 2877 orni·

232 2910 262 2929 se
293 2902 490 2931 conficiendis
519 2903 675 2941 totiusque
702 2903 803 2940 operis
833 2904 946 2933 descri—
1016 2903 1122 2932 simus.
1148 2902 1187 2931 G.
1205 2902 1262 2940 D.]
