1950 3210
519 144 598 182 1)κί
634 142 825 183 FALSA
866 142 1220 182 LEGATIONE.
1506 162 1514 169 ·
1543 145 1623 184 475

111 247 239 288 etiam
275 248 501 301 adjungere
535 248 668 302 ipsum
704 247 965 293 .Xes‹„·liincln,
991 247 1058 300 qui
1095 248 1313 286 confirmat
1349 248 1388 285 in
1424 247 1625 300 principio

111 317 211 343 suae
242 303 493 343 defensionis
527 319 564 357 p.
591 306 654 348 28.
682 317 745 342 20.
780 304 1009 343 surrexisse
1042 303 1202 356 jiulices
1240 303 1278 341 in
1312 302 1494 350 consilio,
1531 318 1624 342 cum

112 374 259 399 caussa
280 365 490 413 ageretur,
514 360 553 399 ni
578 360 783 407 vidissem,
806 360 1082 413 objectionem
1109 359 1176 398 isti
1200 358 1444 398 auctoritati
1463 359 1626 411 jamdu-

112 415 209 454 dum
232 430 321 454 esse
344 421 548 469 paratum.

171 471 252 509 Sed
274 486 378 524 pene
401 472 518 510 video
537 472 635 524 quid
656 471 721 510 hic
744 470 801 511 rci
823 476 987 525 agatur.
1042 471 1238 510 Dubitari
1270 470 1463 509 nimirum
1486 476 1627 524 potest

111 541 164 565 an
197 527 346 573 oratio,
371 542 492 580 quum
526 534 771 574 tractamus,
797 527 1096 567 Demswthenis
1129 528 1185 567 sit
1218 532 1552 566 consummatum
1584 532 1627 567 et

112 582 318 621 sincerum
350 598 453 636 opus
485 600 509 623 ει
541 598 665 623 manu
697 584 786 635 ejus
818 583 965 623 ultima
994 584 1239 636 pr'oiLetum.
1301 584 1360 622 Et
1388 582 1624 635 hujusmodi

111 638 196 677 fere
237 638 415 691 suspicio
448 639 523 679 fuit
559 640 670 692 apud
712 639 983 691 antiquiores.
1051 639 1225 678 l'hotius
1262 638 1301 677 in
1338 639 1364 676 l'
1354 638 1529 678 ›iblioth.
1565 638 1624 692 [p.

111 708 208 745 491,
237 708 244 732 ι
265 696 312 746 L]
382 695 571 734 Μάλιστα
593 697 611 734 ὁ
636 694 714 734 κατ’
740 696 929 746 Αἰσχίνου
951 696 1070 746 λόγος
1092 694 1292 746 παρέσχεν
1316 696 1442 733 αἰτίαν
1465 696 1507 733 ἐν
1535 696 1624 734 ὑπο-

111 749 284 800 μνήμασι
311 755 630 802 καταλελεῖφθαι,
654 750 758 790 οὔπω
781 750 851 799 τὴν
874 753 1063 802 ἐργασίαν
1085 752 1312 801 ἀπειληφὼς
1333 751 1501 789 τελείαν.
1532 751 1627 790 διότι

113 806 174 844 καὶ
197 806 221 845 ἃ
242 805 336 856 πρὸς
352 823 422 855 την
439 808 670 857 κατηγορίαν
689 807 845 855 πολλην
868 807 963 858 ἔσχε
980 807 1050 855 τὴν
1068 807 1308 857 ἀμυδρότητα
1331 807 1391 844 καὶ
1410 807 1627 856 κουφότητα

114 861 176 900 ἐπὶ
197 862 241 915 τη
263 864 425 916 τελευτη
446 866 511 900 τοῦ
533 864 655 913 λόγου
676 862 880 912 παρέθετο,
900 863 994 913 ὅπερ
1016 863 1083 901 οὐκ
1106 862 1153 901 ἂν
1175 865 1368 912 περιεῖδεν
1389 863 1408 900 ὁ
1430 861 1553 911 ῥητωρ
1573 863 1627 903 εἰς

114 903 294 965 ἐξέτασιν
317 918 601 968 ἀκριβεστέραν
623 922 698 957 τῶν
723 920 827 957 ἰδίων
848 920 980 969 λόγων
1005 918 1211 959 καταστάς.
1280 917 1315 955 F,
1321 922 1337 956 t
1361 931 1502 955 r·uisus
1526 917 1625 956 ibid.

114 972 168 1026 [p.
186 986 282 1024 491,
300 973 384 1026 40]
433 972 482 1013 O
506 990 602 1013 κατα
625 975 787 1013 Μειδίου
820 975 880 1013 καὶ
910 991 979 1013 κατ
1014 975 1203 1026 Αἰσχίνου
1230 975 1350 1024 λόγος
1377 975 1502 1012 αἰτίαν
1531 974 1626 1025 ἔσχε

111 1031 180 1067 τοῦ
200 1046 250 1078 μη
273 1046 342 1078 την
358 1030 476 1078 αὐτὴν
494 1032 589 1069 κατὰ
605 1030 731 1069 πάντα
748 1030 888 1080 ἀρετην
912 1033 960 1084 τῷ
980 1036 1101 1079 Δημο
1097 1033 1191 1069 τθει
1185 1030 1259 1083 ικῷ
1282 1030 1627 1068 συνδιασώσασθαι

112 1101 336 1136 χαρακτηρι.
370 1086 429 1124 καὶ
451 1102 524 1136 γαρ
548 1087 589 1124 ἐν
610 1089 691 1126 τοῖς
712 1086 799 1125 δυσι
820 1087 967 1127 τούτοις
987 1088 1121 1137 λόγοις
1143 1087 1183 1124 ἐκ
1206 1085 1492 1134 διαλειμμάτωι
1513 1089 1628 1124 τινῶν

113 1144 195 1181 ταῖς
216 1141 348 1183 αὐταῖς
370 1143 536 1183 ἐννοίαις
559 1141 789 1191 ἐπιβάλλων
812 1144 1054 1191 ἁμιλλᾶσθαι
1081 1145 1187 1180 δοκεῖ
1205 1141 1298 1191 πρὸς
1321 1142 1470 1186 ἑαυτὸν,
1495 1142 1627 1191 ὥσπερ

114 1197 366 1245 ἀσκούμειος,
397 1196 486 1236 ἀλλ’
519 1198 586 1236 οὐκ
621 1215 668 1236 επ
711 1198 841 1239 αὐτοις
874 1199 1153 1248 ἀγωνιζομειος
1187 1201 1266 1238 τοῖς
1296 1197 1434 1247 ἔργοις.
1470 1197 1527 1236 διὸ
1565 1198 1631 1236 καί

113 1268 214 1293 τινες
240 1253 395 1303 ἔφησαν
424 1253 605 1303 ἑκάτερον
626 1254 751 1304 λόγον
774 1255 816 1293 ἐν
838 1255 967 1294 τύποις
995 1255 1313 1303 καταλειφθηὺαι,
1337 1254 1443 1292 ἀλλὰ
1462 1270 1513 1302 μη
1534 1253 1628 1303 πρὸς

115 1308 271 1347 ἔκδοσιν
307 1308 616 1358 διακεκαθάρθαι.
680 1311 740 1348 Et
773 1324 871 1349 sane
905 1324 953 1349 La
995 1309 1190 1362 suspicio,
1222 1308 1254 1348 si
1298 1308 1397 1361 quid
1437 1308 1626 1348 concludi

113 1368 255 1416 potest
276 1379 325 1403 cx
349 1379 492 1403 summ·
485 1380 509 1404 Li
532 1379 669 1404 r=·L1um
691 1365 872 1404 omnium
895 1365 1145 1413 confusione
1162 1379 1212 1403 ex
1233 1364 1491 1418 argumentis
1509 1364 1626 1418 quasi

114 1419 199 1459 tela
221 1435 289 1473 (777ι
278 1421 402 1460 Lidam
425 1420 611 1474 inceptis
636 1421 811 1461 necdum
840 1421 1045 1475 pertextis
1073 1426 1115 1461 et
1144 1397 1362 1460 sententiis
1384 1421 1628 1460 inconcinne

114 1480 189 1515 aut
204 1476 338 1516 alieno
354 1477 444 1516 loco
462 1477 620 1530 positis,
635 1478 822 1531 profecto
838 1478 962 1517 fidem
980 1483 1104 1517 nacta
1121 1482 1184 1517 est
1201 1477 1438 1516 maximam.
1483 1477 1628 1517 Habes

115 1531 255 1585 igitur,
279 1537 326 1572 ut
351 1533 518 1572 credere
540 1535 602 1573 sas
631 1538 707 1581 est,
731 1534 962 1574 orationem
989 1548 1071 1573 non
1097 1534 1150 1573 ab
1178 1533 1267 1586 ipso
1289 1538 1461 1573 auctore
1483 1548 1628 1586 perpo-

113 1587 231 1628 litam
253 1594 295 1628 et
323 1588 571 1642 evulgatam,
595 1590 667 1629 sed
697 1604 802 1643 quae
831 1589 1026 1630 inchoata
1054 1589 1312 1628 solummodo
1341 1595 1381 1629 et
1412 1589 1530 1643 quasi
1555 1590 1627 1629 ad-

114 1645 309 1684 umbrata
334 1659 385 1684 ex
411 1646 499 1698 ejus
528 1646 879 1686 commentariolis
906 1651 949 1686 et
978 1646 1137 1685 scriniis
1166 1645 1332 1685 excidit.
1367 1645 1627 1685 TAYLOR.

114 1702 179 1740 At
201 1700 263 1739 his
284 1701 450 1754 quidem
471 1702 721 1749 rhetoribus,
745 1703 894 1756 quibus
916 1702 1015 1741 nihil
1044 1707 1211 1756 praeter
1232 1701 1335 1741 istas
1357 1701 1628 1754 repetitiones

115 1756 328 1796 offensioni
364 1757 490 1797 fuisse
523 1758 701 1807 videtur,
735 1773 785 1798 ne
818 1758 996 1798 Photius
1034 1758 1199 1811 quidem
1231 1758 1292 1797 vel
1328 1757 1373 1804 is,
1407 1772 1528 1810 quem
1562 1757 1628 1797 ille

114 1817 330 1852 auctorem
365 1818 565 1866 sequutus
601 1820 677 1862 est,
712 1815 934 1868 quicquam
970 1814 1142 1854 tribuit:
1183 1813 1274 1853 ἀλλ’
1310 1815 1350 1852 οἵ
1385 1829 1431 1864 γε
1472 1815 1629 1854 τούτους

115 1870 334 1919 αἰτιώμενοι
354 1871 393 1909 τί
411 1871 459 1909 ἂν
481 1875 599 1920 φαῖεν
620 1872 707 1921 περὶ
726 1870 983 1921 Ἀριστείδου,
1000 1870 1040 1911 ὃς
1063 1871 1123 1909 καὶ
1146 1870 1362 1920 κατακόρως
1383 1869 1433 1922 τῷ
1457 1870 1629 1918 ἰδιώματι

115 1925 235 1977 τούτῳ
257 1926 439 1976 φαίνεται
462 1926 707 1978 κεχρημέν,ος
731 1928 864 1977 ὥσπερ
886 1928 947 1966 καὶ
969 1927 1019 1979 τῷ
1044 1943 1178 1976 τροιει
1183 1943 1220 1965 αι
1242 1927 1337 1964 κατὰ
1354 1927 1421 1965 τὰς
1443 1926 1628 1995 ἐργασίας

115 1979 215 2030 πέρα
235 1984 303 2020 τοῦ
322 1998 476 2031 μετριου
499 1983 560 2021 καὶ
580 1985 630 2035 τῷ
653 1985 813 2036 περιττῷ
839 1985 996 2032 μᾶλλον
1017 1981 1038 2030 ὴ
1060 1984 1112 2034 τῷ
1138 1981 1262 2034 μέτρῳ
1290 1997 1355 2030 της
1376 1997 1507 2032 χρειας
1528 1997 1623 2029 συμ-

115 2038 459 2086 παρεκτείιεσθαι;
496 2038 672 2077 Gravius
693 2044 986 2091 algumentum
1002 2042 1065 2077 est
1089 2037 1199 2091 quod
1222 2051 1264 2076 se
1267 2036 1410 2089 quitur
1430 2035 1471 2075 in
1490 2036 1626 2075 verbis

115 2091 168 2130 ab
199 2092 286 2145 Ta)
290 2092 378 2132 1070
410 2107 535 2147 supla
565 2094 767 2147 L[ppositis
797 2093 1236 2144 μάλιστα-καταστάς.
1299 2094 1361 2132 At
1395 2092 1471 2131 sub
1503 2092 1646 2138 17776777Ἴ

116 2161 198 2187 77077
220 2148 317 2187 decr
319 2163 455 2189 escere
471 2149 552 2188 vim
569 2150 770 2190 01¹Lt10n1s
787 2156 827 2190 et
850 2150 1066 2203 impetum,
1081 2149 1153 2189 sed
1169 2163 1264 2189 acci·
1267 2163 1403 2188 escele
1421 2153 1461 2188 et
1483 2148 1627 2201 augeri

115 2204 234 2244 facile
251 2205 382 2257 quivis
404 2205 559 2246 sentiet
575 2211 703 2259 atque
725 2205 942 2259 intelliget.
1005 2205 1195 2258 Denique
1217 2205 1389 2245 tertium
1410 2219 1458 2244 ai
1458 2218 1628 2258 gumen-

116 2264 206 2299 tum
230 2260 406 2301 Photius
434 2262 511 2302 hoc
544 2262 685 2315 ponit:
721 2263 782 2301 καὶ
807 2262 941 2311 μέντοι
973 2263 1033 2301 καὶ
1060 2262 1129 2301 τὸν
1154 2262 1474 2312 παραπρεσβείας
1505 2261 1629 2312 λόγον

119 2316 256 2369 (quasi
278 2317 380 2357 haec
403 2318 538 2358 matio
556 2318 622 2357 (177
626 2332 718 2358 ersa.
739 2318 793 2357 sit
814 2319 867 2358 ab
885 2317 1074 2358 olatione
1097 2316 1174 2357 κατ’
1194 2318 1384 2369 Αἰσχίνου
1402 2318 1433 2367 ἔ)
1466 2333 1526 2356 τιι
1530 2333 1568 2358 ες
1587 2318 1629 2356 ἐν

119 2372 367 2422 ὑπομνήμασί
385 2379 485 2424 φασι
515 2377 833 2425 καταλειφθηιαι,
858 2375 947 2413 ἀλλ’
976 2374 1020 2413 οὐ
1048 2373 1142 2424 πρὸς
1168 2374 1323 2412 ἔκδοσιν
1349 2373 1435 2412 οὐδὲ
1462 2373 1557 2423 πρὸς
1585 2372 1628 2411 τὸ

117 2444 182 2477 της
212 2429 395 2479 ἐργασίας
423 2430 709 2479 ἀπηρτισμένου
737 2430 971 2481 γεγραφθαι.
1004 2432 1058 2469 δι
1042 2448 1065 2469 α
1091 2446 1154 2474 τι·
1189 2432 1282 2468 διότι
1307 2430 1404 2478 μετὰ
1429 2430 1477 2467 τὰ
1498 2429 1628 2467 επιλο-

117 2486 206 2534 γικέι
228 2484 359 2523 πολλά
381 2501 422 2523 τε
450 2487 543 2524 ὄντα
572 2486 634 2524 καὶ
662 2486 807 2537 σχεδὸν
830 2486 870 2524 τὸ
900 2490 1090 2525 πλεῖστον
1117 2485 1233 2535 μέρος
1260 2485 1454 2535 ἐπέχοντα
1475 2485 1628 2524 πολλὰς

116 2539 190 2588 πρὸ
212 2539 337 2578 αὐτῶν
359 2540 572 2581 ἀντιθέσεις
595 2542 712 2580 εἰπὼν
733 2541 852 2580 πάλιν
871 2542 933 2580 ἐπὶ
949 2540 1164 2580 ἀντιθέσεις
1186 2540 1387 2589 ἐτράπετο,
1408 2540 1502 2588 ὅπερ
1525 2539 1627 2577 ἀνοι-

118 2596 331 2644 κονόμητόν
354 2595 394 2634 τέ
416 2596 500 2634 ἐστι
523 2596 583 2634 καὶ
604 2596 883 2646 διερριμμένου.
947 2596 995 2634 In
1017 2596 1095 2635 hac
1113 2609 1156 2634 re
1179 2594 1283 2634 satis
1300 2593 1450 2632 mirum
1472 2598 1535 2632 est
1558 2608 1629 2633 eos

116 2650 305 2689 rhetores
327 2650 558 2697 offendisse,
582 2665 756 2703 quolum
781 2651 874 2690 libii
894 2656 1129 2703 temporum
1159 2649 1310 2702 injulia
1330 2648 1484 2702 perditi
1517 2654 1626 2697 sunt,

117 2719 199 2745 non
221 2705 440 2745 offendisse
459 2720 541 2754 eOS,
560 2720 662 2759 quos
680 2706 805 2745 etiam
822 2720 929 2745 nunc
951 2706 987 2744 17·
981 2707 1162 2745 abemus
1226 2705 1334 2744 Nam
1356 2710 1397 2744 et
1420 2681 1628 2758 epilogum

116 2760 230 2800 illum
254 2763 388 2815 §.195
413 2776 515 2815 sqq.
534 2776 655 2814 quem
677 2761 830 2801 lectius
854 2763 1045 2802 ἐπάνοδον
1062 2761 1124 2801 7ο]
1147 2761 1493 2811 ἀνακεφαλαίωσιν
1515 2760 1628 2800 dicas

119 2816 217 2868 (vid.
242 2808 495 2871 Hermogen.
525 2818 601 2857 701.
625 2830 663 2870 3.
692 2832 730 2871 p.
752 2820 848 2867 416
875 2822 917 2857 et
943 2817 1118 2871 Gregor.
1142 2816 1329 2856 Corinth.
1356 2816 1410 2855 ad
1440 2815 1479 2854 h.
1503 2815 1527 2855 1.
1551 2817 1626 2856 701.

120 2883 156 2922 7.
171 2887 210 2925 p.
228 2886 237 2910 1
252 2875 366 2923 224),
383 2878 425 2913 et
441 2873 684 2919 antitheses,
700 2888 805 2926 quae
819 2879 913 2926 post
927 2873 1134 2927 epilogum
1149 2872 1425 2926 reperiuntur,
1441 2871 1629 2912 rhetores

120 2928 266 2968 Graeci
291 2943 588 2982 saepenumero
617 2934 1006 2977 commemorarunt,
1031 2929 1099 2982 qui
1126 2929 1158 2968 si
1188 2928 1285 2981 quid
1315 2928 1356 2968 in
1376 2927 1452 2968 hac
1475 2928 1628 2968 oratio-
