1934 3179
325 133 411 173 534
714 135 795 175 DE
829 136 1029 177 FALsA
1063 137 1442 178 LEGATIONE.

322 238 438 290 cujus
468 250 550 277 non
579 242 644 277 est
674 238 886 292 antiquior
907 239 1193 280 Demosthene
1218 239 1352 289 testis,
1376 241 1533 281 Zenob.
1556 240 1679 281 Prov.
1697 253 1736 292 4,
1759 255 1826 296 43.

323 305 417 332 cum
437 296 581 334 annot.
603 293 893 347 interpretum.

377 349 476 400 387,
496 362 558 390 12.
580 351 669 399 ὑμῖν
690 352 869 390 δὲ-τοῦ
890 350 1046 404 λοιποῦ]
1078 350 1223 392 Citant
1244 351 1404 392 Anecd.
1433 352 1564 393 Bekk.
1595 367 1634 406 p.
1654 353 1744 403 148,
1764 354 1826 394 18.

328 404 576 445 SOHAEF.

379 461 474 513 387,
499 473 560 513 13.
583 460 695 513 μήτε]
736 460 966 514 Perperam
985 463 1079 512 μηδὲ
1101 463 1260 503 Anecd.
1283 462 1416 504 Bekk.
1437 464 1462 504 l.
1486 478 1520 504 c.
1565 463 1714 505 SCHA
1724 464 1815 505 EF.

378 517 474 568 387,
499 527 563 555 21.
595 518 646 569 τῷ
677 516 855 569 πολέμῳ]
895 518 944 557 F.
969 519 1011 557 ἐν
1032 519 1082 571 τῷ
1111 518 1283 572 πολέμῳ.
1332 519 1437 574 Pag.
1458 531 1554 573 371,
1578 533 1640 560 10.
1668 521 1730 561 ἐπὶ
1760 524 1827 560 τοῦ

322 571 495 619 πολέμου
516 571 792 613 διασωθέντας.
827 572 1133 613 MARKLAN
1137 574 1188 614 D.
1250 575 1438 629 Vulgata
1463 590 1545 615 non
1566 576 1695 616 habet
1716 577 1827 630 quod

323 626 551 679 displiceat.
596 627 719 674 Bello,
734 641 811 679 per
831 642 864 667 s.
884 636 1047 682 propter
1068 628 1219 670 bellam.
1264 630 1514 671 SCHAEF.

377 683 472 734 387,
499 695 562 735 23·
593 683 985 737 [ἀλλὰ-πολέμῳᾙ
1023 685 1115 725 Aut
1145 686 1247 726 haec
1282 687 1463 739 objectio
1493 687 1720 735 abundare,
1751 692 1828 727 aut

320 737 519 777 refutatio
550 738 639 791 ejus
670 739 816 779 abesse
842 739 1018 780 videtur.
1086 741 1355 782 Praestiterit
1388 742 1496 782 enim
1530 743 1709 795 positam
1744 757 1827 782 non

321 793 445 833 fuisse
471 808 596 846 quam
627 809 709 833 non
741 810 936 836 eversam.
999 797 1144 850 Neque
1175 798 1283 837 enim
1313 798 1430 838 facile
1459 798 1614 838 bellum
1645 805 1709 839 est
1739 798 1827 838 sine

321 849 526 888 sociorum
547 850 726 889 auxiliis.
788 851 996 904 Ulpianus
1020 854 1217 904 εἰρωνείαν
1239 868 1327 893 esse
1348 858 1484 906 putat,
1508 868 1613 907 quae
1636 854 1717 893 κατ’
1734 855 1826 894 ἇπο-

320 904 450 954 δίωξιν
470 905 726 945 refutatione
758 906 928 961 indigna
959 922 1047 948 esse
1075 913 1260 962 putetur.
1295 909 1485 949 WOLF.
1550 909 1669 949 Haec
1691 909 1827 950 aliena

319 975 408 1000 esse
429 961 612 1001 arbitror
634 976 766 1014 neque
789 963 910 1016 hujus
932 964 1022 1004 loci.
1086 965 1153 1004 Ita
1178 966 1509 1005 connectendum
1535 970 1577 1005 et
1608 965 1827 1019 legendum

319 1017 534 1057 existimo:
567 1019 626 1058 ὅτι
646 1021 694 1058 τὰ
716 1020 873 1059 ἐκείνων
893 1021 965 1069 μὲν
987 1021 1054 1060 οὐκ
1084 1020 1275 1060 ἀπέδοντο
1306 1022 1343 1060 οἱ
1372 1022 1572 1073 πρέσβεις,
1596 1023 1643 1061 τὰ
1669 1023 1710 1061 δὲ
1739 1021 1827 1071 ὑμέ-

320 1089 412 1123 τερα
434 1074 538 1113 οὗτοι
559 1074 817 1124 πεπράκασιν.
858 1077 916 1115 ὅτι
937 1078 1011 1127 γὰρ
1032 1079 1151 1115 ταῦτα
1172 1078 1268 1116 οὕτω
1290 1076 1497 1128 πέπραται,
1515 1078 1577 1116 καὶ
1597 1078 1637 1116 ἐκ
1655 1081 1730 1117 τῶν
1747 1081 1826 1117 etc.

319 1129 511 1179 πέπραται
532 1129 717 1182 inquam,
739 1144 820 1170 non
842 1131 1067 1182 πέπρακται.
1129 1132 1237 1172 Nam
1258 1133 1443 1172 caussale
1464 1135 1539 1184 γὰρ
1561 1136 1604 1172 et
1624 1132 1825 1181 narratio,

322 1199 427 1237 quae
456 1185 655 1238 sequitur,
684 1186 793 1225 clare
824 1186 1018 1227 evincunt
1048 1187 1373 1228 Demosthenem
1399 1189 1487 1241 jam
1514 1188 1555 1227 in
1584 1203 1633 1228 eo
1660 1203 1748 1228 esse
1779 1195 1827 1229 ut

319 1241 469 1294 probet
500 1242 711 1282 venditam
751 1243 876 1282 fuisse
912 1243 1223 1296 rempublicam.
1277 1244 1639 1284 MARKLAND.
1715 1244 1827 1285 Mire

319 1301 488 1337 aestuat
512 1298 720 1350 Ulpianus
750 1298 792 1337 in
820 1299 1011 1338 sordibus
1036 1300 1157 1352 hujus
1180 1304 1296 1339 κακοῦ
1318 1301 1510 1350 κόμματος
1530 1300 1822 1353 expurgandis.

321 1352 379 1392 Et
400 1352 530 1393 simile
551 1354 707 1406 aliquid
729 1354 764 1394 ei
789 1355 1011 1408 contigisse
1028 1355 1146 1395 video
1168 1355 1221 1395 ad
1244 1370 1347 1402 eam,
1367 1370 1472 1409 quae
1493 1360 1557 1396 est
1574 1356 1638 1396 De
1660 1370 1825 1396 corona.

319 1407 594 1449 Adnotarunt
624 1409 690 1449 hic
720 1410 879 1450 librarii
912 1412 953 1450 in
984 1411 1068 1450 suis
1097 1411 1428 1465 exemplaribus:
1463 1415 1571 1452 δοκεῖ
1591 1413 1743 1452 λείπειν
1766 1413 1825 1451 ἐν-

318 1467 440 1504 ταῦθα
464 1465 609 1504 πολλά.
672 1465 803 1506 Nemo
832 1471 973 1506 autem
1004 1471 1103 1507 ante
1128 1468 1425 1508 Marklandum
1447 1467 1551 1507 vidit
1580 1467 1622 1506 id
1652 1467 1826 1507 incisum

321 1519 448 1573 [ἀλλὰ
479 1520 525 1570 νὴ
558 1522 743 1575 Δία-τῷ
775 1522 967 1576 πολέμῳ]
1013 1522 1152 1576 potius
1185 1537 1274 1563 esse
1308 1523 1615 1563 eliminandum.
1662 1523 1825 1563 Verun-

319 1581 472 1623 tamen,
497 1581 543 1616 ut
574 1591 708 1617 meam
734 1592 938 1630 exponam
960 1579 1010 1618 de
1032 1593 1080 1618 ea
1104 1593 1148 1618 re
1170 1579 1432 1626 sententiam,
1457 1593 1552 1619 vero
1574 1583 1639 1619 est
1659 1579 1826 1619 omnino

319 1631 583 1681 simillimum,
607 1637 650 1672 et
671 1633 797 1672 talem
819 1634 1093 1686 objectionem
1118 1635 1199 1686 (vel
1230 1635 1370 1688 potius
1397 1635 1524 1674 talem
1546 1635 1825 1674 defensionem

319 1687 434 1741 pacis
456 1688 561 1728 male
583 1688 861 1739 conciliatae),
885 1690 970 1729 scil.
992 1690 1110 1730 socios
1132 1689 1220 1730 belli
1241 1691 1506 1730 diuturnitate
1517 1692 1677 1744 fluctos
1695 1705 1770 1730 esse
1790 1697 1826 1730 et

319 1743 498 1795 dqfessos,
530 1744 684 1783 factam
720 1744 845 1784 fuisse
881 1746 934 1784 ab
966 1745 1189 1790 Aeschine,
1221 1752 1264 1786 et
1299 1762 1324 1786 a
1356 1746 1638 1786 Demosthene
1672 1746 1823 1786 alicubi

318 1799 677 1839 animadversam:
717 1815 799 1853 qua
833 1805 974 1841 tamen
1016 1801 1055 1840 in
1096 1807 1217 1854 parte
1251 1802 1477 1849 Orationis,
1509 1816 1641 1855 neque
1681 1802 1822 1855 liquet,

320 1869 452 1907 neque
488 1856 665 1895 fortasse
701 1871 884 1909 unquam
919 1857 1106 1910 liquebit.
1174 1858 1256 1897 Per
1288 1862 1423 1898 totam
1455 1858 1562 1897 enim
1597 1857 1747 1897 mirum
1782 1858 1824 1897 in

320 1911 487 1950 modum
509 1911 648 1951 omnia
678 1917 775 1952 sunt
801 1914 1066 1959 conturbata,
1088 1918 1136 1953 ut
1164 1914 1205 1952 in
1230 1914 1347 1954 aditu
1371 1913 1583 1954 Orationis
1614 1913 1822 1960 admonui,

318 1972 361 2006 et
390 1970 438 2006 ut
469 1982 518 2007 ea
550 1968 843 2021 progrediente
881 1969 1043 2022 planius
1073 1969 1305 2023 apparebit.
1350 1969 1608 2009 TAYLOR.
1680 1969 1823 2009 Delevi

320 2023 447 2062 verba
468 2023 548 2063 illa.

374 2079 469 2132 387,
488 2090 551 2130 27.
571 2081 848 2129 ἐπειδὴ-τοὺς
868 2082 1021 2134 ὅρκους]
1058 2081 1282 2135 Negotium
1299 2081 1538 2121 condendae
1560 2081 1673 2134 pacis
1691 2080 1823 2121 Athe-

319 2134 382 2174 nis
407 2149 500 2173 cum
527 2135 675 2188 legatis
699 2136 879 2189 Philippi
905 2137 998 2176 illuc
1029 2137 1165 2176 missis
1192 2142 1234 2178 et
1266 2137 1656 2178 conscribendarum
1685 2137 1823 2176 eondi-

318 2191 480 2230 tionum
503 2196 556 2239 et,
579 2191 716 2230 brevis
744 2196 791 2231 ut
822 2192 911 2239 sim,
936 2207 1205 2246 quaecunque
1225 2193 1406 2234 Athenis
1427 2193 1586 2233 condici
1607 2196 1651 2232 et
1680 2193 1823 2247 peragi

318 2246 396 2285 hoc
419 2246 460 2284 in
482 2246 650 2299 negotio
677 2252 887 2300 poterant,
910 2249 1048 2288 omnia
1077 2254 1249 2302 peracta
1276 2254 1319 2289 et
1348 2249 1468 2289 finita
1489 2263 1581 2288 cum
1603 2252 1752 2296 essent,
1775 2254 1823 2289 ut

318 2301 419 2340 nihil
442 2307 623 2341 restaret
645 2307 813 2355 praeter
834 2303 961 2356 ipsius
982 2304 1164 2357 Philippi
1186 2305 1524 2345 testificationem
1546 2304 1607 2343 sui
1630 2318 1823 2344 assensus

318 2371 389 2396 seu
418 2357 772 2405 ratihabitionem,
796 2362 839 2398 et
860 2359 985 2412 legati
1010 2360 1191 2413 Philippi
1214 2375 1306 2400 cum
1326 2361 1379 2400 ab
1401 2361 1502 2399 urbe
1529 2361 1616 2413 jam
1646 2360 1821 2412 profecti

319 2417 458 2452 essent
489 2428 582 2452 eum
614 2414 800 2467 exemplo
824 2414 1026 2455 formulae
1053 2415 1165 2468 pacis
1196 2431 1222 2456 a
1251 2416 1370 2455 nobis
1401 2415 1553 2469 juratis
1583 2415 1665 2455 fide
1694 2420 1822 2469 atque

318 2469 514 2523 religione
540 2474 685 2509 nostra
715 2470 974 2510 confirmato.
1023 2472 1125 2513 Τοὺς
1155 2473 1289 2523 ὅρκους
1316 2473 1523 2521 λαβόντες,
1547 2471 1704 2511 scilicet
1733 2471 1821 2523 παρ’

320 2525 437 2574 ἡμῶν.
482 2524 673 2564 REISK.

375 2582 557 2633 388,12.
591 2581 997 2634 ἐγκαταλειφθέντων]
1038 2582 1070 2621 Ι.
1093 2596 1128 2622 e.
1155 2582 1412 2633 προεθέντων.
1473 2582 1683 2622 Bonorum
1716 2597 1822 2636 quae

320 2636 410 2688 quis
440 2636 527 2689 ipse
558 2637 742 2690 neglexit
769 2637 967 2677 damnum
996 2637 1226 2690 patientius
1255 2639 1348 2686 fert,
1381 2642 1428 2677 ut
1458 2638 1564 2678 nolit
1599 2643 1822 2692 propterea

321 2692 569 2731 descendere
589 2692 643 2731 ad
665 2707 791 2732 novas
812 2692 1062 2733 inimicitias.
1105 2693 1356 2734 SOHAEF.

375 2748 470 2799 388,
494 2749 556 2786 18.
580 2748 819 2801 ἀποδώσειν]
854 2749 1037 2788 Subaudi
1060 2750 1188 2795 αὐτὸν,
1213 2749 1466 2803 Philippum.
1510 2749 1702 2789 REISK.

377 2804 470 2854 388,
497 2814 560 2855 23.
588 2804 848 2857 προήσεσθαι]
883 2804 941 2843 H.
966 2805 990 2844 l.
1013 2805 1140 2858 accipi
1168 2805 1293 2845 debet
1323 2820 1398 2858 pro
1429 2805 1653 2854 ἀμελήσειν.
1717 2804 1819 2844 Sub-

321 2858 490 2897 auditur
511 2864 579 2897 aut
605 2860 689 2900 τοὺς
712 2861 861 2910 καιροὺς
882 2865 954 2899 aut
979 2862 1024 2900 τὰ
1046 2861 1205 2912 ὑμέτερα
1228 2861 1487 2913 συμφέροντα.
1532 2860 1728 2899 REISK.
