1934 3179
299 107 383 148 336
858 106 972 146 PRO
1005 106 1256 147 CORONA.

300 217 487 252 servatas
521 212 714 253 Athenas
748 227 836 251 esse
869 211 1136 265 arrogantius
1170 211 1368 257 dixisset;
1421 226 1549 266 quare
1582 215 1812 255 necessario

300 268 427 308 etiam
450 268 590 322 populi
612 268 769 308 mentio
791 267 879 307 fieri
903 268 1084 307 debebat
1106 267 1145 306 in
1169 267 1243 307 tali
1264 268 1397 308 laude.
1458 269 1682 310 DISSEN.

360 336 454 374 242,
486 338 544 363 10.
579 323 980 376 ἐπεὶ-ἀπολώλατε]
1013 322 1160 363 Citant
1202 323 1361 363 Anecd.
1396 325 1526 364 Bekk.
1553 340 1591 379 p.
1626 329 1714 375 126,
1743 340 1810 378 32.

299 394 405 426 ozam,
452 380 488 419 si
520 394 599 432 pe}-
641 394 705 419 vos
748 379 843 419 solos
884 385 1018 424 staret,
1068 378 1222 418 dudum
1260 380 1376 432 fame
1421 382 1540 421 enecti
1576 382 1811 434 periissetis.

301 435 554 476 SOHAEF.
961 477 964 488 k

360 503 452 540 242,
491 503 552 530 12.
593 491 876 544 ἑωλοκρασίαν]
911 491 960 529 In
997 505 1169 531 numero
1200 496 1276 531 τῶν
1310 492 1486 531 αὐθαδῶν
1519 493 1579 531 καὶ
1609 497 1812 543 τολμηρῶν

299 547 566 596 διανοημάτων
597 551 785 586 recenset
808 546 1099 601 Hermogenes
1130 563 1168 600 p.
1192 562 1287 600 409.
1321 547 1579 587 TAYLOR.
1642 548 1811 601 Harpo-

300 606 405 642 crat.
429 617 459 641 s.
484 602 523 641 11.
545 617 580 641 V.
642 602 899 652 Δημοσθένης
933 604 975 641 ἐν
996 604 1046 656 τῷ
1069 605 1164 654 ὑπὲρ
1188 607 1465 652 Κτησιφῶντος
1498 610 1521 624 “
1544 606 1672 645 Αἵτιος
1693 604 1723 643 δ’
1746 605 1810 643 οὗ·

302 675 368 699 τος
389 659 521 708 ὥσπερ
556 660 824 708 ἑωλοκρασίαν
856 658 940 697 τινά
961 675 1033 708 μου
1054 662 1119 707 τῆς
1149 661 1332 709 πονηρίας
1353 661 1417 707 τῆς
1438 660 1554 698 αὑτοῦ
1575 661 1810 700 κατασκεδά-

300 713 413 755 σας.”
474 715 643 763 Δίδυμος
664 716 704 752 δὲ
738 720 761 735 “
778 714 889 755 οὗτος
909 716 1002 766 χθὲς
1030 716 1090 753 καὶ
1118 715 1248 764 πρώην
1271 715 1294 754 ἃ
1316 714 1478 764 ἐκέρασε
1507 714 1725 765 πράγματα,
1748 716 1811 765 τή-

297 771 417 820 μερόν
437 786 510 819 μου
533 773 697 821 καταχεῖ
716 770 776 808 καὶ
800 771 865 819 ἐμὲ
889 771 1033 820 πρᾶξαί
1051 770 1187 819 φησι.”

358 837 451 874 242,
492 837 553 877 15.
588 826 673 866 τοὺς
709 825 918 875 νεωτέρους
951 829 1027 865 τῶν
1062 825 1315 878 πραγμάτων]
1359 825 1737 866 Rauchensteinius
1769 826 1809 865 in

300 880 528 920 Comment.
553 881 600 919 de
622 885 786 934 tempore
807 895 880 933 quo
901 882 1105 920 Orationes
1128 881 1335 921 Aeschinis
1355 888 1389 920 et
1409 882 1678 921 Demosthenis
1694 883 1811 921 Ctesi-

289 936 482 989 phonteae
502 935 659 976 habitae
679 937 770 983 sint,
793 951 832 989 p.
853 949 917 975 21.
941 942 1053 976 recte
1076 936 1268 991 intelligit
1285 938 1482 990 juniores,
1502 952 1625 990 quam
1647 942 1694 977 ut
1716 938 1809 977 belli

300 992 527 1031 Phocensis
550 992 708 1031 exitum
725 998 768 1032 et
790 1006 855 1031 res
876 992 970 1031 huic
989 993 1232 1045 conjunctas
1254 998 1453 1032 accurata
1475 993 1676 1032 memoria
1698 998 1810 1032 tene-

299 1053 404 1087 rent.
467 1050 613 1101 Atque
639 1048 826 1100 judicum
861 1062 981 1087 nemo
1015 1049 1189 1088 sedebat
1221 1049 1357 1088 minor
1388 1048 1564 1102 triginta
1595 1049 1729 1097 annis,
1758 1049 1809 1089 cf.

300 1103 447 1143 Meier.
471 1109 513 1144 et
537 1104 809 1143 Schoemann.
828 1104 879 1142 de
896 1104 984 1157 jud.
1008 1104 1163 1143 Athen.
1186 1119 1225 1157 p.
1248 1108 1336 1144 126.
1399 1104 1505 1144 Sunt
1528 1105 1657 1159 igitur
1677 1107 1810 1145 νεώτε-

296 1177 356 1210 ροι
378 1164 452 1198 τῶν
475 1159 711 1211 πραγμάτων
728 1159 915 1211 juniores
933 1160 1134 1212 judicum7
1159 1160 1226 1212 qui
1252 1160 1316 1199 Ol.
1353 1160 1438 1202 108,
1465 1172 1501 1198 2.
1523 1174 1678 1199 annum
1701 1161 1809 1200 deci-

297 1229 408 1254 mum
446 1220 654 1268 quartum,
693 1215 895 1267 quintum.
935 1221 1110 1259 sextum,
1149 1216 1369 1269 septimum
1411 1216 1594 1269 agebant
1636 1217 1810 1256 necdum

298 1271 476 1311 comitiis
499 1271 645 1310 adesse
668 1276 879 1323 poterant.
946 1271 1171 1310 DISSEN.

355 1327 651 1379 ἀπολύσασθαι]
693 1327 760 1366 Sic
799 1327 984 1366 Achilles
1021 1328 1170 1367 Tatius
1207 1326 1308 1366 (licit
1351 1329 1388 1369 6,
1437 1340 1469 1366 2.
1514 1328 1577 1366 ἵνα
1614 1345 1676 1366 σοι
1716 1328 1810 1379 πρὸς

298 1382 557 1433 Θέρσανδρον
579 1384 600 1432 ἡ
623 1386 685 1431 τῆς
708 1383 832 1423 αἰτίας
854 1384 1045 1424 ἀπόλυσις
1065 1382 1099 1433 ᾗ.
1162 1382 1384 1422 DISSEN.

356 1450 448 1488 242,
481 1440 538 1477 16.
573 1439 633 1477 καὶ
654 1439 778 1490 ὑμεῖς]
819 1439 959 1477 Etiam
985 1454 1055 1478 vos.
1121 1438 1227 1478 Nam
1262 1438 1348 1491 ipse
1380 1443 1550 1491 ceperat
1575 1438 1807 1478 molestiam

297 1508 423 1546 quum
446 1493 513 1533 illa
530 1494 740 1546 juniorum
764 1508 912 1533 caussa
933 1509 1131 1533 enarrare
1153 1498 1385 1547 cogeretur.
1448 1494 1697 1534 SCHAEF.

356 1561 448 1599 242.
498 1560 559 1599 17.
613 1551 733 1588 καίτοι
784 1551 989 1599 φιλίαν-
1005 1551 1081 1600 ἐγὼ
1132 1550 1196 1602 σέ]
1256 1550 1373 1589 Oitat
1415 1549 1606 1589 Tiberius
1656 1565 1696 1603 p.
1738 1565 1806 1600 44.

298 1605 634 1645 SCHAEFER.
667 1604 782 1644 Citat
805 1605 843 1643 h.
866 1605 888 1644 l.
919 1605 1161 1644 Alexander
1184 1606 1356 1645 Rhetor.
1379 1620 1418 1658 p.
1442 1607 1509 1657 36.
1534 1605 1574 1644 in
1597 1620 1686 1658 cap.
1722 1607 1809 1656 περὶ

298 1660 584 1709 ἐπαναλήψεως
615 1660 678 1698 his
700 1660 859 1699 verbis:
895 1661 1083 1702 πολλάκις
1105 1663 1146 1700 δὲ
1179 1662 1239 1700 καὶ
1261 1662 1380 1700 ταύτὰ
1406 1661 1565 1712 (eadem
1589 1661 1803 1711 vocabula)

298 1717 358 1755 καὶ
381 1716 571 1757 πολλάκις
593 1715 978 1765 ἐπαναλαμβάνεται.
1011 1715 1060 1757 (ὂς
1078 1717 1343 1766 Δημοσθένης·
1379 1718 1499 1756 καίτοι
1521 1718 1661 1766 φιλίαν
1682 1733 1724 1756 τε
1747 1719 1808 1756 καὶ

296 1770 545 1820 ξενίαν-1111
563 1772 684 1810 πόθεν
697 1773 888 1821 λαβόντι;
930 1772 1123 1811 REISK.
1171 1772 1363 1811 Tiberius
1380 1772 1539 1811 omittit
1557 1772 1805 1812 encliticam.

357 1840 447 1876 242,
482 1841 536 1877 ιι).
562 1827 645 1866 εἶπέ
666 1844 739 1866 που
761 1826 911 1880 λέγων]
938 1827 1057 1866 Dixit
1079 1842 1175 1866 vero
1200 1827 1428 1867 Aeschines
1450 1833 1599 1867 contra
1617 1828 1804 1881 Ctesiph.

296 1898 334 1936 p.
355 1885 419 1935 63.
453 1884 473 1921 ὁ
495 1883 564 1931 τὴν
585 1884 717 1931 ξενίαν
737 1883 820 1931 ἐμοὶ
842 1883 1050 1933 προφέρων
1065 1883 1133 1932 τὴν
1154 1888 1221 1922 τοῦ
1241 1883 1516 1933 Ἀλεξάνδρου.
1579 1884 1613 1922 Α
1623 1888 1722 1936 tque
1745 1883 1806 1923 ita

295 1939 514 1978 audiverat
548 1939 672 1977 verba
708 1938 1015 1977 Demosthenes
1057 1953 1151 1978 cum
1191 1939 1417 1978 haberetur
1456 1939 1594 1979 oratio
1613 1956 1622 1985 ς
1672 1954 1805 1992 neque

296 1995 404 2034 enim
431 2009 579 2033 caussa
605 1999 784 2047 apparet
806 2008 879 2032 cur
909 1999 1056 2046 postea
1080 1994 1309 2034 Aeschines
1335 1995 1543 2045 προφέρων
1564 2009 1639 2048 pro
1665 1996 1804 2034 ὀνειδί-

297 2052 370 2099 ζων
390 2049 616 2102 scripserit.
681 2051 797 2101 Ergo
822 2050 1127 2090 Demosthenes
1148 2064 1256 2089 nunc
1284 2065 1365 2089 non
1397 2055 1591 2090 accurate
1614 2051 1805 2090 recorda-

296 2112 376 2145 tur.
439 2105 665 2149 DISSEN,

356 2174 447 2212 242.
477 2175 537 2213 19.
565 2174 627 2200 20.
659 2161 808 2214 ξενίαν]
834 2161 1024 2200 Tiberius
1046 2162 1177 2215 priori
1205 2162 1294 2201 loco
1323 2163 1465 2211 ξενίαν.
1490 2163 1561 2201 sed
1584 2161 1804 2214 posteriori

297 2219 446 2268 φιλίαν.
480 2219 619 2266 φιλίαν
640 2217 703 2256 bis
726 2218 822 2269 poni
845 2218 979 2269 poscit
1000 2218 1110 2270 quod
1132 2232 1227 2257 mox
1249 2217 1436 2270 seqnitur
1457 2217 1718 2267 Ἀλεξάνδρου
1739 2219 1802 2268 φί-

296 2278 382 2312 λον.
445 2272 779 2311 SOHAEFER.

356 2340 448 2375 242,
475 2341 539 2367 20.
574 2329 649 2378 ἐγὼ
672 2330 735 2367 σοὶ
757 2327 964 2381 ξενίαν-]
1003 2328 1288 2381 Hermogenes
1310 2343 1348 2380 p.
1372 2338 1468 2380 347.
1503 2330 1731 2377 θαυμασμοΰ
1763 2329 1803 2366 δὲ

296 2384 552 2434 παράδειγμα,
577 2384 670 2422 οἶον·
706 2385 780 2434 ἐγώ
804 2400 867 2422 σοι
888 2385 1020 2432 ξενίαν
1040 2384 1301 2433 Ἀλεξάνδρου
1323 2385 1384 2422 καὶ
1406 2385 1452 2421 τὰ
1476 2383 1572 2431 ἑξῆς.
1610 2382 1801 2422 REISK.

358 2451 448 2489 242,
474 2450 536 2477 21.
561 2439 956 2491 πόθεν-ἀξιωθέντι]
980 2438 1150 2478 Omittit
1173 2438 1374 2477 Tiberius.
1437 2437 1767 2478 SCHAEFER.

356 2506 447 2545 242,
470 2506 532 2546 23.
557 2495 590 2533 εἰ
609 2494 660 2543 μὴ
684 2495 745 2533 καὶ
766 2495 853 2534 τοὺς
874 2498 1053 2544 θεριστὰς
1076 2512 1107 2533 κ.
1130 2511 1161 2533 τ.
1185 2493 1245 2547 λ.]
1271 2494 1429 2533 Rursus
1453 2494 1740 2547 Hermogenes
1761 2508 1800 2546 p.

295 2564 390 2603 319,
416 2563 447 2588 1.
469 2549 632 2598 μέθοδος
652 2567 706 2590 τις
728 2551 820 2598 αὕτη
842 2551 1031 2599 ἀφελείας
1052 2550 1094 2589 τὸ
1115 2550 1344 2597 πλεονάζειν
1365 2554 1444 2590 τοῖς
1466 2552 1561 2588 κατὰ
1581 2550 1695 2599 μέρος
1717 2551 1802 2587 ἐπε-

296 2607 457 2654 ξιόντας.
492 2606 574 2643 ἐπεὶ
597 2606 657 2644 καὶ
678 2605 735 2652 τὸ,
759 2607 791 2644 εἰ
810 2605 861 2654 μὴ
884 2607 944 2644 καὶ
976 2606 1062 2647 τοὺς
1094 2608 1272 2655 θεριστὰς
1295 2607 1355 2644 καὶ
1377 2606 1462 2646 τοὺς
1484 2606 1585 2644 ἄλλο
1606 2621 1641 2643 τι
1661 2607 1801 2653 μισθοῦ

296 2661 546 2712 πράττοντας,
564 2662 597 2698 εἰ
618 2660 761 2709 ἀφέλοι
783 2677 837 2701 τις
858 2661 899 2700 τὸ
921 2662 1104 2711 ἀόριστον
1128 2660 1259 2713 (aliud
1282 2661 1586 2714 quodcunque),
1611 2660 1802 2708 ἐπιμείναι

297 2718 338 2756 δὲ
360 2721 438 2757 τοῖς
461 2718 556 2755 κατὰ
576 2715 703 2766 μέρος,
728 2717 857 2765 ἀφελῆ
877 2716 1031 2766 ποιήσει
1056 2717 1123 2756 τὸν
1151 2718 1286 2767 λόγον.
1321 2718 1415 2761 οἷον,
1441 2719 1474 2755 εἰ
1493 2718 1589 2755 οὕτω
1611 2715 1734 2765 λέγοι·
1769 2717 1802 2753 εἰ

295 2772 346 2821 μὴ
361 2772 422 2810 καὶ
442 2771 529 2812 τοὺς
550 2774 728 2821 θεριστὰς
751 2773 812 2810 καὶ
829 2772 915 2813 τοὺς
932 2772 1155 2812 σκαπανέας
1171 2773 1231 2810 καὶ
1247 2772 1333 2813 τοὺς
1350 2772 1619 2821 ἆμαλλοδέτας
1637 2771 1698 2809 καὶ
1714 2769 1801 2810 τοὺς

296 2826 481 2875 ποιμένας
504 2827 564 2865 καὶ
591 2827 676 2867 τοὺς
697 2826 850 2876 νομέας.
881 2829 913 2866 εἰ
934 2831 1008 2878 γὰρ
1030 2829 1148 2869 οὕτως
1170 2829 1361 2876 ἐπιμείναι
1381 2844 1437 2868 τις
1455 2831 1532 2867 τοῖς
1554 2828 1649 2865 κατὰ
1668 2825 1796 2875 μέρος.

295 2882 395 2920 πάνυ
418 2882 465 2920 ἂν
488 2881 696 2932 ἐργάσαιτο
719 2883 847 2932 ἀφελῆ
869 2883 936 2921 τὸν
957 2884 1093 2934 λόγον.
1156 2882 1347 2921 R-ElSK.
