1935 3205
721 116 1077 156 PRAEFATH).
1607 120 1657 159 vii

138 231 228 276 alia
260 238 414 277 tamen
448 249 642 292 quorum
682 235 875 279 utilitati
914 235 1027 279 nihil
1065 235 1267 279 detraxit
1306 236 1526 293 temporis
1562 236 1660 280 1011-

136 310 370 367 ginquitas
407 311 452 353 in
488 312 693 355 medium
721 311 896 364 attulit,
923 311 1034 356 locis
1059 326 1150 355 non
1177 312 1334 370 paucis
1362 317 1488 356 recte
1512 313 1660 372 expli-

136 387 266 438 catis,
292 402 487 444 quorun]
515 389 572 432 de
598 404 733 433 sensu
771 388 1166 448 interpretationis
1192 387 1389 432 Latinae
1420 388 1659 434 faciendae

136 477 296 507 caussa
325 466 642 521 quaerendum
679 466 720 510 ei
759 466 921 510 fuerat.
995 465 1121 509 Nam
1159 465 1203 508 in
1241 464 1329 508 hoc
1366 465 1658 523 potissimum

134 553 304 598 genere
344 546 587 585 versantur
633 542 956 586 annotationes
994 540 1174 592 Wolfii‚
1210 541 1288 599 qui
1331 556 1432 585 raro
1473 547 1657 586 tantum

136 630 190 659 ea
213 617 369 676 attigit
391 618 446 661 ad
469 633 587 676 quae
612 618 830 662 interiore
854 618 1073 663 historiae
1098 618 1526 676 antiquitatumque
1551 633 1658 679 cog-

136 691 312 736 nitione
343 708 458 752 opus
494 700 627 738 esset.
698 693 831 738 Haec
874 694 1017 738 editio
1048 709 1192 752 quum
1231 709 1447 754 magnam
1485 695 1657 739 famam

135 769 305 827 adepta
345 776 480 821 esset,
517 769 762 829 aliquoties
804 777 876 814 est
919 770 1118 828 repetita
1158 775 1206 813 et
1253 785 1335 828 per
1375 770 1467 813 duo
1514 786 1657 830 prope

136 844 291 889 secula
315 846 410 890 fere
435 846 531 890 sola
555 853 787 905 usurpata.
859 847 983 890 Nam
1010 846 1244 904 superiore
1270 847 1459 890 demum
1486 848 1656 901 seculo,

136 927 381 980 postquam
418 922 622 967 Joannes
662 923 1008 975 Lucchesinius,
1047 922 1274 967 Patricius
1310 922 1548 977 Lucensis,
1579 925 1656 982 qui

135 998 361 1042 tredecim
400 999 632 1044 orationes
667 998 889 1056 (I.—VI.
916 998 1062 1044 VIII.
1100 998 1434 1059 XI.-XVI.)
1454 1000 1658 1044 verbosis

136 1074 365 1132 adjunctis
401 1076 779 1120 annotationibus
815 1075 1045 1121 historicis
1072 1075 1251 1120 Romae
1283 1076 1427 1120 edidit
1452 1091 1491 1120 a.
1517 1079 1658 1125 1712.

137 1157 186 1195 et
220 1150 445 1195 Ricardus
473 1151 822 1203 Mounteneius‚
849 1158 1072 1211 quattuor
1106 1153 1358 1211 primarum
1396 1153 1658 1197 orationum

137 1227 288 1271 editor
324 1227 611 1288 (Cantabrig.
632 1231 830 1285 1731f2),
866 1230 980 1273 fines
1016 1229 1136 1273 intra
1172 1244 1286 1287 quos
1312 1228 1475 1273 Wolfii
1516 1229 1657 1273 inter-

137 1304 336 1361 pretatio
368 1305 638 1350 substiterat
674 1306 883 1350 nonnihil
920 1307 1273 1365 promovissent,
1298 1320 1466 1349 novam
1491 1306 1660 1350 oratio-

137 1395 249 1424 num
283 1382 491 1425 omnium
528 1383 781 1427 editionem
821 1398 979 1442 parare
1015 1383 1169 1441 coepit
1193 1381 1399 1426 Joannes
1423 1381 1659 1441 Taylorus,

138 1455 452 1502 Cancellarius
488 1464 588 1502 tum
626 1460 848 1518 temporis
880 1458 1230 1504 Lincolniensis.
1302 1457 1458 1517 Hujus
1494 1459 1660 1502 editio-

138 1531 222 1582 nis,
248 1546 384 1589 quam
422 1532 568 1576 oratio
608 1532 820 1577 Midiana
855 1548 961 1577 cum
1003 1533 1202 1592 Lycurgi
1239 1532 1494 1577 Leocratea
1528 1540 1658 1577 ante-

138 1614 338 1651 cesserat
375 1609 618 1666 separatin]
658 1609 783 1653 edita
808 1609 1134 1669 Cantabrigiae
1159 1624 1198 1653 a.
1218 1612 1378 1662 1743„
1402 1609 1658 1654 secundum

138 1689 322 1726 tantum
360 1684 647 1743 tertiumque
677 1684 895 1729 volumen
930 1685 1064 1741 (orat.
1091 1684 1468 1729 XX.—XXVI.
1497 1684 1658 1730 LVII.

137 1757 363 1818 —LIX.)
393 1761 665 1819 prodierunt
708 1761 879 1805 ibidem
921 1762 1042 1820 typis
1078 1761 1376 1805 Academicis
1418 1761 1659 1820 splendide

138 1836 360 1895 impressa
394 1852 433 1880 a.
459 1840 599 1885 1748.
626 1843 674 1881 et
697 1841 839 1887 1757.
867 1836 1047 1882 Graece
1084 1843 1131 1881 et
1168 1837 1338 1881 Latine
1374 1852 1480 1881 cum
1518 1853 1660 1882 anno-

138 1912 391 1958 tationibus
417 1913 619 1965 editoris,
645 1914 723 1972 qui
760 1915 1060 1973 praecipuum
1087 1914 1134 1957 in
1159 1913 1436 1972 explicanda
1468 1914 1659 1959 historia

138 1994 185 2032 et
213 1989 320 2047 jure
355 1988 521 2033 Attico
558 1990 763 2034 studium
801 1991 968 2049 posuit,
995 1996 1058 2042 et,
1094 1990 1205 2034 licet
1244 1989 1358 2033 falsa
1393 1995 1442 2034 et.
1476 1989 1661 2034 inutilia

138 2080 229 2108 non
254 2080 401 2123 pauca
425 2080 571 2122 quum
596 2066 693 2124 ipse
719 2072 819 2110 tum
846 2081 902 2110 ex
929 2066 1109 2110 schedis
1136 2065 1406 2110 Marklandi
1432 2072 1479 2109 et
1504 2066 1535 2109 J
1538 2067 1658 2110 urini

138 2140 362 2191 attulerit,
380 2156 575 2199 quorum
601 2142 843 2186 instaurari
869 2142 1141 2185 memoriam
1167 2156 1304 2184 nemo
1330 2140 1469 2185 hodie
1490 2143 1658 2200 cupiet,

140 2224 296 2260 tamen
328 2223 381 2260 ut
412 2217 469 2261 ad
497 2216 683 2277 Lysiam
709 2224 756 2262 et
781 2216 1080 2269 Aeschinem,
1107 2218 1173 2262 ita
1200 2218 1258 2261 ad
1288 2217 1659 2261 Demosthenem

141 2308 323 2352 quoque
349 2293 750 2352 interpretandum
776 2294 925 2337 multa
945 2293 1145 2337 contulit
1165 2309 1359 2352 quorum
1389 2294 1526 2338 hodie
1549 2309 1660 2352 quo-

141 2386 231 2428 que
266 2385 358 2413 non
395 2370 764 2414 contemnendus
796 2385 904 2414 usus
940 2370 1011 2420 sit,
1037 2385 1207 2429 genere
1233 2376 1391 2414 tamen
1429 2370 1658 2414 scribendi

141 2460 250 2489 usus
281 2452 351 2489 est
383 2452 479 2490 tam
517 2446 769 2506 ineleganti
803 2453 851 2490 et
883 2461 1020 2505 saepe
1051 2446 1215 2490 vitioso
1251 2452 1303 2489 ut
1335 2447 1660 2490 annotationes

141 2522 240 2579 ejus
286 2536 378 2565 non
427 2537 527 2565 raro
569 2522 615 2565 in
663 2522 800 2566 aliam
851 2523 1045 2566 formam
1095 2522 1378 2582 redigendae
1428 2523 1486 2566 ab
1527 2522 1660 2566 nobis

142 2596 331 2640 fuerint.

197 2732 215 2750 a
245 2725 370 2760 Editio
401 2738 509 2772 saepe
545 2726 782 2773 postmodum
815 2739 870 2762 re·
930 2726 1005 2761 sius
1041 2733 1119 2761 turn
1159 2725 1315 2761 aliorum
1356 2725 1525 2767 selectas,
1562 2726 1660 2761 inter

144 2789 260 2838 petita
294 2796 440 2837 praeter
476 2790 616 2825 scholia
651 2790 801 2838 Ulpiani
837 2797 871 2825 et
930 2802 1020 2836 quas
1046 2790 1228 2824 Tourrelli
1255 2801 1403 2835 quoque
1439 2795 1536 2828 sunt,
1569 2789 1658 2825 Gal-

145 2853 490 2900 interpretationem
512 2853 684 2889 Latinam
717 2859 870 2888 annota-
930 2853 989 2888 lici
1028 2853 1169 2899 aliquot
1203 2853 1411 2887 orationum
1449 2852 1660 2899 interpretis

144 2919 265 2952 tiones
297 2917 462 2952 continet
491 2929 603 2963 quum
635 2917 786 2952 editoris
818 2917 871 2963 ip-
933 2919 1143 2963 (a.1701.).
