1914 3184
266 121 322 158 24
740 119 1193 160 PROLEGOMENA
1227 121 1303 160 816.

268 226 586 266 conscribendos
617 226 885 280 parandaque
916 225 1121 279 stipendia
1152 240 1375 279 omnesque
1399 231 1441 266 61
1468 224 1568 265 lucri
1594 225 1771 266 faciendi

269 286 312 321 ct
352 282 472 322 officii
512 282 752 336 praestandi
794 287 934 335 partes
975 282 1279 334 exaequandas.
1361 281 1449 321 Vos
1490 287 1631 322 autem
1670 282 1771 322 nihil

267 339 429 392 agendo
461 339 562 378 haec
596 339 636 377 in
673 338 922 391 spectaculis
952 337 1205 377 consumitis.
1267 337 1316 376 In
1347 339 1527 378 secunda
1557 353 1652 377 vero
1683 353 1772 378 ora-

267 393 393 441 tione,
433 409 558 448 quam
598 408 679 434 11011
717 393 758 432 111
799 394 1010 433 suadendo
1046 394 1210 432 foedere
1251 393 1526 447 rogandisque
1567 394 1627 442 iis,
1666 409 1772 447 quae

267 450 456 490 facienda
487 455 636 497 essent,
660 449 767 489 sed
758 464 798 488 1n
824 449 1010 503 urgenda
1036 454 1079 489 et
1104 449 1316 489 incitanda
1341 454 1559 502 captorum
1587 450 1772 490 consilio-

267 520 358 545 rum
387 506 650 546 exsecutione
674 506 829 546 verszwi
861 520 987 559 supra
1012 505 1199 553 vidimus,
1227 519 1353 558 quum
1378 520 1452 545 nec
1478 506 1772 559 persequendis

267 562 360 601 belli
395 561 566 625 gerendi
600 561 844 609 rationibus,
882 575 956 600 nec
995 561 1228 614 aperiendis
1268 561 1547 614 impensarum
1588 563 1772 602 tontibus

266 617 370 657 ullus
401 618 567 657 omnino
600 618 714 658 locus
748 622 869 662 esset,
893 617 943 656 de
973 631 1018 656 re
1049 617 1161 656 dicta
1191 617 1302 656 nulla
1331 622 1395 657 est
1420 618 1576 658 mentio
1606 618 1770 672 injecta.

264 674 365 713 Jam
390 688 486 713 vero
525 673 696 713 tertiam
731 673 772 712 in
809 673 953 713 eadem
985 678 1027 713 et
1058 673 1224 712 uberius
1255 673 1498 727 explicanda
1529 678 1572 713 et
1605 674 1772 729 gravius

264 730 553 769 contendenda
574 734 706 769 totam
729 744 818 768 esse
839 734 1082 782 occupatam
1105 743 1231 782 supra
1252 729 1476 769 docuimus.
1534 729 1618 770 Nec
1640 731 1771 771 solum

265 785 497 825 uberiorem
519 785 679 839 copiam
705 785 746 824 in
772 786 850 825 hac
872 790 1015 825 orator
1039 785 1093 825 ad
1115 785 1225 825 illam
1247 800 1435 825 caussam
1457 786 1772 840 disceptandam

265 841 423 889 attulit,
459 842 529 881 sed
565 842 691 882 etiam
733 841 1071 881 confidentiorem
1111 841 1340 881 audaciam.
1417 841 1522 882 Nam
1564 857 1690 896 quum
1729 843 1770 882 in

263 897 397 950 prima
429 897 656 951 periculum
692 897 841 950 capitis
877 897 1150 937 detrectanda
1191 898 1262 937 tali
1305 898 1520 952 rogatione
1556 899 1770 939 vitandum

263 953 485 1007 putaverit,
509 953 549 992 in
571 954 647 993 hac
676 954 763 1007 jam
786 953 872 993 sine
898 954 1142 1007 ambagibus
1163 968 1250 992 rem
1271 954 1527 1008 aggreditur,
1550 969 1589 1008 p.
1612 969 1678 1009 31,
1709 969 1769 1010 13.

262 1010 368 1061 λέγω
398 1012 439 1049 δὲ
467 1010 555 1051 τοὺς
585 1010 768 1061 περὶτῶν
790 1014 982 1060 θεωρικῶν
1005 1011 1198 1061 (νόμους),
1222 1014 1377 1060 σαφῶς
1408 1012 1587 1050 οὑτωσί.
1633 1012 1770 1062 Quum

262 1065 390 1119 igitur
430 1065 471 1104 in
512 1080 595 1105 una
632 1065 822 1105 oratione
863 1070 951 1105 tam
991 1065 1181 1105 timidum
1222 1066 1520 1120 providumque
1560 1072 1769 1107 oratorem

262 1121 483 1170 videamus,
506 1121 547 1160 in
579 1121 713 1161 altera
743 1126 830 1161 tam
862 1121 1075 1161 incautum
1101 1126 1227 1174 atque
1251 1122 1452 1162 audacem
1482 1123 1524 1162 in
1550 1123 1695 1163 eadem
1726 1138 1770 1163 re

264 1177 573 1241 persequenda:
609 1191 813 1230 quaenam
846 1177 984 1230 potuit
1014 1177 1096 1217 alia
1116 1182 1261 1217 tantae
1294 1177 1597 1232 discrepantiae
1626 1194 1772 1220 caussa

262 1235 443 1279 subesse
466 1233 542 1274 nisi
565 1248 696 1287 aeque
728 1247 880 1287 ina-gut
911 1247 1047 1273 16111111
1075 1233 1185 1273 inter
1210 1234 1385 1286 primam
1406 1235 1658 1289 tertiamque
1679 1251 1769 1276 ora-

264 1290 420 1329 tionem
455 1291 569 1330 facta
604 1289 902 1329 commutatio?
939 1289 1045 1329 Nam
1083 1304 1208 1342 quum
1241 1290 1281 1328 in
1312 1289 1390 1338 11111,
1414 1291 1625 1330 nulladum
1654 1293 1769 1346 gravi

263 1350 478 1399 plemente
512 1346 772 1393 necessitate
800 1345 1064 1385 temerarium
1098 1345 1244 1386 fuisset
1276 1346 1386 1386 111110
1418 1346 1458 1386 111
1490 1347 1638 1400 capitis
1667 1348 1772 1402 peri-

261 1402 399 1441 culum
436 1402 657 1450 incurrere7
690 1401 730 1440 in
765 1400 904 1447 tertia,
939 1416 1099 1440 summo
1128 1402 1215 1455 jam
1247 1417 1385 1442 rerum
1415 1403 1597 1443 adducto
1628 1404 1767 1444 discri-

261 1457 382 1505 1111116,
412 1458 465 1497 ad
504 1462 691 1498 extiema
728 1457 1030 1496 decurrendum
1064 1457 1233 1497 consilia
1269 1472 1467 1512 suamque
1500 1460 1768 1500 securitatem

260 1514 423 1566 patriae
446 1513 779 1567 posthabendam
805 1513 1080 1553 incolumitati
1106 1513 1278 1553 censuit.
1340 1514 1509 1563 Contra,
1531 1515 1564 1555 si
1587 1517 1770 1557 secunda

262 1570 365 1610 haec
402 1574 511 1609 esset
548 1569 696 1615 0111110,
732 1569 800 1609 illa
831 1573 984 1615 autem,
1019 1584 1143 1623 quam
1176 1569 1352 1623 primam
1383 1571 1594 1620 habemus,
1627 1573 1765 1621 tertia,

261 1626 372 1666 nulla
399 1625 537 1665 doceri
565 1625 668 1665 satis
696 1625 898 1678 probabili
928 1624 1089 1665 ratione
1116 1631 1269 1679 posset,
1292 1640 1373 1679 quo
1400 1632 1523 1679 pacto
1549 1628 1768 1669 accidisset

261 1686 320 1729 111,
359 1696 485 1735 quum
518 1686 606 1721 tam
640 1681 817 1735 ingenua
852 1695 899 1721 ac
933 1681 1063 1721 libera
1095 1682 1303 1735 gravitate
1338 1682 1515 1735 primum
1551 1689 1695 1724 orator
1726 1685 1767 1724 in

264 1738 375 1777 illam
416 1737 696 1777 temeritatem
738 1736 1042 1783 insurrexisset,
1079 1752 1175 1777 mox
1216 1738 1358 1777 timide
1395 1739 1484 1779 vela
1523 1741 1769 1781 contrahere

259 1808 382 1846 quam
405 1798 540 1833 totam
561 1807 647 1833 rem
670 1793 834 1833 silentio
855 1792 1142 1833 transmittere
1164 1794 1340 1834 mallet.”
