1914 3184
271 150 354 188 144
780 147 859 187 DE
892 146 974 186 HA
986 145 1269 185 LONNESo.

326 264 391 305 77,
414 254 452 292 6.
475 252 622 305 λέγων]
662 252 710 291 In
732 251 920 305 epistola.

325 319 391 360 77,
418 322 477 348 ιι.
511 309 854 360 ἐπρεσβεύσαμεν]
906 307 1192 360 Hermogenes
1226 306 1528 356 ἐπρεσβεύομεν,
1562 310 1604 345 et
1639 304 1777 343 nescio

267 379 321 404 an
342 364 509 412 rectius,
525 378 650 417 quam
671 363 852 417 vulgata.
886 362 1079 402 REISK.
1144 361 1416 415 Legationem
1437 366 1578 401 autem
1601 359 1703 400 dicit
1723 360 1776 400 ad

269 420 508 474 Philippum
547 420 715 458 missam
744 418 905 472 Olymp.
930 431 1019 470 109,
1046 431 1076 457 1.
1103 417 1167 456 eui
1204 417 1451 457 interfuerat
1486 417 1774 471 Hegesippus:

268 491 304 516 v.
322 481 428 516 orat.
448 477 498 516 de
518 476 545 514 f.
568 476 644 529 leg.
663 490 702 527 p.
719 486 814 525 447.
835 475 884 513 de
903 489 984 527 qua
1005 488 1040 512 v.
1058 488 1162 526 quae
1184 488 1209 513 a
1224 473 1496 513 W'iniewskio
1519 473 1631 513 dieta
1652 486 1777 525 supra

268 532 548 586 apposuimus.

327 599 392 640 77,
413 600 475 626 12.
496 591 633 626 τοῦτον
655 586 999 637 δὲ-ἀφελέσθαι]
1034 585 1150 624 Idem
1172 590 1235 624 est
1267 600 1314 624 ae
1341 584 1374 623 Si
1401 583 1574 624 dixisset
1594 583 1638 622 οὐ
1659 588 1778 635 χαλε-

269 645 345 684 πόν
373 645 481 683 ἐστιν
508 644 624 682 αὐτοῦ
656 642 881 693 ἀφελέσθαι
912 645 1048 680 τοῦτον
1079 642 1146 680 τὸν
1176 642 1313 692 λόγον,
1348 641 1549 680 δεικνύντα
1582 640 1630 680 ὡς
1670 639 1778 678 ἐστὶν

268 701 411 747 ἄδικος,
432 713 509 738 non
535 706 587 738 est
608 698 768 750 (Z'essffiee'le
798 699 900 737 homo
930 698 1009 750 ipsi
1040 697 1302 736 causationffln
1333 696 1495 749 eripere.
1524 695 1692 734 docendo
1718 695 1778 733 in—

256 755 412 808 justam
442 769 530 795 esse.
569 754 762 794 REISK.
825 754 917 793 Non
951 753 1085 792 minus
1116 758 1229 792 reete
1262 757 1305 792 et
1339 751 1553 806 aliquanto
1588 750 1721 804 magis
1757 765 1778 789 e

269 811 525 851 Graecorum
555 810 854 850 consuetudine
884 813 1053 863 poterat
1083 808 1229 848 scribi:
1266 812 1403 848 τοῦτον
1429 809 1469 846 δὲ
1497 807 1562 846 τὸν
1583 808 1707 857 λόγον
1727 806 1778 856 μὴ

269 866 368 907 εἶναι
397 868 543 906 δίκαιον
564 867 608 906 οὐ
629 867 807 918 χαλεπόν
829 868 937 905 ἐστιν
959 866 1074 904 αὐτοϋ
1103 864 1339 914 ἀφελέσθαι.
1403 863 1456 902 V.
1482 862 1700 902 Heindorf.
1723 861 1778 901 ad

271 922 436 962 Platon.
461 922 645 975 Sophist.
666 937 706 974 p.
729 923 824 969 426.
875 920 1209 961 SCHAEFER.

329 990 393 1031 77,
419 991 476 1030 15.
500 978 674 1031 ἐχυροὺς]
708 978 888 1029 ἰσχυροὺς
910 977 1211 1030 Hermogenes.

328 1047 393 1085 77,
420 1046 484 1072 21.
519 1033 675 1083 Λήμνου
705 1032 727 1082 ἢ
743 1033 907 1083 Ἴμβρου
936 1031 959 1082 ἢ
991 1032 1153 1085 Σκύρου]
1205 1031 1364 1071 Insulas
1399 1035 1495 1083 post
1531 1030 1688 1069 cladem
1724 1029 1778 1068 ad

270 1091 608 1143 Aegospotamos
638 1089 812 1128 amissas
834 1089 887 1128 ab
912 1087 1253 1133 Atheniensibus.
1277 1087 1349 1126 sed
1380 1090 1647 1139 recuperatas
1678 1099 1779 1138 paee

270 1145 522 1186 Antaleidea
544 1145 706 1198 Olylnp.
725 1145 794 1196 98,
814 1157 849 1184 2.
893 1144 946 1183 V.
970 1144 1169 1196 Xenoph.
1213 1143 1375 1182 Hellen.
1399 1155 1439 1195 5,
1466 1156 1496 1190 Ι,
1515 1155 1582 1194 31.
1605 1146 1648 1181 et
1670 1141 1776 1180 conf.

272 1201 472 1241 Aesohin.
495 1201 545 1241 de
567 1201 594 1239 f.
616 1201 693 1254 leg.
716 1216 757 1253 p.
786 1213 878 1253 251.
922 1199 1156 1239 JAOOBS.

329 1267 395 1308 77,
427 1269 491 1296 22.
526 1258 755 1308 ἐκκόψαιεν]
803 1257 1031 1295 Ἐκκόπτειν
1063 1255 1267 1295 translate
1303 1268 1384 1293 non
1421 1252 1629 1292 invenitur
1667 1254 1779 1306 apud

273 1313 610 1353 Demosthenem.
634 1312 689 1351 H.
711 1312 736 1351 l.
761 1312 786 1350 i.
805 1327 842 1365 q.
864 1311 1065 1365 eapellere.
1083 1312 1126 1351 vi
1147 1310 1366 1350 deturbare.
1401 1309 1596 1362 Xenoph.
1617 1308 1725 1348 Hell.
1743 1322 1778 1359 7.

270 1382 310 1418 4,
329 1370 404 1409 26:
440 1370 668 1408 ἐκκόπτουσι
695 1369 754 1407 καὶ
776 1369 861 1409 τοὺς
884 1369 946 1407 ἐπὶ
967 1370 1017 1420 τῷ
1039 1368 1152 1419 λόφῳ
1176 1367 1236 1406 καὶ
1257 1366 1342 1407 τοὺς
1364 1367 1436 1415 μὲν
1459 1365 1583 1404 αὐτῶν
1605 1366 1779 1404 ἀπέκτει-

273 1441 361 1473 ναν,
382 1425 468 1466 τοὺς
489 1427 529 1464 δὲ
553 1425 614 1464 καὶ
637 1425 779 1472 ζῶντας
800 1424 964 1473 ἔλαβον.
1011 1423 1198 1462 VOEM.

330 1490 395 1531 77,
421 1482 485 1519 26.
519 1480 622 1519 Dele
644 1494 804 1519 comma
826 1484 920 1532 post
942 1480 1077 1520 ἄλλος.

330 1547 399 1588 77,
416 1537 480 1575 28.
501 1535 644 1575 Verba
667 1536 729 1574 καὶ
749 1536 1145 1585 πρὶν-πραττόντων
1166 1539 1263 1573 sunt
1285 1532 1507 1586 appositio.
1527 1546 1650 1584 quam
1672 1546 1781 1571 seor-

272 1606 364 1630 sum
386 1591 641 1631 intellectam
661 1591 718 1630 sie
740 1591 919 1630 resolve:
956 1591 992 1629 οἳ
1014 1591 1076 1629 καὶ
1097 1590 1186 1640 πρὶν
1206 1589 1444 1641 ὑπέσχηνται
1472 1588 1664 1639 (subaud.
1687 1587 1781 1639 πρά-

271 1648 386 1696 ξειν),
411 1648 472 1686 καὶ
495 1650 563 1686 νῦν
584 1648 624 1685 δὲ
647 1646 870 1696 πράττουσι.
914 1645 1245 1685 SCHAEFER.

331 1704 397 1754 78,
420 1716 459 1755 3.
482 1704 529 1742 ἄν
552 1719 590 1742 τε
616 1702 781 1751 λάβητε,
804 1704 852 1742 ἄν
873 1701 902 1740 τ’
922 1701 1170 1753 ἀπολάβητε]
1218 1700 1333 1740 Citat
1364 1705 1406 1738 et
1438 1698 1681 1752 paraphrasi
1713 1713 1780 1738 ex-

272 1758 417 1812 planat
438 1759 478 1797 h.
498 1758 523 1798 l.
545 1762 606 1808 (et
622 1773 661 1811 p.
681 1762 773 1801 162,
796 1760 877 1807 16.)
899 1757 1148 1797 Eustathius
1170 1756 1224 1796 ad
1248 1755 1365 1795 Iliad.
1382 1769 1421 1807 p.
1438 1758 1504 1801 62,
1519 1767 1558 1807 5.
1578 1755 1639 1794 ed.
1661 1754 1778 1794 Rom.

273 1814 467 1853 REISK.
537 1813 786 1853 Eustathius
827 1828 901 1853 sua
942 1813 1090 1853 sumsit
1125 1827 1175 1852 ex
1214 1811 1434 1851 Athenaeo
1462 1812 1500 1850 6.
1530 1825 1570 1863 p.
1601 1822 1693 1863 223.
1721 1810 1779 1849 sio

273 1869 494 1916 scribente,
526 1870 588 1908 καὶ
622 1870 730 1919 ἡμεῖς
766 1870 846 1915 οὖν,
877 1868 905 1908 ὦ
934 1870 1183 1919 Τιμόκρατες,
1215 1866 1498 1916 ἀποδίδομέν
1531 1882 1595 1905 σοι
1627 1868 1674 1906 τὰ
1706 1870 1781 1905 τῶν

273 1928 613 1976 δειπνοσοφιστῶν
629 1926 805 1976 λείψανα
827 1925 888 1964 καὶ
910 1925 958 1964 οὐ
980 1926 1177 1974 δίδομεν,
1199 1925 1248 1964 ὡς
1264 1925 1284 1962 ὁ
1303 1923 1524 1970 Κοθωκίδης
1540 1922 1638 1972 φησὶ
1657 1921 1781 1973 ῥήτωρ

275 1981 526 2034 (Aeschines
557 1995 596 2034 p.
619 1982 686 2033 65,
718 1981 804 2029 28.)
831 1981 1090 2030 Δημοσθένην
1121 1980 1336 2032 χλευάζων,
1368 1978 1410 2019 ὃς
1441 1979 1639 2017 Φιλίππου
1667 1977 1781 2027 Ἀθη-

274 2038 395 2079 ναίοις
419 2037 669 2086 “Αλόννησον
696 2037 869 2077 διδόντος
901 2037 1165 2085 συνεβούλευε
1201 2035 1251 2084 μὴ
1282 2033 1516 2084 λαμβάνειν,
1547 2035 1580 2072 εἰ
1610 2034 1779 2078 δίδωσιν,

274 2093 381 2132 ἀλλὰ
407 2093 458 2142 μὴ
484 2093 731 2132 ἀποδίδωσιν.
779 2093 873 2142 ὅπερ
894 2091 1130 2142 Ἀντιφάνης
1157 2092 1199 2130 ἐν
1221 2091 1401 2129 Νεοττίδι
1429 2091 1586 2128 παιδιὰν
1607 2089 1780 2139 θέμενος,

275 2149 489 2200 ἐρεσχηλεῖ
506 2149 617 2187 τόνδε
638 2147 707 2186 τὸν
730 2149 883 2198 τρόπον·

499 2232 548 2271 ‘O
571 2234 760 2281 δεσπότης
783 2234 823 2272 δὲ
845 2232 970 2272 πάντα
991 2235 1037 2271 τὰ
1057 2234 1161 2282 παρὰ
1182 2235 1248 2271 τοῦ
1269 2232 1412 2282 πατρὸς

501 2287 720 2337 ἀπέλαβεν,
745 2289 876 2338 ὥσπερ
899 2288 1059 2337 ἔλαβεν.
1105 2287 1309 2338 ἠγάπησεν
1331 2288 1379 2326 ἄν

503 2343 544 2382 τὸ
565 2344 665 2393 ῥῆμα
686 2347 798 2382 τοῦτο
820 2344 1065 2393 παραλαβὼν
1089 2343 1356 2393 Δημοσθένης.

276 2429 434 2480 Quibus
455 2428 574 2468 addit
596 2428 797 2473 Alexidis.
822 2428 1026 2468 Anaxilae
1049 2434 1091 2468 et
1114 2429 1309 2468 Timoelis
1330 2428 1452 2475 locos,
1476 2441 1652 2480 quorum
1673 2427 1782 2467 solus

276 2484 479 2524 Timoeles
517 2484 842 2523 Demosthenem
883 2484 1083 2524 nominat.
1152 2484 1409 2537 Antiphanis
1450 2484 1539 2522 loeo
1580 2497 1677 2522 usus
1718 2488 1781 2522 est

275 2540 402 2581 etiam
434 2540 546 2579 Plut.
610 2539 663 2578 V.
686 2539 907 2579 Demosth.
931 2553 964 2578 e.
988 2542 1025 2579 6.
1057 2542 1077 2579 ὁ
1108 2542 1148 2579 δὲ
1184 2544 1479 2591 παρασκώπτων
1510 2540 1560 2592 τῷ
1597 2538 1781 2591 ἀντιθέτῳ

275 2597 398 2647 φησὶν
420 2598 550 2636 οὕτως·

500 2672 729 2724 Ἀπέλαβεν
751 2675 882 2725 ὥσπερ
905 2674 1065 2724 ἔλαβεν.
1108 2673 1287 2724 ἠγάπησε
1309 2675 1392 2724 γὰρ

501 2730 545 2768 τὸ
566 2731 667 2780 ῥῆμα
688 2733 800 2769 τοῦτο
822 2731 1067 2780 παραλαβὼν
1091 2728 1357 2779 Δημοσθένης.

276 2816 384 2856 ἐκτὸς
406 2817 439 2854 εἰ
459 2816 509 2865 μὴ
533 2816 577 2865 νὴ
601 2818 678 2856 Δία
699 2818 793 2868 πρὸς
812 2818 881 2857 τὸν
897 2819 993 2869 ὑπὲρ
1008 2816 1256 2865 Ἁλοννήσου
1276 2817 1400 2866 λόγον
1421 2816 1441 2853 ὁ
1461 2814 1699 2864 Ἀντιφάνης
1721 2813 1781 2852 καὶ

274 2871 377 2910 τουτὶ
412 2870 617 2923 πέπαιχεν,
650 2871 697 2921 ἢν
728 2876 802 2925 (so.
827 2872 1095 2923 ‘AAo'vvmron
1125 2872 1345 2921 Ἀθηναίοις
1377 2869 1633 2919 Δημοσθένης
1665 2884 1779 2907 συνε-

274 2927 443 2974 βούλευε
474 2926 525 2975 μὴ
559 2927 791 2976 λαμβάνειν,
827 2928 915 2967 ἀλλ’
944 2927 1243 2976 ἀπολαμβάνειν
1274 2927 1378 2976 παρὰ
1409 2927 1619 2964 Φιλίππου.
1670 2928 1692 2944 “
1712 2923 1779 2962 Ita
