1914 3184
270 137 425 178 xxxviii
890 135 1151 176 REISKII

269 244 414 281 scholia
440 243 609 293 ejusdem
641 242 783 279 codicis
803 255 824 278 a
845 256 880 290 p.
898 254 980 289 193.
1003 242 1049 278 ad
1070 254 1152 290 ¹99·
1179 254 1266 278 cum
1298 242 1434 277 Latina
1463 240 1780 289 interpretatione

268 309 413 349 Wolfii,
435 308 573 356 quibus
595 307 641 343 de
663 307 815 342 scholiis
835 307 926 342 item
953 307 1122 354 pluribus
1152 306 1265 354 paulo
1295 313 1381 353 post
1402 318 1601 354 exponam.
1662 305 1780 341 Prae-

269 375 352 410 fixit
380 374 426 409 iis
455 373 554 409 hanc
583 371 860 420 praefationem
878 371 1155 406 Wolfins.-In
1176 369 1274 405 fine:
1309 375 1333 388 “
1349 369 1456 406 Haec
1483 370 1627 405 scholia
1647 369 1685 404 in
1705 370 1782 414 περὶ

269 439 444 484 στεφάνου
466 444 617 473 exstant
646 436 683 470 in
707 435 912 470 Lutetiano
933 434 1065 470 codice
1089 433 1177 477 (hoc
1199 441 1257 468 est
1281 432 1447 468 editione
1471 433 1677 479 Parisina).
1736 432 1781 467 In

268 502 545 547 παραπρεσβείαν
573 507 611 535 et
640 500 841 545 τιμοκράτην
868 497 1002 545 partim
1035 509 1081 532 ex
1110 497 1276 544 Ulpiano
1306 497 1486 544 decerpta
1516 509 1612 538 esse,
1643 496 1781 544 partim

269 566 307 600 in
339 565 491 600 scholiis
513 562 724 599 Lutetianis
746 569 891 597 exstare
911 561 1100 597 videntur.
1143 572 1259 608 quare
1289 561 1406 596 nolim
1436 568 1582 596 certum
1611 560 1783 596 laborem

271 641 407 677 capere
436 629 584 663 incerto
614 626 777 662 fructu.”
835 625 942 661 Haec
959 624 1132 660 Wolfius.
1192 624 1429 671 Expediebat
1458 632 1600 665 tamen,
1633 624 1781 671 opinor,

270 692 395 727 saltim
415 692 620 727 varietates
648 690 823 726 lectionis
853 690 891 724 in
922 690 979 725 his
1009 689 1175 730 scholiis,
1199 700 1296 735 quae
1323 697 1450 724 essent
1479 688 1517 723 in
1540 687 1782 737 Augustano,

270 757 299 791 si
323 768 419 803 quae
440 755 701 802 discreparent
721 754 907 790 lectiones
929 766 950 789 a
971 753 1197 794 Lutetia-nis,
1221 752 1341 799 prodi.

324 819 504 867 Denique
525 818 736 854 succedunt
752 818 878 853 variae
900 817 1085 853 lectiones
1105 816 1142 851 in
1162 817 1235 851 vita
1250 816 1521 851 Demosthenis
1542 828 1561 851 a
1582 815 1783 851 Plutarcho

270 884 482 930 descripta;
514 883 553 918 in
571 883 706 930 quibus
726 881 783 924 F„
804 881 840 917 id
863 889 919 917 est
929 881 1107 928 fortasse,
1129 880 1291 919 additur,
1306 879 1520 915 Wolfianae
1541 882 1784 929 conjecturae

271 955 370 988 sunt,
388 955 561 983 caeterae
579 947 807 982 Lutetianae
829 945 984 981 editioni
1008 951 1189 992 acceptae
1210 944 1436 979 referuntur.
1479 944 1556 989 (hic
1577 951 1634 979 est
1649 942 1785 979 titulus

273 1012 447 1047 aWolfio
484 1011 775 1059 praescriptus.)
839 1008 1167 1044 Annotationibus
1205 1008 1250 1043 ad
1291 1007 1632 1055 Pseudoplutarchi
1664 1008 1784 1043 vitam

272 1074 542 1110 Demosthenis
567 1074 666 1109 hanc
693 1073 888 1121 praemisit
903 1071 1014 1107 Wolf
1033 1072 1322 1107 annotationem
1341 1086 1346 1105 :
1382 1075 1407 1090 “
1421 1072 1528 1117 Quot
1547 1072 1634 1108 loca
1652 1072 1690 1107 in
1712 1071 1785 1107 hoc

272 1139 455 1186 opusculo
484 1139 659 1183 εὐστόχως
687 1137 986 1176 emendaverim,
1008 1143 1171 1171 testatur
1192 1135 1390 1171 conversio
1410 1148 1509 1178 mea,
1532 1143 1570 1172 et
1590 1135 1784 1184 specimen

271 1202 613 1238 Demosthenicum
636 1214 736 1236 anno
756 1201 867 1247 1569.
891 1200 1074 1236 editum.'’
1119 1199 1283 1235 Caetera
1301 1199 1412 1247 hujus
1432 1200 1505 1235 loci
1527 1212 1640 1247 supra
1659 1199 1785 1241 retuli,

272 1279 358 1302 cum
381 1266 427 1302 de
446 1266 521 1301 hoc
542 1266 752 1313 specimine
774 1277 937 1314 agerem.

332 1330 404 1365 Hic
440 1338 497 1365 est
531 1338 734 1377 apparatus
767 1329 921 1365 criticus
951 1329 1175 1370 &Volfianuffi
1211 1329 1345 1377 ingens
1380 1327 1534 1374 quidem
1568 1326 1633 1362 ille
1668 1333 1706 1362 et
1739 1325 1787 1361 ad

122 1409 259 1432 xxxvn
274 1393 556 1429 emendandum
589 1393 887 1428 Demosthenem
922 1392 1094 1440 inprimis
1124 1391 1239 1432 utilis,
1272 1392 1350 1432 sed,
1382 1399 1424 1427 ut
1454 1403 1556 1426 nunc
1589 1398 1658 1431 est,
1690 1389 1787 1426 nulli

274 1458 369 1493 usui.
428 1457 578 1493 Stultus
599 1458 646 1492 sit
665 1457 787 1492 lector
806 1468 962 1492 necesse
983 1464 1051 1498 est,
1075 1456 1139 1503 qui
1159 1456 1196 1491 id
1217 1455 1345 1495 faciat,
1368 1455 1467 1502 quod
1491 1454 1627 1490 editori
1657 1466 1785 1490 neces-

272 1522 371 1557 sario
393 1529 450 1557 est
469 1521 702 1561 faciendum,
726 1528 765 1556 ut
786 1528 863 1556 tam
887 1521 1044 1556 diversis
1074 1521 1111 1555 in
1142 1520 1236 1555 locis
1266 1532 1425 1567 sparsas,
1447 1519 1574 1554 decies
1603 1518 1787 1566 repetitas

274 1585 424 1620 easdem
458 1585 644 1620 lectiones
678 1585 848 1632 indaget,
884 1585 998 1620 nullis
1032 1597 1157 1631 neque
1191 1584 1415 1633 paginarum
1452 1595 1577 1630 neque
1606 1595 1786 1618 versuum

273 1649 373 1684 notis
394 1650 574 1698 signatas,
596 1649 633 1683 in
658 1649 794 1696 quibus
815 1648 1051 1697 indagandis.
1076 1648 1227 1683 tametsi
1251 1648 1518 1695 spississimum
1540 1659 1635 1694 opus
1659 1646 1787 1682 decies

273 1713 457 1752 revolvat,
487 1720 614 1748 tamen
646 1713 813 1761 integras
842 1713 952 1747 horas
987 1712 1134 1760 perdat..
1194 1712 1317 1759 Saepe
1351 1724 1420 1760 ego
1452 1711 1554 1746 mala
1584 1710 1705 1746 multa
1732 1709 1786 1746 fui

272 1777 504 1825 imprecatus
524 1777 570 1817 ei,
592 1777 652 1812 cui
675 1784 751 1811 tam
774 1789 907 1812 vecors
930 1784 966 1811 et
988 1775 1171 1811 furiosum
1195 1775 1395 1810 consilium
1415 1775 1452 1810 in
1476 1782 1647 1810 mentem
1664 1774 1785 1815 venit,

273 1848 316 1875 ut
335 1841 408 1876 hoc
428 1840 543 1876 modo
564 1840 772 1888 patientiae
801 1840 988 1875 lectorum
1018 1839 1206 1875 illuderet.
1265 1839 1512 1874 Dementiam
1543 1838 1632 1873 satis
1658 1838 1786 1874 mirari

273 1916 351 1939 non
373 1916 540 1952 possum.
600 1905 762 1940 Insumit
782 1904 953 1939 laborem
983 1916 1059 1938 non
1085 1916 1244 1951 parvum
1267 1903 1390 1938 varias
1419 1902 1503 1937 illas
1524 1910 1581 1938 tot
1600 1901 1787 1939 lectiones

274 1968 519 2016 congerendi,
541 1969 622 2004 sine
653 1968 779 2009 dubio,
804 1980 878 2015 quo
908 1968 1071 2003 lectores
1101 1967 1144 2002 iis
1174 1974 1395 2007 uterentur;
1430 1966 1584 2014 exponit
1615 1978 1689 2007 eas,
1721 1967 1786 2002 sed

274 2032 339 2073 sic,
360 2040 402 2067 ut
428 2044 541 2068 nemo
565 2033 609 2067 iis
636 2033 691 2067 uti
712 2040 850 2079 queat;
885 2045 959 2079 qno
989 2032 1069 2079 ipse
1100 2043 1182 2067 sese
1212 2043 1302 2066 suae
1332 2039 1462 2067 tantae
1493 2042 1632 2078 operae
1661 2029 1786 2065 fructu

273 2096 445 2143 privavit,
469 2109 620 2143 unaque
643 2104 819 2131 emtores.
870 2095 1030 2131 Perinde
1052 2107 1153 2131 nune
1176 2103 1245 2135 est,
1268 2107 1311 2130 ac
1332 2095 1362 2129 si
1384 2095 1497 2144 plane
1518 2093 1612 2129 nihil
1633 2094 1785 2129 varian-

274 2159 368 2194 tium
390 2160 579 2195 edidisset.
644 2160 775 2208 Digeri
805 2160 898 2195 haec
930 2159 1144 2207 oportebat,
1174 2167 1376 2206 certosque
1403 2170 1577 2206 quaeque
1608 2158 1654 2194 ad
1682 2158 1788 2194 locos

274 2223 498 2271 paginarum
520 2231 558 2259 et
576 2236 754 2259 versuum
777 2224 934 2272 alligari,
958 2231 998 2258 ut
1018 2224 1243 2259 varietatem
1263 2222 1440 2259 lectionis
1462 2222 1787 2258 Demosthenicae

276 2287 344 2322 sub
366 2299 442 2322 uno
467 2295 675 2334 conspectu
704 2287 877 2322 haberes.
935 2286 1132 2323 Delirabat
1148 2286 1258 2322 Wolf
1276 2287 1330 2322 ita
1359 2287 1528 2322 scribens
1557 2287 1596 2322 in
1627 2285 1788 2333 epistola

275 2350 321 2386 ad
357 2350 602 2398 Episcopium
630 2349 857 2385 variantium
894 2350 1022 2397 sylvae
1057 2351 1241 2399 subjecta,
1272 2362 1309 2398 p.
1341 2361 1428 2386 201.
1462 2350 1595 2385 Varias
1623 2350 1788 2385 lectiones

276 2415 424 2450 omnium
453 2415 642 2449 editionum
672 2415 894 2462 consiynatas
923 2414 1042 2455 habes,
1072 2427 1221 2462 quarum
1251 2426 1424 2455 numeros,
1449 2414 1482 2449 si
1500 2413 1612 2460 foliis
1640 2414 1786 2462 impres-

275 2479 383 2513 sionis
414 2484 494 2513 tuae
525 2478 781 2513 accommodari
809 2479 1004 2526 nequirent,
1023 2478 1362 2525 praetermittendos
1393 2489 1524 2520 censeo,
1555 2477 1787 2524 lectoremque

276 2543 490 2582 monendum,
512 2554 553 2576 ex
571 2542 648 2589 ipsa
668 2542 760 2576 serie
780 2542 977 2578 orationum
998 2549 1031 2577 et
1052 2542 1220 2583 locorum,
1238 2554 1304 2589 quo
1325 2554 1478 2588 quaeque
1497 2547 1579 2576 nota
1590 2541 1785 2587 pertineat,

277 2606 502 2654 deprehendi.
562 2606 698 2653 Iniqua
726 2606 906 2653 postulas,
932 2607 981 2641 mi
1015 2606 1112 2642 bone
1128 2606 1259 2641 Wolfi.
1316 2605 1411 2641 Tam
1442 2618 1511 2654 ego
1541 2604 1680 2654 fungus
1708 2616 1788 2640 non

277 2682 372 2709 sum,
398 2677 438 2704 utv
458 2670 569 2706 unius
590 2670 746 2706 notulae
768 2681 900 2705 caussa
928 2678 1028 2706 totas
1057 2679 1374 2706 sexcentenorum
1398 2681 1575 2705 versuum
1595 2668 1788 2704 orationes

276 2734 479 2782 perlegam.
537 2734 626 2769 Non
647 2735 701 2769 ita
722 2733 913 2777 festinare,
935 2747 1011 2770 non
1034 2735 1283 2782 praecipitare
1305 2746 1411 2782 opus,
1435 2734 1500 2769 sed
1520 2733 1653 2768 ordine
1674 2743 1787 2781 agere

277 2796 454 2837 debebas,
477 2798 680 2845 Episcopio
711 2811 785 2834 non
818 2799 976 2834 schedas
998 2799 1186 2847 disjectas,
1208 2798 1299 2834 folia
1320 2797 1501 2845 Sibyllae,
1524 2797 1615 2832 alias
1637 2809 1683 2831 ex
1704 2794 1787 2831 aliis

277 2858 440 2898 mittere,
461 2873 566 2906 quas,
585 2874 659 2907 quo
681 2871 807 2898 essent
829 2862 1060 2903 referendae,
1081 2875 1193 2897 nemo
1216 2863 1341 2902 sciret,
1365 2873 1462 2908 quae
1483 2861 1585 2908 ipsae
1606 2860 1674 2895 sibi
1696 2871 1786 2895 con-

278 2922 505 2958 tradit-erent
528 2936 650 2971 saepe.
671 2925 733 2959 sed
757 2926 794 2961 in
819 2926 1007 2961 mandatis
1028 2926 1130 2965 dare,
1149 2933 1189 2960 ut
1208 2925 1482 2961 Demosthenis
1503 2931 1649 2959 textum
1672 2935 1784 2959 excu—
