1950 3210
564 164 637 203 ΗΕ
674 165 748 204 ΓΛ
761 164 860 203 1.ss&
904 163 931 202 1.
942 163 1201 204 EGA'FION
1214 164 1256 202 13.
1582 168 1657 207 :301

154 271 533 325 Frequentissimae
570 278 667 311 sunt
708 271 811 311 tales
853 270 1053 310 formulae
1093 285 1185 310 cum
1226 271 1409 323 genitivo
1451 272 1664 321 ἀνθρώπων

151 328 434 381 significantes
474 328 809 381 superlationem.
874 328 927 366 V.
970 341 1072 381 quos
1113 327 1236 367 citavi
1285 327 1324 365 in
1370 328 1426 366 H.
1462 327 1665 381 Stephani

152 384 380 424 Thesauro.
443 384 694 423 SCHAEF.

209 443 305 493 356,
332 442 394 479 26.
419 440 508 479 ἀλλ’
527 441 571 480 οὐ
593 441 838 491 συγκαλέσαι,
860 440 919 492 δὲ]
965 440 1007 478 111
1032 440 1146 479 libris
1169 439 1417 493 quibusdam
1441 439 1664 492 interpola-

153 502 242 536 tum
265 496 353 536 ἀλλ’
373 497 460 536 οὐδὲ
484 496 727 548 συγκαλέσαι
749 497 839 542 ἔδει,
864 497 974 549 quod
1005 496 1267 549 grammatici
1301 496 1514 535 inventum
1535 501 1600 535 est
1623 497 1664 535 δέ

152 552 357 606 particula
386 553 541 592 offensi.
605 553 748 605 Neque
778 552 884 592 enim
917 553 1287 600 animadverterat‚
1310 552 1421 605 quod
1445 552 1665 592 Dobraeus

152 609 403 655 observavit,
439 609 496 647 sic
538 609 639 648 haec
680 609 916 661 procederffi
951 609 1123 660 γράψας,
1157 613 1284 648 ΊῸΙΣ
1322 612 1663 648 ΑΜΦῙΚΊὝΟΣΙ

154 669 524 709 ΠΑΡΑΔΟὙΝΑΙ,
552 664 641 704 ἀλλ’
663 665 720 710 οὐ,
749 668 1086 704 ΣΎΓΚΑΛΕΣΑΙ
1122 669 1191 704 ΔΕ
1224 668 1365 704 ΤΟΎΣ
1398 668 1665 703 ΑΜΦΙΚΤΎ-

153 724 313 766 ΟΝΑΣ,
338 720 414 760 οὐδ’
436 725 698 760 ΕΠΙΣΧΕΙΝ
726 726 806 760 etc.
851 721 1032 760 “Verba
1064 721 1154 773 ipsa
1186 726 1283 760 sunt
1316 720 1611 774 psephismatis
1641 736 1667 760 a

154 777 437 816 Demosthene
457 777 555 816 ficti.
601 777 668 816 Sic
690 792 731 830 p.
749 779 846 830 360,
865 778 929 816 26.
954 777 1040 828 οὐχὶ
1063 781 1329 817 ΘΗΒΑΙΟΙΣ
1344 800 1410 815 —.
1461 776 1563 816 l'hil.
1582 776 1663 815 Ill.

153 848 192 887 p.
217 845 303 878 122.
331 847 388 872 10.
413 833 478 873 οὐκ
502 836 781 873 ΑΘΗΝΑΖΕ.
849 833 893 871 111
916 832 1070 872 talibus
1092 839 1233 872 autem
1255 833 1435 872 solemne
1458 839 1520 872 est
1543 832 1595 878 δέ,
1620 838 1667 872 ut

154 904 193 943 p.
219 890 315 943 398.
339 903 377 940 9.
410 891 622 928 ἀποδοῦναι,
654 891 693 928 δὲ
725 893 843 939 Κερσ.
883 904 922 942 p.
949 892 1032 942 360
1056 895 1163 928 extr.
1191 892 1430 939 παραδοῦναι
1461 891 1501 928 δὲ
1515 914 1584 929 -,
1627 904 1665 942 1).

159 948 263 998 1328
286 950 393 985 extr.
418 945 702 996 γεγραμμένου,
720 948 899 984 TATTA
930 949 1000 984 ΔΕ
1016 969 1084 984 —.
1128 956 1379 998 p.1107,13.
1401 957 1496 998 545.
1513 956 1549 998 5.
1572 946 1665 996 627,

156 1014 220 1042 21.
250 1003 344 1052 629,
369 1015 430 1055 19.
459 1004 554 1054 631,
580 1002 644 1041 28.
673 1003 767 1055 636.
791 1014 853 1040 10.
882 1002 976 1053 649.
1000 1016 1038 1051 4.
1066 1014 1128 1040 20.
1173 1001 1391 1054 Aristoph.
1416 1003 1493 1040 Av.
1517 1003 1665 1054 1036.”

157 1057 331 1097 DOBR.

210 1115 310 1167 356,
334 1115 398 1156 28.
432 1115 554 1153 καίτοι
576 1115 636 1154 καὶ
658 1115 868 1156 ἐπιστολὰς
892 1132 922 1154 κ.
942 1131 975 1153 τ.
993 1114 1048 1168 λ.]
1082 1116 1202 1154 llaec
1235 1120 1275 1154 et
1298 1129 1404 1167 quae
1436 1118 1670 1168 sequuntur

154 1170 281 1210 verba
311 1174 409 1209 suut
435 1170 561 1210 verba
592 1170 831 1218 adversarii,
856 1170 925 1223 qui
959 1171 1036 1210 hac
1069 1170 1231 1210 ratione
1265 1185 1307 1209 se
1339 1170 1446 1210 tueri
1479 1176 1667 1210 conatur.

154 1226 282 1278 Atqui
307 1225 433 1278 (dicet
455 1225 610 1265 scilicet
633 1225 876 1277 Aeschines)
898 1226 1036 1266 literas
1057 1226 1169 1266 binas
1189 1227 1297 1266 *misit
1314 1226 1546 1280 Philippus,
1570 1241 1669 1280 quac

154 1288 335 1322 vocarent
351 1297 425 1322 ¹003.
470 1282 697 1334 Hucusque
719 1282 795 1321 ille.
840 1283 988 1335 l'unge
1010 1282 1138 1337 igitur
1154 1283 1207 1322 ad
1230 1282 1311 1322 ista
1325 1283 1463 1322 verba.
1507 1283 1669 1322 Deinde

154 1339 308 1393 regerit
340 1338 670 1378 Demosthenes:
704 1339 791 1390 Οὐχ
827 1340 891 1379 ἵυα
923 1338 1129 1388 ἐξέλθοιτε.
1172 1340 1349 1389 πώμαλα.
1420 1338 1468 1377 111
1505 1354 1553 1379 ea
1583 1340 1669 1378 fere

154 1401 294 1435 mente
325 1399 389 1434 est
419 1394 624 1448 Ulpianus
647 1408 822 1447 quoque,
846 1409 969 1449 quem
1000 1400 1219 1448 praeterea
1248 1394 1461 1434 consulere
1493 1395 1543 1435 (le
1571 1409 1668 1435 voce

155 1452 322 1501 πώμαλα
343 1465 494 1504 operae
517 1450 595 1491 erit
617 1450 811 1503 pretium,
834 1456 881 1490 ut
904 1452 1172 1491 conferantur
1193 1466 1254 1499 ea,
1278 1465 1384 1504 quae
1411 1451 1494 1491 illic
1526 1451 1668 1499 habet,

155 1521 249 1547 cum
287 1507 347 1556 iis,
381 1522 487 1560 quae
526 1506 737 1560 protulere
774 1507 824 1547 de
866 1507 948 1547 ista
978 1521 1077 1547 voce
1111 1507 1272 1555 Suidas,
1307 1507 1592 1560 Harpocratio
1629 1514 1671 1547 et

157 1563 341 1603 Thomas
374 1563 435 1602 M.
464 1578 503 1616 p.
535 1564 627 1615 768.
659 1563 714 1602 ad
744 1563 852 1602 hunc
886 1563 1022 1603 locum
1053 1563 1352 1603 Demosthenis
1386 1563 1669 1616 respicientes,

157 1619 417 1659 TAYLOR.
481 1621 602 1659 καίτοι
629 1620 949 1660 καὶ-καλούσας
976 1621 1073 1669 ὑμᾶς
1104 1624 1168 1659 est
1199 1619 1456 1673 hypophora,
1479 1620 1579 1659 ficta
1602 1634 1672 1673 op-

155 1675 321 1729 positio.
394 1675 527 1729 Atqui
568 1690 640 1715 vos
680 1679 823 1715 tamen
866 1675 1085 1729 Philippus
1130 1675 1239 1715 binis
1285 1675 1415 1715 literis
1455 1675 1673 1716 evocavit}

156 1731 351 1772 Occurrit
383 1736 552 1772 orator:
590 1732 664 1784 οὐχ
699 1731 745 1771 ἵν’
771 1731 1035 1780 ἐξέλθητε-.
1096 1731 1234 1784 Atqui
1275 1746 1357 1771 non
1393 1746 1441 1771 eo
1483 1734 1671 1785 profecto

157 1787 338 1841 scriptis,
361 1802 442 1841 quo
464 1802 536 1827 vos
557 1787 741 1827 exiretis.
790 1787 1078 1840 Nequaquam.
1133 1787 1228 1827 Non
1250 1788 1359 1827 enim
1376 1802 1447 1827 vos
1469 1788 1546 1827 1100
1567 1793 1671 1827 tem-

156 1844 269 1897 poris
291 1844 468 1884 articulo
489 1848 694 1890 vocasset,
714 1843 791 1882 nisi
818 1844 907 1896 jam
929 1844 1087 1883 dudum
1108 1848 1207 1883 ante
1229 1843 1345 1883 vobis
1372 1843 1671 1897 praeripuisset

157 1900 497 1953 opportunitates
518 1899 708 1947 exeundi,
731 1899 771 1939 h.
792 1913 827 1939 e.
850 1899 927 1938 nisi
949 1904 1091 1939 nosset
1120 1899 1162 1938 in
1194 1904 1408 1952 potestate
1428 1907 1569 1940 vestra
1591 1914 1674 1939 11011

158 1970 247 1995 esse
282 1956 324 1995 in
358 1961 497 1995 castra
527 1955 652 2002 exire,
679 1969 772 1994 cum
805 1955 894 2008 ipse
925 1955 1040 1995 vobis
1074 1959 1331 2008 potestatem
1363 1956 1452 2009 ejus
1488 1956 1545 1996 rei
1581 1961 1672 1996 tum

158 2011 390 2065 eripuisset,
414 2025 507 2050 011111
538 2011 759 2064 pestiferas
789 2010 878 2051 illas
901 2011 1068 2051 fraudes
1100 2025 1193 2050 011111
1223 2011 1373 2065 legatis
1394 2013 1542 2052 vestris
1564 2027 1675 2052 00111-

158 2068 377 2121 posuisset.
440 2066 625 2121 Opponit
647 2066 757 2106 inter
778 2081 821 2106 se
842 2068 929 2106 τότε
950 2072 993 2106 et
1014 2071 1234 2117 τηυικαῦτα,
1258 2074 1340 2107 tum
1361 2069 1557 2120 temporis,
1580 2083 1676 2108 cum

159 2124 276 2164 vobis
307 2124 444 2164 adhuc
474 2123 617 2162 liceret
647 2122 774 2170 exire,
803 2127 845 2162 et
872 2136 989 2169 mmo,
1019 2137 1114 2163 011111
1146 2127 1346 2177 negatmn
1377 2124 1419 2163 id
1448 2124 1563 2164 vobis
1596 2130 1673 2165 est.

160 2179 357 2220 REISK.
419 2179 554 2227 Nulla,
578 2179 689 2232 quod
715 2179 854 2226 seiam.
877 2179 1124 2233 hypophora
1145 2194 1168 2219 a
1190 2179 1397 2233 particula
1423 2182 1546 2220 καίτοι
1567 2181 1674 2220 ordi-

160 2242 242 2277 tur.
304 2235 610 2276 Demosthenes
644 2235 746 2275 haec
778 2234 877 2274 dicit
910 2249 932 2274 e
963 2250 1038 2275 sua
1068 2234 1197 2289 ipsius
1231 2250 1421 2290 persona,
1448 2251 1675 2290 sensusque

161 2293 381 2332 verborum
409 2296 497 2331 est:
533 2292 780 2344 Quanquam
811 2291 947 2331 fateor
978 2291 1099 2331 binas
1129 2291 1373 2346 Philippum
1408 2292 1573 2333 litteras
1604 2293 1677 2332 mi-

162 2348 275 2396 sisse,
299 2362 404 2401 quae
425 2361 497 2386 vos
519 2352 728 2387 vocarent.
792 2346 853 2387 At
877 2361 958 2400 quo
979 2347 1148 2388 consilio
1170 2347 1310 2389 misit?
1371 2348 1566 2389 Profecto
1592 2364 1675 2389 non

162 2410 304 2449 ut—;
339 2404 411 2443 sed
432 2408 479 2443 ut
493 2428 560 2442 —.
604 2403 856 2443 SCHAEF.

223 2471 318 2513 357,
349 2472 384 2500 2.
417 2460 461 2498 οὐ
492 2462 566 2510 γὰρ
597 2460 645 2499 ἄν
672 2475 765 2499 ποτε
778 2459 851 2512 -]
897 2460 1075 2499 Sensus:
1117 2474 1251 2512 neque
1287 2459 1395 2499 enim
1431 2466 1545 2507 tunc.
1583 2474 1677 2499 cum

163 2530 246 2555 non
282 2515 485 2569 poteratis
521 2515 562 2554 in
599 2520 739 2555 castra
772 2515 896 2561 exire.
929 2529 1001 2554 vos
1032 2521 1234 2563 vocasset,
1267 2520 1314 2554 ut
1346 2515 1415 2567 qui
1452 2515 1561 2563 olim,
1595 2530 1677 2568 quo

164 2583 353 2624 tempore
392 2570 645 2624 potuissetiS,
680 2571 796 2610 vobis
831 2570 1053 2624 eripuisset
1089 2570 1450 2624 opportunitatem
1486 2571 1676 2610 exeundi.

220 2695 319 2737 357,
341 2685 380 2722 6.
407 2681 690 2734 προσέταττεν]
735 2681 944 2722 Subaudi:
979 2681 1013 2720 si
1045 2682 1156 2721 bona
1188 2680 1270 2720 fide
1304 2696 1376 2719 vos
1411 2682 1465 2721 ad
1500 2696 1544 2721 se
1576 2682 1677 2721 invi-

165 2743 298 2780 tasset
320 2743 395 2779 aut
417 2737 725 2792 expeditionem
746 2742 1001 2777 castrensem
1032 2737 1225 2776 hortatus
1247 2743 1369 2776 esset.
1432 2738 1513 2778 Sed
1539 2752 1676 2777 merus

166 2795 233 2834 hic
255 2799 346 2835 erat
366 2794 528 2842 mimus,
551 2807 690 2833 merae
712 2792 977 2847 praestigiae,
1000 2792 1274 2832 subsannatio
1296 2793 1436 2833 vestri.
1481 2793 1676 2833 REISK.

222 2863 246 2904 3
251 2862 319 2904 57,
345 2863 380 2900 7.
404 2849 493 2890 ἀλλ’
509 2851 573 2889 ἵνα
586 2849 656 2902 —-]
690 2849 739 2888 Id
761 2855 848 2889 est:
883 2849 965 2888 imo
987 2862 1083 2888 vero
1103 2848 1224 2887 binas
1255 2848 1344 2888 illas
1375 2849 1560 2890 mimicas
1588 2849 1679 2889 lite—

167 2921 234 2947 ras
257 2906 474 2960 Philippus
495 2920 544 2946 eo
565 2905 619 2946 ad
641 2919 712 2946 vos
734 2904 862 2955 misit,
880 2918 961 2958 quo
975 2929 1041 2943 -.
1084 2903 1279 2944 REISK.
