1935 3205
496 142 888 184 (Ᾰ)1,ΥΝῚῚ’1ΙΑ(3Α
928 143 1220 181 Slcstter‘m.
1559 145 1605 182 51

99 257 141 290 et
164 264 270 289 nunc
292 250 366 289 fiat
389 257 429 289 et
454 257 599 302 postca
623 251 763 289 futura
785 249 852 288 sit.
887 248 994 287 SCH
1008 248 1041 286 A
1052 247 1083 286 E
1095 247 1137 286 F.
1208 246 1266 285 l⁷)e
1289 247 1455 285 fortuna
1482 247 1610 285 Atho-

99 306 300 345 nionsinm
322 306 371 344 cf.
393 320 452 344 or.
478 320 517 356 4.
540 321 578 359 p.
601 319 668 358 43.
726 305 796 343 SA
808 304 937 342 Ul'l’.

163 363 221 409 18,
244 376 282 411 4.
321 362 363 400 τὸ
399 364 472 412 γὰρ
500 362 659 415 τοὺς-]
698 361 939 413 Subjectuin
977 358 1165 398 infinitivi
1200 358 1440 397 continetur
1476 359 1610 397 verbis

99 418 350 467 κεκτημένους
368 422 417 472 ¹et
441 418 626 469 ἕχοντας;
661 417 770 471 quod
799 415 1003 456 intellexit
1030 415 1288 457 Schaeferus,
1313 413 1381 467 qui
1410 414 1610 467 interpre-

97 478 225 521 tatur,
253 474 366 523 Quod
383 474 486 513 enim
507 475 718 513 actiterunt
747 474 816 526 «[1ιὶ
847 487 933 511 enm
960 471 1152 524 Philippo
1181 469 1367 509 bellarm-i
1393 471 1483 515 siut,
1508 471 1612 523 iique

98 529 205 575 tales,
221 530 290 583 qni
306 536 339 568 et
356 530 779 583 iwffe'onenafinfrimam
793 527 1033 582 possideant,
1050 541 1168 580 neque
1188 525 1324 579 opibus
1340 532 1515 570 careant,
1534 532 1613 566 etc.

163 587 222 633 18,
244 598 283 638 5.
311 587 443 637 χώραν
474 587 617 636 ὅμορον
646 586 706 624 καὶ
735 586 897 634 δύναμίν
928 600 1013 622 τινα
1049 582 1318 635 κεκτημένους]
1356 582 1471 621 llaec
1504 581 1614 621 intel·

97 647 346 695 argumenta
378 643 599 693 συμμαχίας
632 646 823 680 munerat
855 640 1033 693 scriptor
1056 639 1229 678 Rhetor.
1257 639 1311 678 ad
1338 639 1455 677 Alex.
1479 653 1518 691 p.
1553 643 1612 685 16,

97 710 136 749 5.
160 697 223 737 cd.
247 697 437 751 Spengel.
460 712 581 750 quenl
605 712 638 736 v.
661 712 699 750 p.
726 709 813 747 121).

163 754 221 796 18,
241 768 278 806 9.
303 754 480 806 δαιμονίᾳ
501 755 575 793 τινὶ
598 754 658 792 καὶ
681 753 780 806 θείᾳ]
806 752 973 791 Coeles-te
990 751 1187 804 qlcocldam.
1208 765 1255 789 ac
1276 750 1458 789 (livinum
1479 749 1611 802 henefi-

97 810 202 849 cium
240 810 394 849 videtur
427 824 511 848 esse.
575 809 682 848 Nam
715 809 797 847 duo
824 807 1025 847 vocabula
1057 807 1207 860 posuit,
1232 812 1277 845 ut
1306 806 1611 859 significantius

99 865 270 905 diceret.
334 865 377 905 Si
399 865 618 904 discrimen
642 864 817 917 quaeris,
834 868 919 903 θεῖα
936 863 1131 902 dicuntur
1148 877 1417 916 quaecunque
1440 863 1493 901 al»
1517 862 1615 916 ipsis

99 921 178 961 diis
219 921 405 974 profecta
447 926 556 967 sunt,
598 922 777 970 δαιμόνια
818 935 924 974 quac
965 934 1091 972 supra
1131 918 1344 957 hominnm
1382 918 1487 957 vires
1525 933 1614 957 esse

98 977 293 1027 videntur
314 977 688 1029 miraculorumque
710 976 843 1016 instar
864 976 1084 1015 habentur.
1139 974 1300 1013 FRAN
1309 974 1361 1014 K.

164 1035 222 1080 18,
254 1047 312 1072 11.
335 1034 484 1079 αὐτοὺς,
502 1048 578 1086 pro
600 1048 681 1086 quo
702 1032 742 1071 in
766 1033 829 1071 ed.
854 1031 1009 1071 Aldina
1027 1030 1193 1084 Taylori
1216 1032 1312 1080 ἡμᾶς
1334 1030 1514 1084 positum
1537 1037 1613 1073 est.

99 1089 324 1144 opponitur
344 1094 424 1131 τοῖς
447 1093 561 1134 θεοῖς,
585 1104 760 1142 quorum
790 1088 904 1128 notio
926 1088 966 1126 in
995 1087 1341 1140 praecedentibus
1364 1086 1498 1125 verbis
1520 1101 1615 1126 con-

101 1146 271 1193 tinetur,
295 1151 341 1185 ut
373 1145 485 1187 αὐτὸς
516 1150 559 1185 et
591 1148 610 1184 ὁ
645 1146 732 1186 θεὸς
762 1160 827 1198 ap.
863 1144 1112 1196 Aeschylum
1137 1144 1253 1182 Pers.
1278 1155 1373 1195 742.
1396 1141 1486 1182 ἀλλ’
1522 1141 1616 1182 ὅταν

100 1203 248 1256 σπεύδῃ
269 1219 324 1243 τις
346 1201 472 1247 αὐτὸς,
491 1202 547 1254 χώ
571 1201 658 1243 θεὸς
675 1201 919 1250 ξυνάπτεται,
935 1199 1004 1239 ubi
1028 1199 1178 1239 similes
1200 1199 1430 1239 sententias
1452 1213 1617 1252 compa-

100 1263 248 1298 rarunt
271 1257 533 1311 interpretes.

164 1315 224 1360 18,
256 1327 315 1367 ¹3·
338 1314 387 1355 ὡς
410 1314 493 1353 ἔστι
515 1317 590 1352 τῶν
612 1315 799 1366 αἰσχρῶν,
817 1330 836 1352 κ
873 1329 904 1352 τ.
928 1313 984 1367 λ.]
1007 1312 1122 1353 Citat
1145 1312 1184 1351 h.
1207 1312 1230 1351 l.
1258 1311 1543 1365 Hermogenes
1565 1312 1618 1351 de

101 1369 244 1409 formis
266 1370 290 1409 l.
311 1382 346 1408 2.
368 1385 395 1423 p
432 1382 529 1424 353.
563 1370 618 1408 ἔτι
641 1369 864 1409 ἐνδιάθετον
881 1372 1014 1422 σχῆμα
1037 1369 1098 1408 καὶ
1118 1369 1140 1418 ἡ
1162 1369 1315 1417 τοιαύτη
1334 1369 1618 1418 ε’πιὸιόρθωσις,

100 1427 122 1476 ἡ
164 1425 359 1476 αὐξήσεως
400 1426 513 1465 ἕνεκα
553 1427 958 1476 παραλαμβανομένη.
1004 1426 1100 1464 οἶον·
1146 1425 1225 1476 ὀψὲ
1267 1423 1341 1475 γάρ
1382 1426 1615 1475 ποτε-ὀψὲ

100 1481 235 1532 λέγω;
269 1484 362 1534 χθὲς
392 1483 465 1532 μὲν
487 1483 555 1522 οὖν
587 1483 648 1521 καὶ
681 1483 824 1532 πρώην.
859 1482 918 1521 καὶ
951 1482 1084 1521 πάλιν·
1121 1481 1170 1523 ὡς
1202 1481 1286 1519 ἔστι
1318 1484 1393 1519 τῶν
1426 1482 1617 1532 αἰσχρῶν,

99 1541 256 1588 μᾶλλον
277 1540 317 1577 δὲ
338 1542 414 1577 τῶν
436 1538 665 1590 αἰσχίστων.
710 1537 903 1577 REISK.

167 1595 225 1641 18,
253 1607 310 1647 15.
333 1595 546 1645 φαίνεσθαι
567 1593 833 1647 προϊεμένους]
856 1597 1034 1644 φανερῶς
1051 1592 1267 1644 προΐεσθαι.
1309 1592 1498 1632 ΧΥΟΙΛΡ.
1560 1592 1615 1632 V.

103 1649 316 1703 Excerpta
349 1664 398 1689 ex
430 1650 705 1704 grammatica
727 1649 894 1703 Georgii
927 1649 1132 1702 Lecapeni
1164 1649 1205 1688 in
1239 1648 1450 1688 Matthaei
1482 1648 1617 1688 Lectt.

105 1706 243 1759 Mosq.
266 1706 342 1745 vol.
374 1719 403 1745 1.
425 1721 464 1759 p.
490 1718 554 1758 77.
577 1720 637 1760 sq.
682 1705 1015 1746 SCHAEFER.
1078 1705 1193 1746 Citat
1214 1705 1254 1744 h.
1284 1705 1308 1744 l.
1334 1704 1545 1744 Aristides
1579 1705 1619 1744 in

104 1763 213 1802 Arte
233 1777 273 1815 p.
299 1764 392 1816 236.
416 1764 522 1802 ἀλλὰ
546 1763 606 1802 καὶ
628 1764 665 1802 οἱ
692 1763 938 1813 ἐπιμερισμοὶ
961 1761 1254 1815 (particulares
1280 1760 1618 1811 distributiones)

102 1822 321 1869 περιβολὴν
343 1818 574 1870 ἐργάζεσθαι
608 1820 802 1859 δύνανται·
837 1819 934 1864 οἷον,
957 1819 1001 1858 οὐ
1033 1819 1155 1867 μόνον
1186 1817 1264 1856 τόδ’
1290 1818 1487 1867 ἐποίησας,
1513 1818 1620 1856 ἀλλὰ

103 1876 165 1914 καὶ
186 1876 287 1914 τόδε.
317 1875 368 1924 μὴ
395 1876 518 1924 μόνον
545 1877 700 1914 πόλεων
732 1875 793 1914 καὶ
814 1877 942 1914 τόπων
966 1875 1106 1927 (τόπον
1134 1873 1197 1913 ed.
1225 1873 1620 1925 ΑΙᾰ.)-συμμάχων

102 1947 144 1970 τε
175 1932 237 1970 καὶ
269 1935 424 1981 καιρῶν.
469 1931 661 1970 REISK.
725 1930 913 1970 Verbum
949 1929 1154 1981 προΐεσθαι
1186 1943 1279 1969 cum
1311 1928 1495 1982 genitivo
1526 1943 1620 1967 con-

102 1991 310 2026 structum
337 2001 427 2026 esse
455 1987 507 2026 ad
536 1986 848 2026 similitudinem
871 1987 1092 2025 verborum
1125 1987 1316 2035 ἀφίεσθαι
1346 1990 1387 2024 et
1415 1985 1621 2034 μεθίεσθαι

103 2042 308 2082 intellexit
328 2043 540 2082 Matthiae
558 2044 744 2082 Gramm.
766 2046 797 2091 ξ.
813 2054 910 2095 322.
939 2048 962 2063 “
978 2041 1197 2081 Elmsleius
1218 2041 1271 2080 ad
1297 2039 1484 2093 Euripid.
1506 2040 1621 2079 Med.

102 2113 138 2138 v.
162 2112 171 2137 1
191 2112 275 2152 1.Ρ.
291 2101 357 2151 65.
380 2113 473 2138 cum
496 2099 616 2138 Aeni.
638 2099 769 2138 Porto
791 2098 914 2151 hujus
935 2097 1012 2137 loci
1035 2102 1291 2136 structuram
1308 2096 1437 2136 habet
1458 2110 1533 2149 pro
1550 2110 1620 2135 ex-

103 2154 238 2208 emplo
251 2154 530 2195 attractionis.
564 2153 939 2201 “Demostlienes‚”
953 2153 1100 2206 inquit,
1121 2154 1287 2193 “πόλεις
1302 2152 1362 2191 καὶ
1379 2153 1519 2192 τόπους
1531 2152 1619 2191 dix-

104 2210 216 2258 isset,
235 2210 311 2250 nisi
333 2211 444 2250 inter
465 2211 566 2250 haec
581 2211 707 2250 verba
729 2216 771 2250 et
794 2211 1007 2260 φαίνεσθαι
1031 2208 1282 2260 προϊεμένους
1303 2207 1623 2261 interpositisset

104 2268 158 2306 ὧν
178 2266 276 2316 ἦμέν
297 2283 390 2306 ποτε
411 2267 570 2318 κύριοι.”
631 2266 750 2306 Haec
780 2265 1103 2305 constructionis
1128 2264 1411 2318 expediendae
1432 2263 1541 2303 ratio
1563 2263 1623 2303 sic

105 2322 207 2362 satis
229 2323 486 2376 procederet,
510 2322 587 2362 nisi
609 2327 883 2375 sequerentur
903 2321 970 2361 alii
991 2320 1177 2375 genitivi.
1201 2324 1276 2359 τῶν
1297 2322 1332 2359 ὑ.
1351 2336 1382 2359 τ.
1405 2336 1438 2358 τ.
1461 2336 1501 2358 π.
1525 2336 1620 2368 συμ-

104 2378 240 2430 μάχων
262 2395 305 2418 τε
328 2380 389 2418 καὶ
418 2383 570 2429 καιρῶν.
634 2379 705 2418 An
731 2377 925 2431 cuiquam
953 2375 1285 2430 persuadebitur,
1309 2390 1400 2415 eam
1429 2389 1519 2415 esse
1540 2375 1622 2414 vim

105 2433 384 2481 attractionis,
406 2440 454 2475 ut
486 2435 601 2481 fines,
631 2434 780 2488 quibus
808 2438 872 2473 est
905 2432 1219 2486 circumscripta
1251 2430 1510 2477 arctissimis,
1533 2436 1621 2470 tam

104 2489 189 2529 late
224 2490 390 2543 evagari
426 2490 561 2544 possit
576 2490 613 2530 ‘3⁹'
659 2489 993 2530 SCHAEFER.
1055 2488 1148 2528 'Non
1185 2492 1250 2527 est
1285 2501 1384 2526 sane
1419 2486 1622 2526 attractio

106 2559 211 2599 quae
242 2545 409 2599 proprie
431 2546 595 2592 dicitur,
619 2546 691 2585 sed
717 2545 817 2584 illud
843 2550 985 2585 tamen
1013 2549 1127 2584 recte
1157 2543 1362 2582 intellexit
1385 2541 1620 2587 Elmsleius,

105 2605 317 2641 oratorem
334 2601 469 2641 verbis
488 2601 747 2655 interpositis
769 2602 822 2640 ὧν
842 2600 937 2650 ἦμέν
958 2616 1052 2639 ποτε
1070 2601 1189 2649 κύριοι
1210 2603 1446 2651 permotum
1469 2611 1557 2636 esse
1575 2602 1622 2636 ut

105 2656 263 2710 vulgari
281 2662 530 2704 structurae,
546 2671 651 2710 quae
665 2656 950 2696 accusativum
966 2655 1164 2708 postula-t,
1183 2653 1497 2706 exquisitiorem
1515 2652 1623 2692 hanc

105 2712 335 2765 praeferret
355 2713 409 2751 ab
431 2717 583 2752 natura
603 2710 717 2751 verbi
738 2725 821 2750 non
842 2710 1032 2750 alienam.

167 2769 229 2814 18,
258 2771 320 2807 16.
352 2767 395 2806 τὸ
415 2769 489 2816 μὲν
510 2769 579 2807 οὖν
600 2786 632 2806 κ.
655 2784 687 2805 τ.
709 2768 766 2818 λ.]
807 2766 922 2806 Citat
948 2766 988 2804 h.
1017 2765 1043 2804 1.
1066 2765 1355 2817 Hermogenes
1386 2777 1427 2816 p.
1451 2775 1544 2817 ²35·
1566 2763 1621 2803 ad

107 2823 348 2869 docendum,
372 2823 483 2875 quod
505 2823 560 2863 sit
581 2823 697 2862 filum
716 2822 841 2874 hujus
870 2820 1028 2874 periodi
1059 2819 1203 2859 multis
1226 2818 1620 2871 interpolationibus

107 2878 346 2918 distractae.
409 2878 473 2917 De
506 2879 651 2919 eodem
682 2878 881 2917 admonet
913 2891 952 2929 p.
984 2877 1077 2926 284.
1111 2880 1154 2915 et
1186 2874 1296 2914 idem
1328 2874 1453 2914 affert
1485 2888 1622 2913 exem·
1641 2878 1655 2882 “

107 2933 231 2985 plum,
263 2934 433 2981 addens,
466 2933 508 2974 id
541 2949 623 2974 non
657 2933 788 2972 solum
820 2930 1177 3026 πεὲιβεβλημένον,
1209 2930 1282 2971 sed
1314 2929 1441 2970 etiam
1472 2930 1621 2980 μεστὸν

818 3001 843 3026 E
866 2991 880 3009 0
