1934 3179
287 115 372 160 '800
843 119 957 159 PRO
990 118 1239 159 CORONA.

286 226 355 275 τὴν
377 224 602 275 ἀσφάλειαν
633 225 693 264 καὶ
714 225 783 273 τὴν
805 227 999 275 σωτηρίαν
1021 228 1141 264 οἴεται
1163 228 1244 264 δεῖν
1274 226 1316 264 ἐν
1337 224 1492 278 δευτέρᾳ
1513 225 1616 274 τάξει
1637 228 1703 265 τοῦ
1727 242 1790 265 κα-

285 285 359 320 λοῦ
380 284 576 320 ποιεῖσθαι
609 281 670 319 καὶ
694 284 758 319 τοῦ
792 280 1264 330 πρέποντος.-Αἶίοναιη
1294 281 1477 320 virtutem
1508 285 1611 334 puta
1638 280 1791 335 ingenii

285 337 522 376 ubertatem
537 341 579 375 et
596 335 862 376 tractationis
883 336 1169 376 admirabilem
1190 351 1321 384 usum,
1338 336 1540 389 siquidem
1557 337 1656 375 nihil
1669 341 1792 377 acute

286 392 457 432 inveniri
479 396 618 444 potest
640 392 680 430 in
702 391 752 430 iis
773 391 939 439 caussis,
964 407 1067 445 quas
1099 392 1275 445 scripsit,
1298 393 1408 445 quod
1436 392 1502 432 ille
1523 407 1604 432 non
1626 392 1790 439 viderit,

286 448 385 487 nihil
408 447 603 500 explicari
637 447 844 495 disertius,
868 448 1144 488 demonstrari
1177 448 1425 495 accuratius,
1449 463 1572 501 quam
1593 448 1659 487 ille
1679 448 1790 496 fecit,

287 508 335 543 ut
356 518 437 542 non
460 503 603 542 credas
625 503 795 556 reperiri
818 518 937 556 posse
959 505 1068 557 quod
1090 504 1241 558 opponi
1270 504 1413 557 possit.
1480 505 1610 544 Tertio
1631 505 1793 557 denique

287 560 364 599 loco
395 558 557 598 accedit
585 558 786 598 orationis
813 559 998 613 perfecta
1025 575 1107 600 ars.
1171 560 1285 600 Dicit
1306 559 1530 613 Dionysius
1551 560 1602 600 de
1622 560 1730 599 adm.
1754 559 1792 599 vi

287 615 449 654 dicendi
484 615 526 653 in
554 614 772 654 Demosth.
807 629 840 654 c.
873 616 907 653 8.
944 616 1147 656 διάλεκτον
1174 615 1468 656 Demosthenis
1499 618 1792 667 μεγαλοπρεπῆ,

286 670 411 719 λιτήν·
464 670 657 720 περιττὴν,
695 671 911 722 ἀπέριττον·
964 672 1272 723 ἐξηλλαγμένην,
1311 671 1468 721 συνήθη·
1515 672 1790 722 πανηγυρικὴν,

287 726 488 775 ἀληθινήν·
528 727 736 776 αὐστηρὰν,
776 727 928 776 ἱλαράν·
965 729 1167 774 σύντονον,
1205 727 1421 776 ἀνειμένην·
1461 728 1606 777 ἡδεῖαν,
1640 727 1791 777 πικράν·

285 782 432 830 ἠθικὴν,
475 782 699 831 παθητικήν·
753 782 1022 837 similiterque
1066 783 1332 836 periodorum
1374 782 1792 822 Demosthenicarum

287 837 542 877 admirabilis
565 842 629 877 cst
650 839 894 891 compositio
915 840 968 878 ab
990 839 1101 879 nullo
1123 840 1220 878 dum
1242 844 1408 879 oratore
1429 843 1638 892 superata.

794 1026 847 1063 In
868 1032 1100 1079 αιῃιιυιωιία
1125 1027 1289 1065 Graeca.

347 1126 439 1160 222„
466 1126 495 1151 1.
523 1113 610 1153 τοὺς
642 1114 965 1155 ἐπαίνους-τοὺς
997 1114 1058 1152 ἐπὶ
1089 1116 1139 1167 τῷ
1169 1113 1433 1167 Δημοσθένει]
1471 1113 1668 1153 Notanda
1700 1128 1793 1153 con-

291 1169 480 1209 structio.
524 1168 777 1208 SOHAEF.

348 1237 439 1272 222,
468 1237 526 1263 [2.
547 1224 668 1276 μέσα]
695 1223 894 1264 Similiter
911 1225 951 1263 in
973 1229 1235 1278 argumento.
1251 1225 1360 1278 quod
1379 1224 1589 1277 sequitur:
1624 1225 1711 1266 τοὺς
1723 1226 1796 1273 μὲν

289 1283 361 1330 γὰρ
383 1281 448 1319 δύο
472 1282 621 1329 νόμους,
646 1281 713 1319 τόν
735 1297 775 1319 τε
797 1284 873 1319 τῶν
894 1277 1117 1320 ὑπευθῦνων
1140 1282 1201 1320 καὶ
1222 1282 1291 1320 τὸν
1313 1284 1379 1319 τοῦ
1405 1282 1656 1331 κηρύγματος,
1680 1283 1731 1322 εἰς
1753 1280 1795 1319 τὸ

288 1336 411 1385 μέσον
432 1339 499 1375 τοῦ
519 1336 640 1386 λόγου
662 1335 855 1387 ἀπέρριψε
879 1341 1139 1387 στρατηγικῶς
1160 1337 1246 1377 τοὺς
1273 1337 1408 1378 κακοὺς
1431 1338 1468 1377 ἐς
1488 1337 1613 1385 μέσον
1635 1336 1793 1377 ἐλάσας.

290 1391 569 1441 Quintilianus
593 1401 628 1442 7,
657 1405 685 1430 1.
712 1392 983 1432 Demosthenes
1013 1399 1128 1445 alque
1156 1392 1468 1431 Aeschines—sin
1488 1392 1648 1444 judicio
1676 1392 1796 1431 Ctesi-

279 1447 441 1500 phontis
463 1447 664 1486 diversmn
692 1447 813 1485 secati
833 1448 1020 1494 ordinem,
1043 1463 1128 1487 eum
1150 1454 1356 1487 accusator
1376 1462 1401 1486 a
1421 1448 1527 1500 jure,
1549 1462 1622 1500 quo
1643 1446 1796 1487 videba-

288 1510 355 1541 ῖιιν
378 1503 586 1555 potentior.
621 1502 796 1555 coeperit,
824 1510 1021 1556 patronus
1054 1504 1188 1542 omnia
1226 1503 1286 1543 cel
1310 1517 1411 1556 pene
1444 1504 1575 1542 omnia
1611 1511 1702 1543 αιιίθ
1725 1503 1798 1555 jus

282 1558 473 1610 posuerit,
496 1557 634 1610 ᾳιιὶὂιιε
651 1557 829 1609 ,judicem
851 1560 1073 1611 quaestioni
1094 1559 1218 1612 Zeqmn
1235 1565 1512 1612 praepararet.
1566 1560 1639 1598 Καὶ
1661 1561 1734 1610 γὰρ
1755 1560 1798 1598 ἐν

289 1617 339 1667 τῷ
361 1614 532 1666 πολέμῳ,
556 1613 690 1666 inquit
714 1613 952 1667 Xenophon
978 1615 1210 1654 Memorab.
1234 1615 1259 1653 l.
1283 1629 1321 1668 3.
1344 1614 1384 1653 in
1410 1614 1625 1667 principio„
1648 1616 1734 1656 τούς
1755 1631 1796 1654 τε

289 1671 460 1720 πρώτους
489 1670 667 1719 ἀρίστους
695 1672 755 1708 δεῖ
782 1669 933 1709 τάττειν
956 1673 1016 1709 καὶ
1044 1671 1129 1712 τοὺς
1159 1672 1414 1715 τελευταίους,
1438 1671 1480 1708 ἐν
1506 1672 1546 1709 δὲ
1575 1670 1682 1722 μέσῳ
1710 1671 1797 1711 τοὺς

289 1727 508 1776 χειρίστους
532 1743 563 1763 κ.
581 1741 613 1762 τ.
634 1730 671 1764 λ.
705 1725 964 1765 TAYLOR.
1026 1726 1177 1765 Confer
1208 1725 1372 1778 Syriani
1403 1725 1537 1764 locum
1568 1740 1593 1765 a
1625 1725 1796 1764 Reiskio

290 1781 464 1820 citatum
496 1780 550 1819 ad
577 1795 615 1833 p.
641 1792 733 1832 243,
759 1792 836 1834 23..
861 1781 929 1820 ubi
956 1782 1131 1821 docetur
1153 1782 1374 1821 Oratorem
1400 1781 1442 1819 τὸ
1476 1782 1636 1830 νόμιμον
1665 1783 1704 1830 ἐξ
1733 1782 1796 1831 ἆρ-

290 1840 372 1887 χῆς,
397 1837 464 1875 οὐκ
496 1838 538 1875 ἐν
563 1835 668 1888 μέσῳ
700 1839 765 1875 τοῦ
795 1838 930 1888 λόγου,
962 1841 1095 1876 θεῖναι.
1158 1837 1404 1889 Quanquam
1426 1836 1487 1875 vel
1523 1836 1580 1875 sic
1618 1841 1797 1889 apparet

290 1906 494 1930 summum
517 1891 557 1929 in
579 1891 820 1930 ordinandis
841 1893 1033 1945 partibus
1054 1892 1312 1932 admirabilis
1335 1893 1456 1945 hujus
1474 1892 1676 1932 orationis
1697 1893 1797 1932 arti-

292 1947 442 1986 ficium.
485 1947 733 1987 SCHAEF.

349 2016 441 2055 2¹23,
469 2016 525 2055 15.
549 2004 738 2055 δεδόχθω]
774 2005 954 2055 δεδόχθαι
974 2004 1154 2043 Wolfius
1175 2009 1311 2044 recte:
1347 2019 1381 2043 v.
1404 2005 1458 2044 ad
1480 2020 1519 2058 p.
1545 2016 1636 2057 235‚
1664 2016 1700 2053 7.

351 2071 442 2111 223,
474 2061 532 2097 16.
564 2062 785 2112 τραγῳδιῶν
810 2059 1012 2110 ἀγομένων
1040 2061 1198 2112 καινῶν]
1248 2060 1461 2100 Usitatum
1495 2066 1559 2100 est
1589 2063 1795 2112 τραγῳδῶν

293 2115 534 2164 γιγνομένων
557 2114 774 2165 (Aeschin.
804 2130 841 2167 p.
867 2127 934 2167 59,
960 2118 1059 2168 23),
1084 2116 1144 2154 vel
1175 2119 1382 2168 τραγῳδῶν
1411 2118 1640 2165 μελλόντων
1670 2117 1798 2166 γίγνε-

293 2173 382 2208 σθαι
403 2184 434 2208 s.
459 2170 619 2209 εἰσιέναι
642 2170 858 2221 (Aeschin.
882 2185 920 2222 p.
941 2184 1005 2221 75,
1026 2173 1090 2210 ¹26.
1110 2175 1174 2223 83,
1201 2172 1295 2221 11.).
1336 2171 1397 2210 vel
1420 2175 1629 2224 τραγῳδοῖς
1656 2175 1799 2211 καινοῖς

295 2225 534 2275 (Ι”)οιιι()εῖ11.
559 2240 597 2278 p.
622 2237 714 2277 243.
742 2228 821 2276 17.)
885 2226 964 2265 Sed
988 2230 1192 2280 τραγῳδῶν
1214 2231 1289 2266 τῶν
1312 2231 1452 2266 καινῶν
1473 2226 1675 2278 ἀγομένων
1697 2225 1796 2278 legi-

294 2286 363 2319 tur
384 2280 424 2318 in
448 2281 615 2319 decreto
638 2281 957 2320 Atheniensium
989 2281 1029 2319 in
1061 2283 1259 2321 honorem
1284 2282 1468 2334 Hyrcani
1491 2283 1602 2335 apud
1624 2281 1797 2334 Joseph.

296 2337 346 2374 A.
371 2336 412 2374 J.
441 2349 497 2386 14.
524 2337 559 2381 8,
582 2348 631 2387 5:
666 2336 774 2374 unde
807 2336 999 2388 scriptori
1032 2337 1266 2390 argumenti
1291 2341 1495 2389 τραγῳδῶν
1517 2337 1656 2391 potius
1682 2336 1799 2376 resti-

294 2391 493 2431 tuendum
515 2405 603 2429 esso
625 2391 808 2430 arbitror
829 2406 951 2444 quam
972 2392 1161 2445 Josepho
1182 2396 1413 2445 τραγῳδιῶν.

351 2446 687 2499 ἴσως-βλέπειν]
722 2447 885 2486 Delcvit
907 2452 953 2486 ut
975 2448 1116 2500 spuria
1136 2447 1489 2487 W'umlerlichius.

353 2515 444 2554 223.
473 2515 536 2551 29.
570 2503 613 2540 ἐν
634 2503 678 2556 τῇ
707 2503 910 2555 ἐκκλησίᾳ]
950 2502 1016 2542 Sic
1036 2503 1218 2542 Wolfius
1249 2517 1324 2555 pro
1350 2503 1520 2557 vulgato
1542 2504 1609 2542 οὐκ
1638 2505 1680 2543 ἐν
1701 2506 1745 2557 τῇ
1769 2505 1800 2543 ἐ.

296 2558 524 2597 Adduntur
564 2557 666 2596 haec
706 2558 759 2597 ad
800 2558 1090 2611 explicandum
1136 2558 1349 2598 insolitum
1391 2559 1502 2598 istud
1542 2559 1798 2605 vocabulum,

299 2615 430 2652 Πνυκί.
493 2612 602 2652 Vide
623 2613 790 2652 omnino
813 2614 1061 2653 Aeschinem
1083 2629 1116 2654 c.
1135 2614 1321 2667 Ctesiph.
1346 2629 1384 2667 p.
1399 2627 1494 2663 4¹27.
1513 2614 1586 2653 ult.
1612 2620 1653 2654 et
1675 2628 1800 2654 anno-

295 2668 477 2708 tationes
497 2668 549 2707 ad
573 2668 719 2707 locum.
782 2669 980 2709 Similiter
1001 2670 1041 2708 in
1062 2670 1200 2709 libello
1224 2669 1442 2709 Aeschinis
1464 2669 1571 2708 infra
1591 2684 1630 2722 p.
1651 2682 1743 2719 244.
1765 2682 1797 2708 1.

295 2726 363 2763 ἐὰν
393 2725 465 2773 μὲν
495 2724 517 2772 ἡ
547 2724 674 2773 βουλὴ
705 2729 907 2774 στεφανοῖ,
937 2726 979 2764 ἐν
1010 2727 1061 2778 τῷ
1091 2727 1354 2778 βουλευτηρίῳ
1386 2726 1572 2770 ἀνειπεῖν,
1607 2727 1676 2764 ἐὰν
1707 2726 1748 2763 δὲ
1778 2725 1800 2772 ὴ

295 2780 420 2825 πόλις,
449 2780 492 2817 ἐν
520 2780 655 2824 Πνυκὶ,
685 2781 727 2818 ἐν
758 2781 801 2833 τῇ
833 2781 1030 2832 ἐκκλησίᾳ.
1093 2781 1140 2819 In
1178 2781 1257 2820 hac
1294 2795 1457 2832 quoque
1492 2779 1700 2819 sententia
1735 2783 1800 2817 est

301 2833 549 2886 &Vesseling
570 2835 623 2873 ad
648 2834 777 2874 Petiti
803 2835 886 2874 LL.
914 2835 1047 2875 Attic.
1070 2851 1109 2889 p.
1126 2837 1221 2887 378.
1252 2835 1510 2874 TAYLOR.
1573 2832 1799 2887 Suspiceris

295 2893 429 2927 totum
451 2889 538 2934 hoc.
563 2890 628 2928 οὐκ
651 2891 693 2928 ἐν
715 2891 757 2938 τῇ
781 2892 979 2943 ἐκκλησίᾳ,
1000 2890 1177 2943 margini
1200 2891 1297 2929 olim
1318 2890 1572 2943 adscriptum
1594 2890 1647 2928 ad
1671 2889 1797 2928 verba
