1914 3184
293 133 348 171 34
727 130 1123 171 OLYNTHIAOA
1159 129 1370 168 PRIMA.

294 236 539 284 Boeckhius,
572 236 736 276 circiter
766 236 916 289 olymp.
947 249 992 274 10
995 246 1034 289 5,
1056 250 1095 285 4.
1127 234 1191 274 cui
1222 233 1400 288 tempori
1431 232 1559 273 etiam
1588 232 1803 273 literarum

293 292 336 332 in
356 292 480 333 titulo
502 292 569 333 illo
594 306 724 346 genus
745 291 951 332 convenit.

355 361 417 392 ΙΙ,
457 361 517 402 13.
578 349 648 398 τὴν
696 347 834 401 πόλιν]
908 346 1093 387 Subaudi
1144 347 1282 386 αὐτῶν.
1373 344 1643 398 Amphipolin
1686 348 1804 397 puta.

352 460 625 513 παρειχόμεθ’]
673 459 818 499 Oitant
854 459 893 498 h.
922 459 946 498 l.
984 459 1180 497 Ammon.
1215 472 1245 496 s.
1268 472 1303 496 v.
1345 456 1532 509 παρέχειν
1572 471 1612 510 p.
1640 456 1729 496 168.
1763 459 1807 495 et

294 531 469 571 gramm.
494 516 587 555 MS.
609 531 675 569 ap.
698 515 853 555 Osann.
875 514 929 554 ad
952 514 1128 554 Philem.
1150 529 1188 567 p.
1214 524 1307 566 253.

357 586 419 621 11,
451 585 509 623 ¹4·
542 575 605 621 τῆς
629 570 834 624 Εὐβοέων]
858 574 924 620 τῆς
945 575 1020 610 τῶν
1044 569 1230 621 Εὐβοέων
1252 569 1370 608 codd.
1388 568 1548 621 aliquot
1568 572 1612 608 et
1631 580 1806 621 gramm.

299 628 469 667 Osanni.

359 697 420 731 ΙΙ,
450 697 508 734 17.
542 682 793 736 πραγμάτων]
831 682 1217 735 Amphipolitanum
1244 681 1397 720 bellum
1417 680 1653 720 constitisse
1676 679 1808 720 Athe-

299 739 509 779 niensibus
550 738 659 778 mille
701 738 889 778 (lucentis
930 738 1099 778 talentis
1140 738 1262 777 docet
1296 736 1514 790 Ulpianus,
1557 736 1648 789 plus
1689 739 1809 775 sexta

297 800 419 849 parte
454 794 758 835 aestimationis
794 794 883 849 agri
920 794 1066 841 Attici,
1096 808 1201 847 quae
1236 793 1327 841 fuit,
1354 797 1402 832 ut
1434 792 1475 831 in
1509 791 1698 832 oratione
1723 791 1810 842 περὶ

300 856 521 903 συμμοριῶν
548 850 733 904 legimus.
763 851 885 900 ἑξάκις
915 851 1055 902 χιλίων
1083 850 1299 890 ταλάντων.
1360 848 1664 888 Demosthenes
1687 847 1810 900 Olyn-

299 907 439 947 thiaca
474 907 656 947 secunda
683 920 788 959 1500
822 907 1026 946 ταλάντων
1058 905 1246 945 meminit
1277 909 1352 945 τῶν
1380 905 1504 954 μάτην
1533 903 1808 954 ἀνηλωμένων.

300 963 461 1003 Bellum
494 968 636 1003 autem
673 963 771 1002 illud
805 962 930 1001 fuisse
969 967 1057 1002 tam
1094 961 1286 1015 Philippo
1324 975 1447 1014 quam
1483 959 1811 999 Atheniensibus

299 1034 437 1073 grave,
474 1023 565 1059 tuin
605 1034 656 1058 ex
697 1019 975 1058 Demosthene
1017 1023 1195 1064 constat.
1233 1022 1322 1057 tum
1359 1032 1409 1056 ex
1447 1015 1646 1056 Isocratis
1686 1015 1812 1055 etiam

301 1075 548 1129 Philippica.
612 1075 804 1115 WOLF.

359 1132 545 1184 Μεθώνη]
584 1130 908 1184 Harpocration,
944 1134 1000 1169 M.
1027 1130 1283 1179 Δημοσθένης
1316 1132 1576 1169 Φιλιππικοῖς.
1619 1127 1732 1178 λέγοι
1765 1127 1814 1166 ἂν

299 1188 369 1237 τὴν
391 1189 435 1227 ἐν
457 1188 606 1241 Θρᾴκῃ,
630 1187 676 1236 ἣν
697 1190 916 1237 πολιορκῶν
938 1188 1134 1227 Φίλιππος
1157 1187 1317 1234 ἐξεκόπη
1348 1185 1415 1224 τὸν
1438 1184 1563 1233 δεξιὸν
1591 1184 1814 1235 ὀφθαλμόν.

303 1244 521 1295 Δημήτριος
553 1244 581 1283 δ’
616 1245 635 1282 ὁ
669 1245 835 1293 Μάγνης
867 1244 908 1282 ἐν
939 1246 1022 1283 ταῖς
1048 1243 1294 1291 Συνωνύμοις
1323 1242 1467 1280 πόλεσι
1493 1239 1688 1290 τέσσαρας
1717 1239 1818 1278 εἶναί

301 1305 400 1350 φησι
434 1301 638 1341 Μεθώνας.
702 1299 791 1338 11110
829 1303 989 1351 septem
1023 1298 1191 1337 fuerunt
1227 1297 1349 1350 hujus
1382 1295 1559 1335 nominis
1590 1296 1726 1342 urbes,
1764 1294 1815 1334 de

302 1355 452 1408 quibus
482 1370 518 1394 v.
542 1355 776 1395 Boehneck.
801 1355 972 1405 Quaest.
994 1353 1071 1394 vol.
1095 1367 1127 1392 1.
1150 1368 1188 1406 p.
1213 1366 1305 1403 207.
1367 1352 1504 1392 Notae
1534 1365 1634 1405 prae
1665 1349 1813 1390 ceteris

304 1416 402 1451 sunt
427 1412 657 1451 Methonae
682 1410 956 1450 Macedonica
977 1414 1019 1449 et
1043 1409 1259 1449 Thracica.

366 1480 425 1515 11,
456 1469 517 1506 18.
550 1468 760 1520 Παγασαί]
794 1465 1118 1519 Harpocration,
1136 1469 1185 1504 Π,
1206 1464 1464 1515 Δημοσθένης
1485 1465 1528 1503 ἐν
1550 1467 1814 1504 Φιλιππικοῖς.

304 1522 474 1562 ἐπίνειόν
497 1525 571 1563 εἰσι
594 1524 772 1574 Φεραίων
795 1524 833 1562 αἱ
855 1523 1059 1573 Παγασαὶ,
1082 1523 1131 1563 ὡς
1154 1523 1391 1572 Θεόπομπος
1414 1521 1456 1559 ἐν
1484 1522 1528 1569 τῇ
1559 1519 1710 1569 πέμπτῃ
1740 1522 1817 1558 τῶν

305 1582 552 1618 Φιλιππικῶν
574 1582 700 1628 δηλοῖ.

364 1635 526 1687 ἕκαστα]
561 1635 726 1674 ἕκαστον
747 1649 813 1687 ap.
838 1634 1038 1686 Hermog.
1058 1633 1135 1672 vol.
1150 1646 1189 1686 3.
1206 1648 1244 1685 p.
1263 1644 1360 1684 415.

368 1703 382 1729 1
398 1704 428 1738 1,
455 1702 519 1730 20.
553 1692 613 1729 ἑνί
631 1707 681 1743 τῳ
703 1689 858 1743 πρώτῳ]
894 1690 943 1728 111
967 1689 1007 1728 S.
1031 1691 1090 1728 ἑνί
1109 1690 1186 1738 (ἑνὶ
1207 1704 1232 1728 a
1253 1703 1305 1726 111.
1329 1688 1427 1737 sec.)
1451 1689 1501 1740 τῷ
1527 1687 1677 1739 πρώτῳ.
1739 1685 1818 1725 Re-

304 1746 538 1785 vocandum
575 1747 632 1785 ἑνὶ
664 1749 714 1799 τῷ
751 1747 898 1799 πρώτῳ.
942 1759 1118 1797 quocum
1162 1743 1369 1784 Frankius
1409 1742 1667 1796 comparavit
1709 1741 1817 1781 Isaei

305 1801 439 1841 locum
466 1816 504 1854 p.
526 1813 588 1851 72,
622 1812 687 1853 27.
730 1803 824 1852 πρὸς
847 1803 916 1841 ἕνα
945 1803 985 1840 δὲ
1010 1801 1078 1839 τὸν
1102 1805 1253 1851 πρῶτον
1280 1804 1356 1838 τῶν
1389 1803 1592 1849 συγγενῶν
1622 1797 1817 1849 προσάξω.

307 1857 476 1897 Lucian.
502 1857 751 1897 Hermotim.
774 1872 807 1896 c.
827 1859 894 1896 61.
939 1857 1026 1895 οὐδὲ
1053 1858 1299 1907 φιλοσοφίαν
1333 1854 1399 1906 ἀφ’
1425 1855 1513 1896 ἑνὸς
1537 1856 1590 1893 ὧν
1615 1854 1735 1906 φήσει
1762 1870 1819 1894 τις

301 1917 369 1952 τοῦ
390 1914 541 1964 πρώτου
560 1913 677 1963 μάθοι
699 1913 746 1952 ἂν
768 1913 925 1952 ἅπασαν
947 1914 1062 1951 ὁποία
1084 1913 1202 1951 ἐστίν.

359 1968 748 2021 προθύμως-αὐτοὶ]
808 1968 915 2008 Nam
953 1972 995 2007 et
1036 1967 1218 2021 segniter
1260 1981 1380 2020 opem
1431 1966 1628 2010 tulerunt,
1670 1964 1731 2004 ita
1771 1968 1819 2003 ut

305 2024 459 2064 auxilia
492 2039 583 2064 sero
609 2024 797 2064 venirent
825 2028 883 2077 (p.
901 2037 968 2074 50,
995 2026 1075 2073 10.)
1114 2038 1248 2076 neque
1285 2023 1443 2062 civilem
1475 2020 1716 2069 exercituin,
1747 2020 1819 2059 sed

304 2080 580 2121 mercenarios
602 2080 817 2120 miserunt.
852 2079 1073 2119 FRANK.
1136 2079 1252 2119 Gonf.
1274 2079 1328 2119 ad
1351 2094 1390 2132 p.
1414 2092 1473 2125 10,
1500 2079 1564 2116 26.

366 2150 378 2174 1
396 2150 427 2182 1,
454 2148 517 2175 21.
540 2135 914 2189 ῥᾴονι-Φιλίππῳ]
948 2135 1063 2175 Oitat
1087 2135 1268 2175 Thomas
1294 2135 1354 2173 M.
1378 2149 1417 2187 p.
1438 2134 1530 2185 778,
1554 2147 1613 2185 sq.
1626 2131 1820 2184 faciliore

304 2191 495 2231 ‹lebstllam
517 2198 551 2231 et
571 2192 690 2231 multo
716 2191 899 2231 debiliore
924 2205 1029 2230 mmo
1053 2197 1250 2230 ‘uterinum‘
1271 2190 1466 2243 Philippo
1481 2205 1493 2228 .·
1527 2202 1577 2227 110
1604 2188 1654 2227 de
1680 2187 1818 2227 animo

307 2246 489 2300 Philippi
512 2247 731 2301 intelligas.
766 2247 1098 2287 SOHAEFER.

370 2315 382 2340 1
401 2316 431 2349 1,
458 2315 520 2343 22.
556 2306 624 2342 νῦν
646 2302 706 2356 δὲ]
741 2307 810 2342 νῦν
830 2317 912 2341 11011
934 2307 1098 2354 tempus
1120 2315 1317 2354 praesens
1339 2299 1556 2353 significat,
1581 2299 1652 2338 sed
1676 2299 1819 2338 adver-

307 2358 440 2398 sativa
462 2372 493 2397 s
517 2359 798 2409 συλλογιστικῗ]
830 2358 1035 2411 particula
1057 2362 1132 2402 est„
1156 2371 1236 2409 quo
1259 2370 1380 2395 sensu
1406 2355 1646 2407 plerumque
1670 2359 1738 2394 νῦν
1759 2356 1817 2402 δὲ,

308 2414 441 2453 rarius
474 2415 556 2453 νυνὶ
593 2416 648 2461 δὲ,
674 2414 783 2466 quod
817 2413 881 2452 hic
915 2413 955 2452 in
989 2411 1198 2452 codicibus
1230 2411 1477 2465 quibusdam
1509 2411 1710 2463 scriptum
1741 2415 1817 2458 est,

308 2470 471 2509 (licitur.
533 2469 765 2523 Utriusque
793 2469 983 2522 exempla
1011 2468 1176 2521 collegit
1200 2468 1246 2507 L.
1267 2467 1510 2506 Dindorfius
1540 2466 1581 2505 in
1604 2466 1819 2505 Thesauro

309 2526 641 2578 νο1.5.11.1611.

371 2595 431 2627 11.
459 2594 522 2633 23.
555 2581 741 2635 σχήσειν]
795 2581 889 2620 Hoc
924 2594 1044 2619 sensu
1082 2579 1277 2620 usitatius
1313 2583 1376 2619 est
1415 2579 1527 2627 ἕξειν·
1575 2578 1646 2617 50(1
1687 2577 1821 2617 altera

308 2637 440 2676 fornia
478 2652 560 2676 11011
594 2638 725 2676 50111111
760 2642 909 2691 poetae
945 2635 1008 2674 usi
1045 2641 1142 2675 sunt
1179 2636 1247 2675 ubi
1284 2644 1418 2674 metro
1455 2634 1671 2673 commoda
1711 2637 1820 2673 esset

312 2693 443 2743 (velut
466 2693 590 2746 Soph.
616 2694 685 2744 Aj.
709 2695 804 2743 684.
848 2692 938 2732 ἀλλ’
983 2693 1081 2742 ἀμφὶ
1121 2694 1193 2741 μὲν
1229 2693 1423 2731 τούτοισιν
1460 2691 1500 2729 εὖ
1537 2689 1713 2741 σχήσει),
1748 2689 1821 2728 sed

310 2749 519 2788 interdum
551 2750 677 2789 etiam
709 2764 857 2803 prosae
879 2747 1079 2788 orationis
1105 2747 1342 2801 scriptores,
1365 2746 1474 2785 inter
1495 2759 1645 2797 eosque
1670 2744 1819 2784 Demo-

311 2804 478 2843 sthenes
500 2805 585 2857 ipse
607 2805 837 2858 aliquoties.
861 2805 973 2844 velut
995 2818 1035 2855 p.
1051 2804 1116 2850 61,
1136 2816 1201 2855 23.
1243 2805 1389 2855 ἐχθρῶς
1412 2800 1617 2853 σχήσουσι.

375 2873 435 2905 11,
461 2872 524 2910 27.
558 2861 767 2900 Dubitant
803 2860 1054 2913 interpretes
1091 2863 1230 2898 utrum
1266 2862 1362 2911 post
1395 2874 1448 2897 τις
1488 2870 1541 2895 an
1580 2860 1675 2908 post
1711 2856 1820 2896 οὗτος

313 2928 472 2953 comma
507 2930 658 2967 ponere
700 2920 897 2969 praestet.
960 2914 1129 2954 Rectius
1164 2914 1372 2954 Frankius
1413 2916 1635 2957 commata,
1671 2911 1819 2962 quibus
