1914 3184
219 116 271 154 12
747 115 1202 156 PROLEGOMENA

214 218 449 273 apparebit,
473 234 547 259 nec
575 223 638 260 est
669 219 723 259 ab
746 219 828 259 ullo
855 233 1037 272 unquam
1065 218 1324 258 eruditorum
1345 219 1479 273 primo
1500 220 1589 261 1000
1610 220 1729 262 00110-

216 279 325 315 cata.

274 337 296 353 ‘⁶
316 330 427 370 Huic
444 330 567 370 affine
584 336 890 386 cognatumque
912 331 1011 370 illud
1030 335 1094 371 est
1110 331 1301 379 alterum,
1316 332 1426 385 quod
1446 346 1497 371 ex
1513 347 1730 387 argumen-

212 392 353 427 torum
375 387 687 440 comparatione
709 386 970 441 perspicitur,
995 387 1115 440 plane
1139 386 1343 426 diversum
1373 388 1520 441 cuique
1548 389 1730 429 orationi

213 443 431 483 consilium
453 443 659 496 finemque
691 442 951 497 propositum
972 443 1109 482 fuisse.
1172 442 1280 483 Nam
1301 443 1436 497 prima
1463 444 1730 485 manifestum

212 503 276 539 est
299 499 340 538 id
361 499 554 552 consequi
578 504 788 539 oratorem
810 498 997 547 voluisse,
1022 506 1069 539 ut
1091 498 1327 539 voluntatem
1348 499 1496 539 civium
1519 515 1729 555 expugna-

213 560 279 595 ret
309 560 437 608 atque
469 555 667 608 conjectis
698 555 739 594 in
770 569 898 594 unum
930 555 1121 595 omnibus
1151 560 1493 609 argumentorum
1515 557 1631 610 quasi
1658 557 1729 598 sti-

211 611 334 650 mulis
367 611 632 664 compelleret
666 626 725 659 eo,
760 615 807 651 ut
848 611 1095 651 decernerent
1133 612 1319 652 oblatum
1355 613 1500 652 foedus
1539 613 1727 667 accipere

212 668 447 720 bellumque
479 682 603 721 quam
632 667 845 708 celerrime
875 682 1050 720 parare;
1094 668 1275 708 secunda
1307 682 1415 716 vero,
1452 673 1500 708 ut
1531 673 1645 709 metu
1678 684 1728 710 ex

212 723 361 763 civium
391 723 541 763 animis
572 724 790 763 eximendo
822 723 1155 777 stimulandaque
1181 738 1324 764 corum
1354 724 1415 764 ira
1441 725 1495 764 ad
1520 732 1727 765 maturan-

210 780 305 819 dam
335 779 709 834 accelerandamque
739 779 1046 834 expeditionem
1082 780 1278 834 populum
1314 786 1599 833 permoveret:
1646 797 1727 835 quo

210 835 393 889 pertinet
413 836 551 889 gravis
572 836 641 876 illa
662 842 705 876 et
727 836 893 890 copiosa
918 836 1179 876 Macedonici
1208 836 1323 891 regni
1353 852 1597 890 morumque
1618 839 1727 892 regis

211 891 451 945 descriptio,
469 907 575 945 quae
597 892 673 932 nisi
702 893 779 932 hoc
803 898 912 932 essct
934 892 1104 932 consilio
1126 892 1345 947 explicata,
1364 894 1539 933 molesta
1560 908 1658 934 sane
1679 909 1727 934 ac

210 948 362 1002 frigida
383 948 554 993 fuisset;
590 949 719 988 tertia
740 949 929 1002 denique,
954 963 1080 1002 quum
1103 949 1281 989 decretis
1302 949 1466 989 auxiliis
1487 949 1599 998 nihil,
1616 951 1727 1003 quod

210 1004 472 1044 satisfaceret
513 1005 828 1058 exspectationi,
872 1009 1013 1044 actum
1053 1010 1174 1049 esset„
1216 1006 1477 1059 majoresque
1517 1007 1726 1060 parandas

210 1060 351 1114 copias
380 1075 469 1100 esse
500 1075 638 1100 rerum
671 1060 910 1101 discrimina
940 1061 1181 1109 clamarent,
1210 1066 1267 1107 ut,
1292 1062 1441 1114 quibus
1472 1062 1514 1101 id
1545 1062 1726 1103 consiliis

209 1117 416 1171 consequi,
458 1122 701 1170 sumtusque
736 1117 846 1157 tanti
883 1117 978 1156 belli
1019 1118 1128 1156 unde
1163 1132 1311 1171 parare
1352 1123 1533 1172 possent,
1571 1118 1725 1159 civibus

210 1174 463 1213 ostenderet.
527 1173 678 1213 Totam
701 1173 810 1213 enim
831 1174 938 1213 hanc
961 1173 1193 1213 orationem
1225 1173 1265 1213 id
1294 1175 1545 1214 contendere
1573 1179 1615 1215 et
1646 1175 1725 1215 ela-

208 1230 371 1277 borare,
394 1234 441 1269 ut
463 1229 626 1269 scenica
649 1229 857 1283 stipendia
879 1229 984 1269 cives
1006 1229 1058 1269 ad
1081 1229 1282 1269 militares
1303 1231 1490 1270 conferre
1511 1245 1608 1270 usus
1629 1245 1724 1271 con-

210 1286 446 1333 stituerent,
469 1285 735 1326 manifestum
758 1291 833 1326 est.
896 1286 990 1325 Hoc
1024 1286 1132 1325 enim
1160 1286 1330 1326 consilio
1356 1287 1501 1327 statim
1531 1288 1584 1327 ab
1606 1287 1725 1328 initio

213 1344 271 1395 (p.
299 1355 362 1393 29,
386 1356 424 1394 5,
448 1350 572 1395 sqq.),
596 1357 719 1395 quam
742 1342 782 1381 in
810 1342 1021 1395 praesenti
1050 1357 1187 1381 rerum
1216 1343 1454 1383 conditione
1483 1358 1549 1383 res
1574 1358 1725 1397 anceps

209 1398 264 1438 sit
296 1402 338 1438 et
370 1398 610 1451 periculosa,
638 1413 732 1446 non,
760 1398 860 1452 quid
887 1398 1120 1438 faciendum
1153 1399 1207 1438 sit
1237 1399 1405 1447 civibus,
1435 1399 1629 1449 invenire,
1652 1401 1725 1440 sed

210 1454 417 1508 quomodo
439 1454 603 1494 suaderi
623 1455 844 1509 rogarique
865 1454 963 1493 illud
988 1454 1154 1508 impune
1175 1455 1318 1508 possit,
1337 1455 1614 1509 significatum
1635 1461 1720 1503 est;

209 1510 286 1550 hoc
323 1510 503 1558 consilio,
542 1515 600 1559 ut,
636 1525 717 1550 non
751 1510 792 1549 in
826 1510 889 1559 iis,
923 1525 1028 1564 quae
1061 1511 1230 1551 decreta
1261 1516 1304 1552 et
1334 1512 1445 1552 facta
1476 1518 1626 1561 essent,
1658 1527 1723 1553 ac-

211 1566 516 1620 quiescendum,
555 1567 627 1606 sed
663 1572 851 1606 extrema
882 1567 970 1620 jam
1006 1567 1257 1621 experienda
1293 1582 1382 1608 esse
1418 1569 1722 1623 comprobaret,

210 1623 506 1663 documentum
535 1637 585 1662 ex
614 1623 792 1676 pristina
821 1623 945 1663 affert
976 1624 1188 1670 memoria,
1212 1639 1338 1678 quum
1364 1625 1616 1665 decrevisset
1638 1625 1724 1678 qui-

209 1679 303 1718 dem
340 1679 516 1733 populus
552 1679 709 1719 validas
742 1680 782 1719 in
818 1679 1039 1719 Thraciam
1075 1680 1244 1720 mittere
1285 1680 1437 1734 copiaS,
1475 1681 1546 1721 sed
1588 1682 1724 1721 denuo

209 1735 422 1774 demersus
453 1735 604 1775 inertia
638 1740 725 1775 tam
756 1735 871 1775 tenui
903 1750 990 1775 rem
1023 1750 1148 1775 manu
1180 1736 1390 1790 gessisset,
1424 1742 1470 1777 ut
1501 1737 1600 1776 nulli
1629 1738 1724 1777 inde

208 1791 369 1831 fructus
414 1796 769 1844 consequerentur
812 1796 870 1845 (p.
915 1804 978 1844 29,
1025 1793 1068 1831 18
1111 1792 1642 1846 500.)-;(]110111ῑι(11110(111111
1682 1793 1723 1832 111

208 1847 343 1900 prima
377 1847 564 1887 oratione
606 1848 735 1900 rejecti
760 1848 942 1900 foederis
975 1852 1017 1887 et
1057 1849 1243 1902 neglectae
1281 1849 1377 1889 belli
1418 1849 1725 1903 opportunitatis

208 1903 396 1956 exempla
418 1904 571 1957 populo
592 1905 921 1956 exprobraverat
944 1908 1003 1957 (p.
1023 1917 1036 1942 1
1055 1917 1062 1942 1
1078 1936 1087 1951 ,
1103 1906 1274 1956 7—26.)
1287 1905 1438 1950 ;—hoc
1455 1905 1623 1945 consilio
1640 1920 1723 1945 non

208 1959 339 1998 solum
360 1960 447 2013 ipse
469 1960 519 1999 de
541 1959 609 1999 illa
630 1959 809 2000 maxime
830 1974 875 1999 re
896 1959 973 1999 sibi
996 1961 1122 2000 verba
1142 1960 1332 2001 facienda
1354 1961 1575 2001 denuntiat
1595 1966 1724 2015 atque

207 2029 300 2054 eam
317 2020 517 2069 tanquam
540 2030 742 2055 summam
760 2015 961 2056 orationis
983 2030 1081 2055 suae
1101 2017 1366 2070 persequitur
1389 2020 1447 2071 (p.
1462 2031 1528 2070 31,
1545 2020 1582 2066 6,
1598 2020 1722 2071 sqq),

209 2071 281 2110 sed
303 2071 530 2111 identidem
555 2072 609 2111 ad
631 2072 805 2111 eandem
826 2086 912 2111 rem
935 2076 977 2111 et
998 2072 1049 2112 ad
1073 2072 1185 2112 illam
1205 2073 1544 2122 admonitionem,
1568 2078 1615 2114 ut
1636 2073 1724 2113 dul-

209 2126 325 2165 cibus
356 2127 444 2180 jam
479 2127 597 2167 utilia
628 2128 879 2181 praeferant,
912 2128 1089 2168 recurrit
1122 2131 1180 2182 (p.
1212 2142 1279 2183 33,
1308 2142 1370 2183 ¹3·
1406 2143 1473 2183 34,
1503 2141 1541 2183 5,
1573 2143 1631 2178 11,
1658 2142 1721 2169 21.

207 2184 274 2235 36,
310 2195 373 2235 25.
417 2193 484 2235 37,
522 2184 583 2222 18.
627 2185 694 2236 38,
736 2197 747 2222 1
784 2188 827 2223 et
868 2186 974 2237 13.);
1021 2184 1197 2238 denique
1228 2185 1374 2225 eodem
1404 2185 1627 2239 magnifica
1653 2185 1722 2226 illa

209 2237 409 2290 pristinae
423 2238 591 2278 virtutis
611 2244 654 2278 et
675 2239 879 2292 majorum
901 2239 1118 2293 dignitatis
1139 2255 1232 2280 cum
1256 2241 1318 2280 sui
1339 2241 1538 2294 temporis
1555 2241 1723 2282 lascivia

208 2297 252 2332 et
273 2293 472 2333 dedecore
494 2294 751 2347 comparatio
773 2294 956 2348 pertinet
979 2299 1037 2348 (p.
1059 2309 1126 2348 34,
1152 2299 1327 2350 16—37,
1353 2299 1448 2349 13.).

267 2356 290 2370 “
313 2349 431 2389 Haec
458 2354 599 2389 autem
621 2355 734 2389 recte
761 2365 786 2389 a
807 2350 925 2389 nobis
947 2365 1036 2390 esse
1061 2351 1287 2404 disputata,
1311 2367 1437 2406 quum
1458 2367 1510 2392 ex
1530 2353 1722 2393 universa

208 2404 445 2444 orationum
486 2405 825 2452 conformatione,
868 2406 1101 2459 quicunque
1144 2407 1385 2461 incorrupto
1433 2408 1523 2448 illas
1564 2408 1720 2462 judicio

208 2460 488 2514 perpenderit,
513 2461 589 2500 sibi
610 2461 891 2514 persuadebit,
914 2466 1004 2501 tum
1027 2477 1077 2502 ex
1098 2463 1147 2502 iis
1169 2464 1268 2503 locis
1290 2464 1549 2518 intelligitur,
1571 2464 1720 2518 quibus

208 2516 366 2555 ferendi
387 2516 527 2556 auxilii
550 2518 841 2557 necessitatem
871 2522 913 2558 et
940 2519 1145 2559 rationem
1173 2524 1318 2560 orator
1338 2520 1570 2574 explicavit.
1632 2520 1720 2560 Ho-

208 2586 299 2610 rum
327 2572 437 2611 enim
462 2573 645 2613 locorum
672 2588 720 2613 ea
748 2588 891 2613 rursus
919 2579 1071 2615 natura
1101 2580 1177 2623 est,
1200 2580 1247 2615 ut
1277 2576 1318 2614 in
1350 2576 1485 2630 prima
1505 2577 1559 2616 ad
1581 2577 1720 2616 decer-

208 2628 398 2676 nendam,
421 2628 462 2667 in
485 2629 665 2669 secunda
691 2629 746 2669 ad
771 2631 1076 2678 maturandam,
1100 2631 1138 2670 in
1162 2631 1290 2672 tertia
1311 2632 1487 2685 denique
1508 2632 1563 2672 ad
1584 2646 1719 2686 perse-

209 2684 414 2736 quendam
436 2699 596 2725 summa
616 2685 763 2725 virium
784 2687 1048 2726 contentione
1071 2688 1376 2741 expeditionem
1398 2688 1649 2742 pertineant.

266 2744 289 2760 “
314 2739 362 2778 In
383 2740 516 2792 prima
538 2740 666 2794 igitur
687 2747 922 2795 temporum
944 2743 1147 2783 rationem
1169 2744 1380 2798 postulare
1401 2745 1461 2784 ait
1482 2749 1529 2784 ut
1550 2758 1718 2783 manum

209 2794 286 2832 illis
308 2795 431 2834 rebus
452 2795 559 2835 cives
580 2797 843 2845 admoveant,
866 2813 905 2851 p.
929 2812 978 2850 9:
1013 2800 1071 2838 ὅτι
1091 2803 1167 2839 τῶν
1189 2800 1426 2851 πραγμάτων
1447 2802 1536 2849 ὑμῖν
1558 2799 1718 2839 ἐκείνων

210 2850 337 2891 αὐτοῖς
359 2852 615 2900 ἀντιληπτέον
639 2854 843 2892 {erre-ut
871 2854 1082 2894 decernant
1103 2869 1222 2908 opem
1243 2855 1350 2895 ferre
1380 2860 1419 2895 et
1449 2869 1571 2908 quam
1593 2855 1715 2894 celer-
