1935 3205
638 138 1046 178 l‘lt.t'l‹]1‹'.x'l‘1‹).
1519 137 1597 176 xlix

782 287 814 327 §-
847 297 901 329 ¹3-

494 359 550 392 l)c¹
573 359 837 393 Commentariis
859 359 890 392 in
920 359 1200 393 IJcmostlwnem.

143 431 476 467 Commentatores
502 432 536 466 in
563 432 857 468 Demosthenem
889 433 1108 468 recentioris
1129 432 1210 467 aevi
1243 432 1364 466 nullos
1387 433 1473 466 novi
1497 445 1601 478 prae-

89 502 147 532 ter
168 510 243 537 eos,
267 508 360 542 quos
382 498 460 543 jum
483 497 688 537 nominavi,
714 495 905 537 &Volfiuu'n
927 497 1142 544 Tathum.
1167 496 1228 543 qui
1256 495 1331 530 (luo
1353 504 1439 529 sunt
1462 495 1601 542 princi-

89 572 167 607 pCS,
199 568 236 594 et
267 560 357 594 istos
389 560 543 594 minoris
574 560 783 607 dignitatis,
809 561 1101 601 Lu(·che>;inum,
1122 560 1370 599 Tourelhum,
1400 567 1437 593 et
1470 559 1604 593 Lelan-

90 624 193 659 ‹lum.
262 623 359 658 Nam
406 624 599 666 schottus,
635 624 791 663 l'etitus,
830 624 1014 663 Valesius,
1055 624 1277 663 Salmasius,
1313 623 1461 658 tametsi
1502 623 1604 657 locos

92 687 364 723 Demosthenis
393 687 531 722 multos
560 696 826 735 exposuerunt,
850 694 976 722 tamen
1009 688 1182 734 professis
1213 687 1478 734 interpretibus
1504 686 1603 720 haud

90 751 270 787 videntur
303 751 590 786 annumerandi.
649 751 830 786 Veterum
868 751 958 786 nulli
993 752 1038 786 ad
1072 764 1140 786 nos
1175 756 1425 798 pervenerunt
1461 751 1497 784 in
1534 750 1605 785 De-

91 815 227 850 mosth.
261 814 523 850 commentarii
555 823 705 862 praeter
733 815 808 855 illa,
841 827 938 862 quae
971 815 1038 850 sub
1071 814 1220 861 Ulpiani
1255 814 1408 849 nomine
1444 814 1604 849 circum-

90 878 277 918 feruntur,
298 878 520 927 fragmenta,
542 878 616 913 alia
635 879 672 914 in
695 879 777 914 aliis
801 879 1004 919 codicibus,
1027 878 1134 925 plura
1154 878 1394 925 pauciorave,
1418 877 1606 912 deteriora

90 949 157 978 aut
176 942 343 977 meliora.
402 942 515 977 Multi
536 943 625 978 olim
647 943 790 978 scholia
808 943 846 978 in
869 943 983 978 Dem.
1006 943 1199 990 scripsere.
1260 941 1438 977 Meminit
1462 941 1604 987 Diony-

91 1006 169 1041 sius
193 1005 388 1041 Halicarn.
408 1004 633 1041 Callimachi
661 1006 817 1055 alicujus
841 1007 975 1042 vetusti
1001 1006 1230 1042 enarratoris
1251 1006 1361 1040 Dem.
1387 1005 1434 1039 ΙΙ.
1462 1016 1546 1050 171,
1570 1004 1604 1038 6.

92 1082 112 1105 e
143 1082 218 1117 quo
248 1070 332 1105 loco
363 1077 481 1117 paret,
508 1073 586 1118 jam
622 1070 792 1118 Dionysii
824 1076 948 1105 aetate
980 1071 1177 1106 conditum
1211 1069 1325 1105 fuisse
1355 1070 1468 1107 hunc,
1492 1081 1605 1115 quem

92 1133 202 1169 hodie
222 1133 421 1175 habemus,
443 1134 549 1181 quasi
575 1146 763 1170 canonem
784 1134 985 1169 Demosth.
1008 1134 1237 1169 orationum.
1288 1132 1483 1167 Fabricius
1507 1132 1603 1167 nihl.

92 1197 159 1233 Gr.
177 1197 253 1233 vol.
273 1210 303 1233 1.
323 1210 357 1245 p.
377 1198 465 1244 928.
488 1198 556 1233 hos
577 1206 853 1233 commemorat
875 1198 930 1232 his
950 1198 1074 1233 verbis
1097 1204 1117 1216 “
1134 1197 1254 1233 Coelii
1276 1196 1462 1232 Calactini
1487 1196 1604 1231 Siculi

92 1262 253 1297 rhetoris
280 1262 461 1308 σύγκρισις
481 1263 718 1305 Δημοσθένους
744 1264 796 1296 καὶ
824 1263 1018 1307 Κικέρωνος,
1041 1261 1222 1307 σύγκρισις
1243 1268 1327 1305 Δημ.
1350 1262 1401 1294 καὶ
1431 1261 1606 1305 Αἰσχίνου,

91 1325 189 1361 liber
225 1327 301 1370 περὶ
331 1326 581 1368 Δημοσθένους,
616 1329 706 1360 ποῖοι
745 1326 847 1359 αὐτοῦ
881 1328 978 1370 λόγοι
1011 1325 1146 1370 γνήσιοι
1178 1326 1229 1358 καὶ
1266 1326 1357 1357 ποῖοι
1391 1325 1493 1363 νόθοι,
1527 1331 1606 1358 turn

93 1390 312 1434 ὑπομνήματα
343 1389 485 1424 Zosimi
515 1390 669 1429 Gazaei,
692 1389 859 1424 Zenonis
890 1388 1032 1431 Cittiei‚
1055 1401 1130 1423 non
1162 1387 1380 1423 Stoicorum
1412 1388 1607 1435 principis,

93 1453 156 1489 sed
178 1453 350 1492 rhetoris,
372 1460 408 1487 et
430 1452 600 1488 Sallustii
629 1453 821 1500 sophistae
848 1453 883 1487 in
909 1453 1223 1495 Demosthenem,
1246 1464 1406 1499 quorum
1435 1451 1609 1486 meminit

93 1517 244 1557 Suidas‚
266 1516 575 1552 interciderunt.'’
626 1516 735 1551 Wolf
753 1517 789 1552 in
812 1516 1047 1564 praefatione
1069 1517 1113 1552 ad
1140 1516 1290 1563 Ulpiani
1312 1515 1608 1551 commentarios
1624 1525 1685 1548 ων

95 1587 116 1599 “
132 1579 207 1616 Sed
225 1593 310 1616 cum
329 1581 488 1616 aliorum
509 1581 763 1628 complurium
782 1581 903 1616 editos
924 1581 960 1615 in
979 1581 1278 1616 Demosthenem
1298 1580 1606 1619 commentarios,

94 1644 159 1692 qui
188 1657 301 1692 saepe
330 1645 367 1679 in
397 1645 469 1680 hoc
498 1657 613 1692 opere
643 1645 823 1685 citantur,
852 1645 1066 1694 cujusmodi
1095 1653 1184 1680 sunt
1213 1644 1375 1692 Apsinis‚
1400 1644 1608 1683 Genethlii,

94 1708 315 1756 Aesculapii
335 1709 552 1751 Alexandri,
579 1709 748 1752 Diocori,
778 1709 958 1749 Zenonis,
980 1709 1143 1757 Aspasii‚
1173 1715 1210 1744 et
1238 1709 1410 1750 aliorum,
1433 1721 1452 1743 e
1473 1708 1610 1755 quibus

95 1772 216 1808 multa
230 1772 268 1808 in
287 1772 493 1820 Ulpianum
513 1773 697 1808 translata
718 1773 924 1821 suspicor.'’
969 1773 1012 1808 In
1029 1773 1197 1808 Zenonis
1215 1773 1261 1808 ab
1280 1772 1446 1819 Ulpiano
1468 1770 1610 1807 laudati

95 1845 258 1873 aetatem
280 1836 437 1885 inquirit
453 1837 652 1885 Chapman
673 1837 759 1873 diss.
777 1837 821 1872 de
841 1837 1005 1884 Ulpiano
1027 1840 1058 1881 ξ.
1075 1849 1112 1882 4.
1132 1837 1326 1872 collocans
1347 1849 1433 1872 eum
1459 1837 1495 1870 in
1515 1843 1610 1870 tcm-

95 1901 249 1949 poribus
269 1901 412 1937 Juliani
434 1902 527 1950 Aug.
582 1901 642 1937 De
665 1900 820 1936 Caecilii
843 1901 1127 1936 commentariis
1147 1901 1261 1935 variis
1287 1899 1325 1935 in
1350 1900 1551 1935 Demosth.
1575 1906 1613 1934 et

95 1965 189 2000 alios
203 1965 270 2001 Gr.
284 1972 454 2001 oratores
470 1978 503 2000 v.
523 1964 659 2013 Script.
676 1965 775 2000 Hist.
790 1965 884 2000 Phil.
897 1965 1021 2000 Jonsii
1038 1965 1109 2000 III.
1132 1977 1161 1999 1.
1176 1977 1212 2011 p.
1228 1977 1264 2009 4,
1281 1976 1315 2011 5.
1335 1976 1499 2011 quocum
1521 1976 1610 1998 con-

95 2029 273 2065 ferendus
294 2029 535 2065 Valckenaer
563 2029 766 2065 Animadv.
789 2029 834 2064 ad
865 2030 1043 2064 Ammon.
1076 2041 1111 2076 p.
1126 2039 1196 2082 95.
1229 2028 1291 2075 qui
1326 2027 1430 2062 illum
1460 2026 1612 2062 refutat.

96 2093 296 2141 Antipater
330 2093 643 2141 Hierapolitanus
679 2095 726 2139 (V.
750 2093 859 2128 Fabr.
887 2093 929 2128 B.
953 2094 1000 2128 G.
1025 2104 1060 2139 9.
1092 2105 1129 2140 p.
1154 2093 1261 2138 275.)
1295 2091 1545 2135 Ὀλυμπιακούς
1578 2107 1614 2125 τε

97 2157 174 2201 ἡμῖν
193 2156 279 2200 διῄει
306 2158 358 2190 καὶ
378 2157 650 2200 Παναθηναϊκοὺς
671 2156 866 2200 (Isocratis
894 2162 931 2192 et
951 2156 1144 2198 Aristidis)
1169 2157 1306 2201 λόγους.
1365 2155 1614 2190 Philostratus

97 2220 136 2256 in
157 2223 236 2269 ejus
256 2220 335 2255 vita
354 2232 389 2267 p.
412 2220 503 2255 606.
552 2220 754 2267 Aspasium
776 2220 967 2255 rhetorem
989 2227 1267 2255 commemorat
1287 2219 1444 2254 Photius
1466 2219 1503 2254 in
1526 2219 1615 2254 arti-

98 2284 186 2321 culo
220 2284 266 2320 de
296 2283 560 2320 Demosthene
589 2283 687 2319 Bibl.
716 2296 753 2318 n.
778 2284 864 2331 265.
914 2283 1075 2319 Videtur
1113 2295 1194 2319 esse
1228 2283 1399 2330 Byblius‚
1431 2283 1613 2330 sophista,

98 2349 267 2396 aequalis
298 2348 484 2384 Aristidis.
508 2361 542 2383 v.
565 2348 674 2384 Fabr.
697 2361 734 2396 9.
762 2362 798 2396 p.
822 2349 912 2395 667.
934 2349 1000 2384 ubi
1030 2357 1068 2384 et
1097 2349 1161 2384 alii
1190 2349 1353 2396 Aspasii.
1412 2348 1615 2396 Asclepius

98 2413 276 2461 sophista.
306 2412 416 2448 Fabr.
439 2425 474 2457 4.
505 2425 541 2460 p.
563 2423 653 2460 479.
684 2412 783 2448 conf.
806 2413 881 2449 vol.
904 2425 941 2458 4.
965 2426 1000 2461 p.
1023 2423 1058 2460 5.
1118 2413 1177 2448 De
1207 2413 1415 2448 Genethlio
1446 2425 1480 2447 v.
1509 2413 1613 2447 Suid.

99 2477 200 2525 apud
229 2476 340 2512 Fabr.
367 2488 405 2524 9.
435 2489 472 2524 p.
495 2486 582 2524 705,
605 2489 642 2524 9.
702 2477 857 2525 Ulpiani
889 2477 993 2512 varii.
1025 2477 1136 2512 Fabr.
1166 2489 1203 2524 9.
1234 2489 1270 2524 p.
1303 2476 1390 2523 815.
1449 2477 1615 2524 Apsiuae

99 2540 206 2576 varii.
236 2540 346 2576 Fabr.
368 2552 403 2587 9.
426 2552 462 2588 p.
487 2541 575 2588 859.
634 2541 891 2589 Hermogenis
921 2553 1016 2588 opus
1044 2542 1122 2586 περὶ
1146 2541 1290 2584 μεθόδου
1319 2541 1510 2583 δεινότητος
1537 2553 1614 2575 non

99 2604 315 2640 absolutum
337 2604 384 2640 ab
404 2604 499 2652 ipso,
517 2604 581 2640 sed
603 2613 799 2640 auctorem
821 2607 900 2653 ejus
921 2604 1146 2639 Minuciano
1167 2611 1283 2650 atque
1304 2604 1432 2650 Apsini
1452 2603 1615 2637 multum

100 2667 252 2707 debere,
274 2667 389 2703 tradit
416 2667 636 2703 Matthaeus
663 2668 884 2703 Camariota
912 2667 950 2702 in
977 2666 1215 2714 Compendio
1238 2665 1464 2700 Rhetorices
1494 2678 1529 2713 p.
1556 2677 1613 2701 22.

99 2731 231 2767 Plures
261 2730 366 2765 fuere
396 2730 556 2777 Apsines
585 2731 908 2766 rhetores—forte
939 2738 996 2765 est
1025 2730 1184 2777 Apsines
1217 2729 1385 2764 Phoenix
1418 2728 1615 2763 Gadaren-

100 2794 239 2830 sis—v.
262 2794 371 2829 Fabr.
393 2805 431 2838 4.
452 2806 488 2841 p.
509 2806 601 2841 459.
623 2795 713 2839 460.
770 2794 896 2829 Cruda
922 2793 1015 2828 haec
1042 2801 1078 2828 et
1107 2792 1305 2841 indigesta,
1329 2799 1370 2827 ut
1396 2792 1545 2833 videtis,
1568 2805 1615 2827 ex

101 2857 337 2899 adversariis,
370 2864 412 2892 ut
440 2857 530 2893 illuc
564 2857 784 2897 retuleram,
816 2855 961 2904 repetii,
993 2856 1203 2897 materiam,
1235 2856 1272 2890 in
1304 2868 1378 2903 qua
1408 2855 1614 2904 digerenda

101 2922 242 2969 posteri
265 2921 429 2957 editores
451 2921 665 2956 elaborent.

848 2984 870 3018 tl
