1950 3210
674 134 784 173 PRO
817 133 1068 173 (tonoNA.
1542 135 1624 172 §5555

114 240 314 290 γειομένη.
350 243 528 294 (quanto
554 241 750 293 majorem
778 240 904 280 addet
932 237 1282 292 pulc-luitudinom
1309 236 1445 290 duplic
1449 246 1519 276 ειιῖι
1553 252 1626 290 pm

113 296 319 349 stJgiam
357 311 427 335 seu
463 297 798 349 conjugationfm
836 296 937 335 haee
974 294 1215 347 vpanaplioi
1217 309 1254 336 ει
1291 294 1366 332 hoc
1403 299 1479 340 νει,
1513 311 1626 363 μεχρι

114 351 241 390 toties
263 367 354 391 cum
379 354 449 394 ἕως
470 352 600 405 vopul:
603 359 720 392 itum.
728 355 741 399 )
775 352 817 390 τὸ
845 354 919 403 γὰρ
939 351 1053 402 μέχρι
1077 351 1136 388 καὶ
1156 349 1272 401 μέχρι
1295 350 1356 388 καὶ
1382 351 1450 390 ἓως
1474 366 1534 388 και
1557 351 1627 390 ἕως

114 409 210 446 κατὰ
250 409 435 458 συζυγίαι
476 425 545 457 τηι
587 410 842 458 ἐπαιαφορίιυ
888 408 984 459 ἔχει.
1051 405 1262 458 Ejusmodi
1306 405 1624 458 disputationes,

114 463 297 502 tenebris
328 465 557 502 soculorum
590 463 932 503 scholasticorum
960 462 1122 515 dignae,
1145 467 1312 514 captum
1346 475 1480 500 meum
1508 475 1625 514 supe-

115 523 223 557 rant.
287 519 528 559 Alexander
551 520 712 559 Rhotor
734 534 772 572 p.
796 522 863 557 62.
901 520 1086 567 πεποίηκε
1120 519 1159 556 δὲ
1197 517 1452 566 Δημοσθένης
1486 518 1546 555 καὶ
1575 521 1626 556 δι-

113 576 218 622 πλῆν
254 576 510 625 ἐπαναφορὰν
544 576 609 614 ἐπί
638 592 678 614 τε
709 580 785 614 τῶν
810 574 1110 625 προηγουμένων
1143 574 1276 612 κώλων
1306 574 1348 611 τὸ
1372 573 1463 611 αὐτὸ
1490 574 1627 622 μόριον

113 630 332 679 λαμβάνων
369 632 430 670 καὶ
467 633 528 670 ἐπὶ
564 634 639 670 τῶν
674 630 885 680 ἑπομένων·
932 630 1047 681 μέχρι
1079 630 1215 668 τούτου
1247 634 1326 667 (ste.
1356 633 1431 667 τῶν
1454 630 1526 677 μὲν
1552 631 1626 679 γὰρ

114 687 274 735 πρώτων
303 687 439 725 κώλων
466 687 507 725 τὸ
532 690 696 725 ΜΕΧΡΙ
729 688 840 737 ἄρχει
865 687 1011 735 μόριον,
1035 687 1112 724 τῶν
1138 686 1177 723 δὲ
1208 684 1397 734 ὃευτέρωυ
1423 685 1465 722 τὸ
1486 683 1625 723 ἙΩΣ.

117 740 311 780 REISK.

175 808 268 846 241,
292 809 355 849 25.
378 798 776 849 Λασθέιης-Σῖμος]
816 796 1046 836 Lasthenes
1069 803 1109 835 vt
1137 795 1415 848 Euthycrates
1437 796 1626 849 prodide-

114 858 213 892 lunt
249 852 477 905 OlJnthum
514 859 556 892 et
591 869 615 892 ει
652 853 843 905 Philippo
875 857 1021 905 postea
1052 851 1173 890 occisi
1207 858 1315 896 sunt
1347 853 1395 890 cf.
1418 852 1468 891 de
1500 854 1525 890 f.
1549 852 1625 905 leg.

116 923 155 961 p.
170 913 264 957 426.
280 914 322 948 et
336 921 432 961 451.
468 909 528 947 I)e
547 909 790 948 Chersones
806 923 846 961 p
863 923 929 957 oo.
966 907 1037 943 NV
1029 907 1211 946 mieuski
1231 922 1268 959 p
1287 910 1337 945 68
1346 907 1627 947 .—Timolaus

115 965 264 1003 iterum
288 964 527 1004 nominatur
548 964 822 1017 inf1ap.324
862 963 1014 1003 Confer
1035 963 1086 1001 de
1107 977 1155 1002 eo
1172 963 1297 1002 etiam
1318 963 1515 1002 l)ina1·.ch
1532 964 1625 1003 adv.

117 1019 333 1059 Demosth.
349 1034 388 1072 p
405 1034 471 1072 <99
490 1034 556 1073 31.
577 1020 630 1059 ll
641 1020 703 1059 St.
721 1025 763 1059 et
783 1020 939 1059 Athen
957 1031 1014 1057 10.
1030 1033 1069 1071 p.
1087 1020 1181 1071 436
1206 1019 1628 1071 B.—Sin1usegcnte

116 1075 401 1115 Aleuadarum
417 1077 641 1115 seeundum
661 1077 912 1128 Harpocrat.
957 1074 1122 1113 Dicitur
1140 1074 1358 1114 Larisaeus
1375 1075 1468 1114 adv.
1480 1074 1626 1114 Neaer.

115 1146 155 1184 p.
175 1132 294 1184 1382.
357 1131 466 1171 Vide
499 1133 549 1171 ‹le
582 1147 631 1171 eo
667 1131 917 1171 Boot-khium
945 1131 998 1169 ad
1024 1130 1194 1169 Pindar.
1222 1130 1343 1182 l'yth.
1372 1143 1433 1169 10.
1456 1145 1494 1183 p.
1517 1143 1627 1183 333„

116 1186 184 1239 qui
211 1187 338 1226 etiam
368 1187 574 1227 Eudicum
605 1193 746 1227 censet
769 1187 1000 1226 Aleuadam
1033 1186 1171 1225 fuisse.
1234 1185 1358 1224 Adde
1382 1186 1627 1225 Buttmann.

120 1243 298 1295 Mythol.
322 1242 398 1281 vol.
425 1255 459 1282 2.
482 1259 520 1296 p.
548 1256 640 1296 251.
666 1255 758 1295 291.
820 1241 1045 1282 DISSEN.

176 1311 268 1347 241,
296 1300 359 1337 26.
392 1298 507 1350 μέχρι
537 1301 671 1338 τούτου
701 1299 995 1348 Τιμόλαος-οἱ
1026 1297 1251 1349 Λαρισαῖοι]
1291 1297 1406 1337 Citat
1435 1297 1628 1336 Tiberius

116 1368 155 1406 p.
177 1356 245 1404 48.
267 1368 313 1399 S..
338 1354 407 1393 ubi
430 1369 464 1393 v.
491 1354 733 1394 Boissonad.
786 1352 1035 1393 SCHAEF.

176 1422 268 1457 241,
296 1420 359 1460 27.
395 1411 555 1451 Εὔδικος
577 1411 638 1449 καὶ
660 1410 852 1461 Σῖμος-]
892 1409 1007 1449 Citat
1027 1408 1067 1447 h.
1086 1408 1112 1447 l.
1140 1408 1392 1461 Harpocrat.
1416 1423 1450 1448 v.
1472 1410 1630 1449 Εὔδικος

115 1469 159 1504 et
192 1465 308 1515 Σιμὸς
339 1471 381 1504 et
414 1467 613 1515 Περίλλος
636 1467 691 1517 (v.
715 1480 755 1518 p.
782 1477 874 1514 242,
896 1466 956 1517 3.)
975 1480 982 1503 ;
1017 1478 1113 1503 nam
1135 1463 1191 1502 sio
1214 1469 1432 1503 exaratum
1455 1464 1510 1503 ibi
1533 1464 1629 1517 legi-

117 1526 199 1560 tur.
260 1520 453 1559 REISK.

174 1576 308 1629 Σῖμος]
341 1577 458 1626 Σιμὸς
489 1575 679 1616 Tiberius
710 1590 801 1615 cum
836 1575 1184 1628 Harpocratione.
1247 1575 1459 1614 Aceentus
1486 1574 1628 1613 vitium

117 1632 258 1671 notavi
280 1631 371 1670 Iud.
392 1632 446 1671 ad
468 1631 592 1671 schol.
616 1632 810 1685 Apollon.
833 1631 968 1670 Rhod.
991 1645 1030 1683 p.
1054 1633 1147 1683 656.
1211 1630 1462 1670 SCHAEF.

177 1699 269 1738 241,
295 1688 358 1728 28.
393 1688 463 1729 ἕως
491 1690 716 1727 Θετταλίαυ
747 1688 820 1726 ὑπὸ
852 1689 1034 1739 Φιλίππῳ
1068 1686 1276 1738 ἐποίησαν]
1321 1686 1441 1736 Quod
1471 1686 1628 1725 factum

118 1741 182 1781 Ol.
205 1756 297 1795 109,
320 1756 351 1782 1.
383 1743 453 1782 ubi
484 1748 684 1796 tyrannos
715 1742 875 1795 expulit
905 1746 947 1781 et
978 1743 1153 1781 somnam
1185 1741 1433 1794 reipublicae
1463 1756 1538 1794 pro
1565 1756 1628 1781 ar-

118 1797 244 1838 bitrio
265 1798 497 1838 constituit.
559 1798 784 1838 DISSEN.

177 1865 270 1902 242,
302 1867 332 1893 ι.
364 1855 386 1903 ἡ
408 1854 626 1907 οἰκουμένη]
659 1854 788 1893 Recte
811 1852 1003 1892 Reiskius
1031 1853 1071 1892 in
1096 1853 1187 1892 Ind.
1211 1853 1440 1892 Graecitat.
1474 1859 1582 1893 terra
1603 1868 1628 1891 α

122 1909 286 1948 Graecis
306 1908 497 1949 habitata.
540 1910 593 1948 V.
618 1916 704 1948 not.
726 1909 780 1949 ad
802 1924 840 1961 p.
865 1910 930 1960 85,
955 1920 1017 1959 17.
1079 1908 1328 1948 SCHAEF.

179 1976 272 2015 242,
298 1977 334 2003 2.
364 1964 898 2026 Ἀρίστρατος-Περίλαος]
929 1964 1168 2004 Aristratus
1203 1963 1443 2003 nominatur
1478 1964 1629 2004 iterum

119 2020 227 2060 infra
256 2035 296 2073 p.
318 2031 431 2072 324,
462 2020 810 2073 quemadmodum
844 2019 971 2058 etiam
1004 2019 1204 2059 Pelilaus.
1267 2018 1431 2058 Mentio
1459 2019 1507 2059 fit
1535 2020 1630 2058 Ari-

119 2075 245 2116 strati
278 2076 404 2115 etiam
435 2090 501 2129 ap.
526 2075 739 2115 Plutarch.
769 2075 817 2113 V.
841 2074 1118 2127 A·1at.e.13.,
1144 2074 1295 2114 Perilai
1328 2089 1424 2113 xero
1455 2089 1521 2128 ap.
1550 2075 1629 2115 De-

119 2131 272 2171 mosth.
294 2131 345 2170 de
366 2131 469 2171 falsa
490 2131 613 2184 legat
636 2146 673 2184 p.
696 2144 792 2183 43¹3.
854 2130 1080 2169 DISSEN.

180 2199 272 2236 242,
295 2200 334 2239 3.
383 2187 593 2240 Περιλαος]
641 2187 839 2236 Περίλλος
880 2185 1211 2239 Harpoclation,
1247 2186 1392 2225 melius
1433 2186 1632 2237 Πέριλλος

119 2242 230 2295 apud
255 2242 378 2281 Phot.
401 2257 441 2295 p.
464 2243 559 2290 418,
586 2254 620 2281 2.
668 2241 1017 2294 Harpocrationis
1037 2242 1217 2295 glossam
1238 2246 1509 2294 repetentem.
1558 2241 1631 2281 So-

120 2297 251 2336 lennis
286 2297 513 2337 formarum
549 2297 726 2336 duarum
760 2297 945 2349 ejusdem
986 2297 1164 2337 nominis
1205 2297 1490 2337 commutatio.
1564 2298 1631 2337 Sic

122 2353 330 2402 Περίλαος,
382 2355 402 2392 ὁ
453 2356 520 2392 τοῦ
568 2353 706 2403 ταύρου
757 2353 995 2403 δημιουργὸς,
1045 2367 1168 2406 saepe
1213 2352 1368 2392 dicitur
1418 2352 1629 2403 Πέριλλος.

124 2407 375 2448 SCHAEF.

179 2462 470 2516 ἀπερριμμένοι]
501 2463 575 2502 ὑπὸ
597 2464 808 2502 Φιλίππου.
870 2462 1120 2503 SCHAEF.

181 2530 274 2568 242,
296 2531 336 2570 5.
368 2519 677 2571 τούτοις-ὑμῖν]
728 2518 849 2558 Nota
882 2518 1064 2558 subitam
1100 2518 1409 2558 conversionem
1445 2532 1469 2557 a
1505 2518 1631 2557 tertia

122 2587 299 2626 persona
321 2573 376 2613 ad
398 2574 633 2614 secundam.
695 2573 948 2613 SCHAEF.

183 2641 275 2678 242,
300 2641 337 2677 7.
370 2629 431 2668 καὶ
453 2631 514 2668 διὰ
534 2630 743 2671 τοὺς-καὶ
765 2629 964 2683 ἔμμισθοι]
989 2628 1131 2668 Citant
1156 2628 1316 2666 Aneod.
1335 2627 1466 2666 Bekk.
1481 2643 1520 2680 p.
1540 2641 1553 2667 1
1567 2641 1632 2675 21,

124 2698 163 2735 9.
215 2683 466 2724 SCHAEF.

182 2742 244 2778 διὰ
276 2740 363 2780 τοὺς
391 2740 564 2781 πολλοὺς
594 2740 754 2779 τουτωνὶ
785 2740 847 2779 καὶ
876 2739 960 2780 τοὺς
994 2738 1300 2788 ἀνθισταμένους
1330 2742 1411 2779 τοῖς
1437 2738 1633 2789 ὑμετέροις

123 2795 390 2847 βουλήμασιν]
442 2796 529 2834 Per
561 2796 779 2834 maoeimam
806 2801 966 2848 partem
1001 2794 1147 2833 civium
1179 2798 1216 2833 et
1245 2807 1326 2846 per
1362 2807 1428 2832 nos
1462 2800 1634 2833 oratores

125 2851 262 2890 vestris
297 2850 652 2890 machinationibus
683 2850 880 2890 obstantes.
944 2849 1068 2889 Vides
1102 2848 1299 2902 populum
1333 2848 1634 2888 Atheniensem

126 2912 168 2946 et
204 2911 392 2945 oratores
424 2904 595 2958 intelligi
628 2906 823 2958 Philippo
858 2904 1130 2945 adversarios.
1195 2904 1276 2942 Per
1307 2903 1415 2942 solos
1445 2909 1634 2944 oratores
