1935 3205
648 148 769 187 vim
790 148 1052 188 1⁴:1³A'1‘1o.
1528 162 1605 185 xxx·

98 255 204 290 nesio
225 266 467 290 excussorum
492 255 527 289 in
549 255 620 290 hac
644 254 897 303 Herwagiana
919 254 1087 301 reperiri.
1149 253 1251 288 Nihil
1275 256 1354 301 ejus
1378 252 1426 287 ibi
1447 260 1515 292 est,
1539 266 1603 286 ne-

99 331 172 366 que
197 318 232 353 in
254 318 458 366 vestigium
482 318 600 353 ullum
622 319 836 354 collationis
858 319 968 367 liujus
990 318 1232 352 Dauos-ianae
1262 316 1388 356 incidi,
1412 315 1511 351 unde
1542 323 1607 349 aut

99 390 303 423 constaret,
327 390 391 417 aut
421 382 585 430 suspicio
616 383 739 418 saltim
771 390 1004 421 nasceretur,
1030 394 1104 428 quu
1133 389 1233 416 sorte
1265 393 1332 415 usa
1360 380 1407 415 sit
1437 379 1500 414 illa
1530 379 1606 413 eol-

97 447 203 487 latio,
227 459 367 494 quasve
398 447 434 481 in
467 460 601 482 manus
631 447 860 494 pervenerit.
919 447 1026 481 Haec
1053 445 1099 481 de
1122 445 1375 493 Ilerwagiuna
1405 443 1605 479 sullieiant.

99 511 293 547 Versatior
308 511 337 545 si
354 524 475 546 essem
493 512 530 546 in
554 512 710 546 historia
731 511 897 546 literaria
916 510 1057 546 saeculi
1075 509 1193 551 XVI„
1211 517 1380 556 poteram
1403 508 1464 543 hie
1487 507 1607 542 multo

98 575 218 623 plura,
248 587 368 622 eaque
401 576 496 610 scita
526 588 651 622 neque
684 575 891 624 injucunda
920 574 966 610 de
998 574 1061 609 illo
1090 573 1228 611 Clario.
1258 572 1318 608 eui
1347 572 1466 607 Aldus
1497 585 1603 606 snum

97 639 401 674 Demosthenem
437 639 647 686 adscripsit.
684 639 729 673 de
765 638 1077 678 Carteromaeho,
1114 637 1160 672 de
1197 637 1308 671 Petro
1348 636 1526 676 Danesio,
1563 635 1608 670 de

100 704 414 751 Baumgartnero,
446 704 641 750 Spyracte‚
675 702 840 743 Rubero,
872 702 1044 749 Oporino
1075 702 1220 737 all'erre.
1279 702 1366 744 Quo
1399 701 1434 735 in
1468 713 1607 749 genere

98 768 200 803 cives
222 767 308 807 mei,
331 767 526 808 Germani,
549 767 747 815 gloriolam
770 767 949 802 affectant
972 767 1110 802 exteris
1131 766 1340 801 ridiculam.
1398 766 1496 800 Mihi
1517 778 1608 801 vero

99 831 294 880 ingenium
316 831 362 866 ab
382 832 568 880 ejusmodi
590 831 806 871 sedulitate,
826 843 901 866 non
924 844 1076 878 prorsus
1099 830 1162 866 illa
1183 830 1336 877 quidem
1360 829 1606 868 infructuosa,

99 908 223 943 neque
245 896 357 943 plane
379 896 676 935 contemnenda,
699 895 891 931 abhorret.

807 1002 839 1048 ἓ·
861 1014 898 1047 4·

635 1077 692 1112 De
712 1077 864 1112 editione
885 1077 1069 1111 Felicitati.

152 1153 277 1188 Venio
308 1165 409 1188 nunc
440 1153 484 1188 ad
514 1152 736 1194 editionem,
759 1165 856 1200 quae
879 1152 1263 1188 Demostheniearum
1290 1152 1461 1186 omnium
1491 1151 1611 1186 fertur

99 1217 244 1264 optima
264 1225 302 1252 et
322 1217 646 1257 emendatissima,
667 1230 741 1264 qua
757 1217 857 1263 quod
877 1216 1083 1252 carendum
1107 1216 1198 1251 mihi
1215 1215 1341 1255 fuerit,
1361 1228 1472 1264 aegre
1491 1215 1570 1250 fero
1580 1222 1606 1249 ⁰.

98 1282 187 1317 Non
210 1281 342 1316 dubito
365 1281 531 1328 quidem,
551 1293 632 1316 eam
656 1280 690 1315 in
711 1281 782 1316 hae
804 1281 895 1316 urbe
919 1294 1013 1321 esse,
1036 1280 1071 1315 in
1094 1280 1327 1315 bibliotheca
1348 1280 1416 1314 viri
1438 1279 1607 1315 celeber-

98 1345 197 1386 rimi,
219 1345 257 1380 in
279 1358 354 1392 qua
374 1353 521 1392 partem
544 1347 624 1393 ejus
646 1345 802 1380 memini
831 1345 959 1380 multis
989 1352 1078 1380 ante
1108 1345 1217 1380 annis
1238 1344 1388 1383 videre3
1422 1344 1484 1379 sed
1507 1344 1567 1378 ille
1589 1356 1610 1378 a

99 1422 160 1445 me
189 1417 341 1458 rogatus
371 1409 525 1458 negavit
555 1409 624 1444 sibi
647 1411 726 1458 ejus
756 1410 903 1456 copiam
928 1421 1021 1449 esse,
1046 1421 1274 1456 quacunque
1296 1408 1450 1444 tandem
1474 1408 1610 1443 duetus

99 1486 244 1515 caussa,
267 1473 313 1508 de
336 1486 411 1520 quo
433 1473 621 1521 integrum
644 1473 782 1520 cuique
812 1473 860 1508 sit
890 1485 956 1520 pro
978 1485 1044 1507 suo
1065 1485 1179 1507 sensu
1201 1472 1432 1508 existimare.
1491 1473 1607 1516 Quic-

99 1537 187 1585 quid
209 1540 289 1586 ejus
309 1545 376 1578 est,
399 1537 469 1572 hae
491 1537 658 1573 editione
679 1538 715 1573 in
739 1537 907 1573 curanda
928 1550 1011 1572 mea
1033 1537 1238 1572 carendum
1270 1536 1361 1572 mihi
1383 1536 1454 1572 fuit
1475 1549 1606 1572 neees-
1622 1544 1705 1566 XVII

99 1601 233 1642 sario⁰‚
256 1601 321 1636 illa
343 1609 446 1648 puta,
463 1613 560 1648 quae
577 1601 750 1636 Venetiis
771 1613 872 1636 anno
898 1608 1010 1648 1543.
1032 1613 1079 1636 ex
1102 1600 1253 1636 officina
1274 1599 1464 1636 Francisci
1488 1600 1605 1634 Bruc-

99 1665 199 1706 eioli‚
221 1665 258 1700 in
280 1665 402 1700 forma
431 1673 566 1701 octava
596 1665 716 1700 tribus
740 1664 1000 1699 voluminibus
1031 1677 1121 1699 cura
1140 1664 1200 1699 Jo.
1221 1664 1404 1699 Bernardi
1427 1663 1608 1698 Feliciani

98 1729 249 1777 prodiit.
307 1729 364 1764 Ex
385 1730 456 1764 hac
486 1742 598 1777 saepe
631 1729 749 1764 bonas
778 1728 964 1764 lectiones
986 1727 1096 1763 Wolf
1118 1728 1273 1775 profert,
1297 1727 1490 1763 interdum
1513 1727 1609 1762 Feli-

99 1794 253 1828 cianeam
283 1794 343 1828 vel
368 1793 598 1834 Feliciazmm,
626 1793 717 1828 alias
738 1792 1021 1828 Brucciolensem
1052 1792 1113 1827 vel
1142 1792 1365 1827 Brut-violam
1397 1791 1606 1839 appellans.

100 1857 371 1905 Praeterquam
393 1857 494 1904 quod
516 1858 659 1893 multae
681 1857 773 1892 texti
795 1856 1082 1892 Demostheniei
1105 1855 1266 1891 mendae
1288 1856 1323 1890 in
1348 1856 1417 1890 hae
1440 1855 1608 1890 editione

100 1921 325 1956 emendatae
355 1929 456 1961 sunt,
479 1930 517 1957 et
538 1922 576 1956 in
604 1921 733 1969 primis
759 1921 824 1956 illa
854 1920 1048 1956 abnormis
1078 1920 1316 1967 perturbatio
1337 1920 1373 1954 in
1402 1919 1608 1968 prooemiis

99 1997 227 2019 rursus
248 1984 292 2020 ad
315 1985 488 2020 ordinem
513 1993 705 2026 revocata,
727 1985 841 2020 index
863 1996 1014 2031 quoque
1036 1983 1264 2018 variantium
1288 1983 1444 2018 Aldinus
1473 1991 1608 2018 anetus

100 2055 138 2083 et
159 2048 383 2084 emendatus
413 2057 479 2084 est.
540 2049 646 2084 Haec
673 2048 849 2083 universe
878 2048 999 2082 liabeo
1021 2060 1142 2094 pauca
1162 2046 1208 2081 de
1229 2047 1299 2082 hae
1321 2046 1487 2082 editione
1510 2059 1607 2093 quae

100 2112 223 2147 dicam
256 2125 302 2147 ex
333 2113 493 2148 aliorum
526 2113 611 2148 fide.
682 2112 741 2148 De
775 2112 940 2147 editione
967 2110 1146 2146 Felieiani
1180 2110 1443 2145 testimonium
1466 2111 1607 2150 Wolfii,

101 2176 201 2222 quod
227 2176 374 2225 insigne
404 2184 461 2212 est
491 2177 536 2212 ad
564 2176 870 2225 cognoscendam
892 2176 1009 2223 ipsius
1030 2174 1162 2210 Wolfii
1184 2175 1404 2216 editionem,
1427 2187 1462 2210 v,
1485 2188 1520 2222 p.
1544 2187 1606 2220 72.

100 2239 172 2274 eol.
192 2252 222 2275 a.
246 2239 354 2275 initio
376 2240 669 2275 annotationum
693 2240 820 2275 wolfii
844 2240 906 2284 (ad
938 2239 1132 2287 prooemia
1156 2239 1484 2283 Demostheniea).
1510 2245 1549 2274 ut
1571 2247 1609 2274 et

100 2304 138 2339 in
160 2304 322 2352 epistola
339 2305 464 2353 priore
486 2305 532 2341 ad
556 2305 771 2354 Fuggerum
792 2317 826 2353 p.
848 2315 933 2349 204.
958 2303 1056 2339 unde
1076 2303 1315 2351 intelligitur.
1338 2302 1521 2339 XVolfium
1543 2316 1607 2339 eu-

99 2381 213 2410 rasse‚
236 2376 278 2404 ut
299 2369 554 2418 Herwagiana
583 2369 751 2405 secunda
781 2381 847 2405 seu
877 2369 1013 2408 minor,
1041 2369 1079 2403 in
1108 2376 1258 2410 oetan
1280 2368 1326 2403 ad
1352 2368 1607 2404 Felicioneam

100 2445 288 2481 expressa,
320 2446 342 2468 a
374 2446 412 2469 se
448 2434 663 2473 emendata,
694 2446 762 2481 pro
792 2432 1043 2468 fundamento
1076 2445 1166 2468 suae
1202 2430 1353 2477 majoris
1388 2441 1606 2479 poneretur.

102 2496 288 2544 Loquitur
307 2497 354 2533 de
375 2497 555 2537 editione,
574 2510 687 2544 quam
711 2496 1002 2545 Herwagianam
1025 2496 1232 2532 secundam
1255 2496 1416 2543 appello,
1435 2496 1608 2531 Basileae

101 2573 201 2597 anno
231 2572 340 2608 1547.
363 2562 402 2596 in
424 2561 546 2597 forma
567 2569 717 2601 octava,
741 2561 860 2596 tribus
881 2560 1140 2596 voluminibus
1162 2560 1324 2608 prodita,
1347 2572 1507 2606 quorum
1532 2573 1608 2594 non

101 2624 173 2659 nisi
193 2624 267 2660 duo
288 2625 410 2672 prima
439 2637 555 2672 penes
574 2638 634 2661 me
657 2633 744 2660 sunt
764 2625 973 2660 volumina.
996 2638 1024 2659 v.
1049 2632 1220 2660 annotat.
1239 2624 1368 2659 Wolfii
1398 2624 1443 2658 ad
1475 2636 1607 2670 prooe-

102 2688 220 2723 mium
245 2700 306 2723 22.
346 2688 405 2724 De
422 2688 602 2724 Felieiani
623 2689 767 2724 meritis
788 2689 967 2723 litei-ariis
987 2689 1153 2724 libenter
1174 2688 1349 2735 equidem
1371 2688 1607 2729 dissererem,

101 2751 131 2786 si
153 2751 241 2798 quid
262 2751 301 2786 in
323 2751 547 2786 adversariis
577 2758 802 2786 annotatum
833 2751 1023 2787 haberem.
1082 2752 1219 2798 Neque
1242 2760 1369 2787 tamen
1392 2752 1477 2786 ideo
1499 2752 1606 2786 illau-

149 2879 179 2918 [C
204 2879 282 2917 Ejus
297 2879 457 2918 exemplar
473 2890 571 2918 quum
590 2880 786 2919 postmodum
812 2881 977 2919 accepisset
996 2881 1153 2912 Reiskius,
1171 2881 1347 2910 accuratius
1364 2891 1433 2911 eam
1450 2881 1612 2919 descripsit

103 2933 185 2962 infra
203 2936 227 2970 ξ.
245 2942 292 2973 29.
324 2933 363 2961 G.
384 2933 528 2971 D1ND.J
