1950 3210
552 160 625 199 1)κῖ
660 159 731 199 ΡΑ
744 158 846 199 lisA
887 156 1245 198 LEGATIONE.
1566 162 1648 199 503

197 265 292 317 358,
318 275 382 317 25.
405 264 584 317 ὕστερον]
619 263 904 309 Postmodum,
927 261 1186 315 temporibus
1218 261 1426 309 insecutis,
1453 267 1549 313 post
1580 276 1650 301 cos

143 320 336 360 Phocidis
358 328 630 373 caeteraeque
647 319 847 359 (ji-acciae
866 333 997 366 casuS,
1016 318 1084 370 qui
1107 323 1201 370 post
1218 317 1428 356 conditam
1451 323 1491 357 ct
1514 317 1650 371 ¹signa-

140 380 227 416 taui
263 392 286 415 a
324 376 561 415 Philocrate
597 390 740 429 paceni
774 379 1015 414 evenerunt.
1054 373 1247 413 REISK.
1312 372 1514 412 Fallitur:
1554 388 1649 413 nain

139 438 238 472 ante
279 432 551 471 l’hoccnsiuni
592 432 808 472 interitum
850 431 952 471 hacc
989 430 1114 469 verba
1152 429 1352 469 formulae
1392 429 1569 468 foederis
1609 429 1649 468 in

141 488 349 527 cumulum
382 488 529 528 addita
562 493 670 527 sunt.
734 488 897 527 Doccnt
930 501 1035 540 quac
1071 501 1197 540 supra
1226 500 1260 524 v.
1287 497 1346 524 12.
1374 500 1407 525 s.
1439 485 1647 539 leguntur.

142 544 259 584 Conf.
283 559 321 597 p.
345 545 439 597 368,
466 557 530 584 22.
575 543 827 584 SOI-[AER

198 613 293 653 359,
316 614 354 653 3.
377 601 464 642 τοὺς
491 601 673 652 χρόνους]
711 600 792 639 Ros
825 599 920 638 inde
952 613 977 638 a
1009 598 1142 652 primo
1176 597 1428 637 Philocratis
1461 597 1512 636 dc
1548 611 1652 650 pace

140 656 421 709 psephismate
452 671 581 709 usque
614 656 667 696 ad
703 655 868 695 finitum
902 655 1053 694 belluni
1083 654 1297 693 Phocense
1328 659 1370 693 ct
1398 652 1577 706 Philippi
1611 653 1652 692 in

144 713 437 753 Macedoniani
464 713 644 752 reditum
670 712 853 765 (Olyinp.
874 712 963 758 108,
991 712 1177 755 1.-108,
1201 723 1240 761 3.
1263 712 1495 761 auctuinn.)
1521 709 1652 749 brevi-

141 773 206 808 ter
227 769 440 822 expositas
461 769 552 808 vide
573 783 599 808 a
621 767 885 808 rl3oehnecl<io
908 766 1149 817 Quaestion.
1169 765 1244 804 vol.
1268 780 1298 804 ι.
1322 781 1360 819 p.
1383 775 1459 818 371
1473 779 1564 818 .-3
1574 778 1637 816 74.

198 838 293 878 359,
314 836 354 878 5.
388 827 430 864 ἐν
451 828 501 878 τῷ
535 826 610 878 ἐμῷ
641 824 768 879 ὕδατι]
814 823 912 863 Dies
941 838 1022 875 quo
1057 827 1150 862 tota
1181 836 1327 861 caussa
1359 821 1653 873 perficiebatur

140 881 252 934 apud
274 880 554 921 Athenienses
576 880 706 920 divisa
728 884 819 919 erat
847 879 888 918 in
919 884 1006 919 tres
1037 883 1190 931 partes,
1214 878 1322 916 unde
1344 877 1499 916 dicitur
1520 880 1650 927 διαμε-

139 937 352 988 μετρημένη
383 936 525 988 ἡμέραε
560 936 693 990 prima
719 936 900 976 dabatur
927 933 1174 980 accusatori,
1202 933 1383 974 secunda
1413 948 1498 979 rec,
1524 933 1652 973 tertia

135 993 345 1046 judicibus
363 1009 370 1032 :
399 1007 435 1032 v.
451 992 647 1032 Aeschin.
663 1007 701 1046 p.
718 993 782 1039 82,
799 1005 858 1045 13.
883 990 1080 1044 Xenoph.
1098 989 1206 1029 Hell.
1229 1003 1260 1037 1,
1279 1001 1313 1041 7,
1334 1003 1398 1040 24.
1450 989 1513 1029 Ut
1529 1003 1652 1042 quac-

140 1064 220 1102 que
255 1064 352 1102 pars
391 1052 505 1089 recte
545 1048 812 1095 indicaretur,
846 1047 886 1086 in
924 1046 1182 1100 clepsydram
1217 1060 1292 1099 pro
1329 1045 1500 1099 singulis
1536 1050 1653 1085 certa

139 1120 275 1159 aquae
301 1105 420 1159 copia
451 1105 760 1152 infundebatur,
795 1118 878 1157 qua
909 1103 1039 1143 effusa
1071 1116 1153 1142 non
1183 1101 1360 1155 amplius
1392 1101 1530 1141 dicere
1562 1106 1654 1155 pot-

141 1167 273 1202 erant.
335 1162 403 1201 Sic
426 1161 623 1201 Acschin.
641 1176 680 1214 p.
698 1174 765 1213 45,
788 1174 820 1199 1.
839 1160 941 1199 dicit.
963 1159 1039 1199 sibi
1062 1157 1253 1198 undecim
1274 1157 1498 1211 amphoras
1519 1171 1655 1210 aquae

140 1218 182 1258 in
203 1218 462 1272 clepsydram
483 1217 608 1257 fuisse
630 1217 797 1257 infusas.
858 1216 1026 1269 Aquam
1058 1214 1187 1269 igitur
1217 1214 1390 1267 perdere
1421 1228 1505 1253 non
1532 1214 1655 1253 debe-

139 1275 243 1314 bant
265 1275 463 1322 dicentes,
486 1288 619 1327 neque
643 1272 892 1313 adversariis
914 1286 1006 1312 eam
1028 1272 1140 1311 dare.
1203 1270 1267 1310 Ut
1294 1270 1422 1324 igitur
1448 1269 1655 1323 significet

142 1330 446 1371 Demosthenes
469 1336 673 1383 quantuni
704 1329 805 1369 dare
831 1328 929 1368 velit
958 1326 1211 1374 adversario,
1240 1326 1272 1366 si
1304 1326 1417 1366 dicta
1447 1325 1654 1365 mendacii

139 1392 304 1441 arguat,
326 1386 535 1440 permittit
563 1385 599 1426 ei
629 1387 671 1425 ἐν
692 1388 742 1439 τῷ
767 1388 904 1425 ἑαυτοῦ
933 1387 1042 1425 ὕδατι
1072 1383 1216 1434 λέγειν.
1253 1381 1473 1423 GREVE.
1534 1381 1653 1422 Cous.

139 1443 194 1484 ad
214 1458 253 1497 p.
278 1456 370 1495 274,
391 1455 452 1484 10.
475 1442 570 1497 378,
589 1452 626 1493 7.

198 1511 294 1553 359,
314 1500 352 1539 8.
375 1503 476 1550 τρεῖς
495 1501 618 1549 μῆνας
639 1498 768 1552 ὅλους]
804 1497 871 1537 Ita
892 1496 1000 1536 infra
1016 1511 1056 1549 p.
1073 1508 1170 1549 390,
1189 1507 1253 1536 22.
1276 1498 1377 1545 τρεῖς
1396 1497 1520 1545 μῆνας
1540 1495 1657 1536 ὅλους

141 1555 470 1606 ἀποδημήσαντες.
532 1554 591 1594 Et
613 1555 663 1593 de
686 1554 779 1594 Cor.
802 1568 842 1607 p.
870 1564 962 1607 235,
988 1565 1053 1591 21.
1082 1553 1118 1591 οἱ
1145 1551 1310 1602 χρηστοὶ
1340 1550 1526 1602 πρέσβεις
1551 1550 1656 1589 οὗτοι

142 1614 306 1661 καθῆντο
334 1613 377 1650 ἐν
399 1611 625 1663 λἸακεδονίᾳ
649 1614 750 1661 τρεῖς
781 1611 898 1651 ὅλους
928 1611 1062 1659 μῆνας.
1126 1606 1246 1657 Quod
1278 1606 1323 1653 si,
1347 1612 1395 1646 ut,
1426 1605 1655 1645 certissime

141 1672 320 1715 constat,
339 1681 512 1721 peregre
532 1666 708 1720 profecti
731 1666 816 1706 sint
835 1665 963 1719 legati
985 1668 1081 1718 post
1095 1663 1203 1702 diem
1219 1661 1392 1702 tertium
1409 1661 1655 1715 Munychio-

140 1723 216 1771 nis,
246 1723 319 1773 (sit
341 1738 376 1763 v.
401 1738 440 1777 g.
467 1722 650 1763 Martius
683 1721 848 1769 mensis,
880 1726 923 1761 et
954 1721 1015 1760 ita
1045 1724 1111 1760 est
1142 1721 1514 1772 praeterpropter,)
1549 1717 1656 1757 redi-

141 1783 265 1819 erunt
287 1779 353 1818 die
375 1792 436 1832 13.
461 1778 795 1832 Seirophorionis
819 1777 900 1828 (vel
930 1776 1068 1827 Maii),
1095 1780 1209 1814 errat
1240 1780 1382 1814 noster
1412 1774 1454 1812 in
1485 1773 1654 1813 calculo.

144 1835 227 1875 Sed
256 1835 298 1874 in
326 1835 389 1874 his
415 1836 540 1874 rebus
570 1849 653 1873 non
679 1838 969 1887 exspectamus
999 1831 1181 1885 rigorem
1211 1829 1535 1883 supputationiS,
1558 1829 1656 1869 licet

143 1906 222 1931 vox
248 1893 375 1936 ὅλους,
398 1897 502 1938 totos,
529 1890 570 1929 id
601 1895 844 1943 exspectare
874 1887 1109 1941 permittat.
1172 1885 1345 1931 Sufficit,
1374 1885 1407 1925 si
1440 1884 1564 1924 fuerit
1595 1885 1655 1924 bi-

142 1952 296 1988 mestre
328 1946 510 2000 spatium
541 1951 583 1985 et
611 1946 720 1998 quod
752 1944 949 1985 excurrit.
996 1942 1134 1982 Venia
1164 1957 1214 1982 ea
1246 1941 1364 1981 facile
1398 1940 1653 1989 conceditur,

143 2003 392 2058 praesertim
426 2002 459 2041 si
492 2001 771 2054 amplificandi
804 2000 942 2040 studio
973 1999 1015 2039 id
1045 1999 1098 2039 ab
1130 1998 1310 2037 Oratore
1339 1997 1503 2037 dieitur.
1552 1997 1654 2036 Vid.

144 2058 740 2109 Conta1·en.Var.Lect.c.17.
773 2055 1032 2096 TAYLOR.
1093 2054 1217 2093 Adde
1231 2053 1654 2104 Boehneck.Quaest.

143 2115 276 2156 vol.1.
299 2130 337 2169 p.
362 2117 427 2167 67.

201 2185 296 2226 359,
320 2182 382 2223 17.
413 2171 488 2211 ἀπὸ
517 2172 647 2210 τοίνυν
668 2170 805 2219 ταύτης
833 2187 866 2208 κ.
884 2185 917 2209 τ.
935 2168 993 2222 λ.]
1026 2166 1259 2207 Aeschines
1290 2166 1378 2216 περὶ
1403 2169 1655 2216 παραπρεσβ.

143 2243 183 2282 p.
201 2241 268 2281 45,
284 2238 346 2278 17.
373 2228 412 2267 τί
429 2229 504 2278 γὰρ
527 2227 575 2266 ἄν
595 2243 650 2268 τις
669 2227 829 2278 τοιούτῳ
851 2226 1099 2265 πιστεύσειεν
1120 2223 1320 2275 ἀνθρώπῳ,
1344 2222 1386 2264 ὃς
1407 2222 1658 2273 ἐγκεχείρηκε

144 2284 277 2335 λέγειν
303 2284 352 2325 ὡς
378 2285 574 2324 Φίλιππος
610 2282 654 2321 οὗ
687 2285 766 2323 τοῖς
798 2282 913 2321 αὑτοῦ
945 2279 1272 2332 στρατηγήμασιν,
1301 2279 1408 2318 ἀλλὰ
1434 2281 1518 2319 ταῖς
1549 2278 1658 2327 ἐμαῖς

146 2340 394 2391 δημηγορίαις
425 2341 516 2378 εἵσω
539 2341 684 2378 Πυλῶν
710 2340 910 2388 παρῆλθες
945 2337 1006 2376 καὶ
1032 2336 1228 2387 λογισμόν
1252 2350 1339 2374 τινα
1364 2334 1515 2385 ἡμερῶν
1540 2349 1657 2382 συνη-

145 2399 315 2447 ριθμεῖτο
346 2395 441 2446 πρὸς
467 2396 575 2444 ὑμᾶς,
600 2395 642 2434 ἐν
665 2395 722 2436 αῖς
743 2395 818 2445 ἐγὼ
844 2395 916 2444 μὲν
937 2392 1194 2444 ἀπήγγελλον
1213 2390 1284 2440 τὴν
1303 2390 1535 2441 πρεσβείαν,
1559 2390 1595 2428 οἱ
1616 2390 1658 2428 δὲ

145 2452 349 2492 Φαλαίκου
374 2455 441 2490 τοῦ
463 2450 629 2490 Φωκέων
650 2450 838 2501 τυράννου
868 2448 1147 2500 δρομοκήρυκες
1173 2446 1361 2486 τάνθένδε
1392 2446 1521 2485 ἐκεῖσε
1553 2443 1658 2494 διήγ-

145 2513 307 2559 γελλον,
330 2508 611 2548 πιστεύσαντες
647 2508 688 2546 δὲ
723 2507 760 2545 οἱ
792 2509 939 2547 Φωκεῖς
971 2505 1058 2554 ἐμοὶ
1092 2505 1183 2543 εἵσω
1218 2505 1364 2542 Πυλῶν
1397 2501 1513 2540 αὐτὸν
1541 2516 1658 2550 παρε-

146 2564 306 2612 δέξαντο
344 2563 404 2602 καὶ
442 2564 508 2604 τὰς
543 2563 679 2604 πόλεις
714 2563 781 2603 τὰς
817 2563 941 2601 αὐτῶν
977 2559 1212 2611 παρέδοσαν.
1265 2555 1515 2597 SEAGER.
1540 2554 1656 2595 Diar.

147 2618 316 2660 Classie.
338 2631 406 2671 54.
429 2633 469 2672 p.
495 2629 588 2666 224.

203 2686 302 2728 359,
328 2675 392 2713 18.
425 2672 878 2724 πεμπταῖα-γενέσθαι
933 2673 978 2725 τῇ
1008 2671 1161 2720 πέμπτῃ
1191 2668 1314 2722 ἡμέρᾳ
1345 2671 1426 2708 τοῖς
1456 2669 1658 2706 Φωκεῦσιν

148 2730 404 2782 ἀπηγγέλθαι.
468 2729 573 2769 Post
596 2732 654 2782 (p.
676 2729 772 2782 365,
796 2729 850 2774 1.)
904 2727 1009 2767 icet:
1042 2725 1158 2766 πέντε
1188 2726 1399 2775 γενόνασιν
1427 2722 1562 2773 ἡμέραι
1590 2723 1659 2772 μό-

149 2803 225 2832 ναι,
253 2788 296 2826 ἐν
318 2787 376 2828 αῖς
401 2786 510 2827 οὗτος
541 2785 757 2836 ἀπήγγειλε
784 2785 831 2823 τὰ
856 2785 995 2835 ψευδῆ,
1018 2783 1128 2833 ὑμεῖς
1159 2781 1428 2824 ἐπιστεύσατε,
1454 2780 1490 2818 οἱ
1511 2781 1659 2820 Φωκεῖς

150 2844 352 2888 ἐπύθοντο,
389 2841 578 2881 ἐνέδωκαν
612 2841 779 2887 ἑαυτοὺς,
814 2840 1032 2880 ἀπώλοντο.
1101 2836 1168 2877 Sic
1210 2840 1352 2876 autem
1391 2833 1656 2875 numerabis:

154 2912 167 2939 1
180 2900 331 2939 6—20.
368 2897 554 2938 WOLF.
