1914 3184
246 150 329 192 168
746 151 823 190 DE
857 148 1256 190 CHERSONESO.

247 270 372 310 quam
394 256 476 294 duo
499 256 625 295 verba
646 255 755 295 idem
777 254 1055 308 significantia
1082 253 1282 305 junxisse,
1306 252 1388 292 sive
1410 258 1458 292 ut
1479 252 1559 291 vim
1581 258 1757 306 augeret

246 311 604 365 interrogationis,
627 310 711 350 sive
728 315 775 350 ut
796 309 977 349 numeris
994 309 1249 362 auribusque
1270 308 1517 348 consuleret.
1578 307 1694 348 Conf.
1716 323 1757 361 p.

245 379 342 422 579,
373 368 433 406 18.
467 367 634 416 οὐδαμοῦ
655 368 810 406 πώποτε
828 367 991 406 Μειδίας
1007 369 1083 404 τῶν
1100 364 1374 414 συνηδομένων
1394 364 1481 403 οὐδὲ
1498 367 1573 403 τῶν
1595 380 1759 415 συγχαι-

246 424 395 473 ρόντων
429 422 618 471 ἐξητάσθη
650 425 701 475 τῷ
734 422 849 475 δήμῳ.
887 421 957 460 ubi
990 420 1263 470 συνηδομένων
1293 434 1318 459 a
1350 421 1644 471 συγχαιρόντων
1675 433 1758 458 11οΠ

247 478 382 532 magis
403 478 542 518 diflert
571 492 697 530 quam
718 478 756 516 h.
780 477 806 516 l.
828 479 990 527 ἐροῦμεν
1009 491 1035 515 a
1062 476 1242 526 φήσομεν
1262 479 1366 528 puto
1388 474 1567 514 differre.
1615 474 1759 527 Neque

248 533 388 586 inepte
421 548 636 586 compares
673 548 712 586 p.
738 546 802 582 24,
829 544 893 585 25.
924 531 1070 582 μηδένα
1104 531 1236 581 καιρὸν
1267 530 1349 580 μηδ’
1389 531 1505 580 ὥραν.
1541 545 1581 583 p.
1603 542 1669 584 32,
1694 542 1758 583 23.

248 590 539 641 τίνα-χρόνον
559 588 581 638 ἢ
603 590 690 628 τίνα
713 589 856 638 καιρόν.
889 588 1000 640 quod
1022 586 1199 626 contulit
1216 586 1437 626 Ernestius
1459 600 1552 625 cum
1570 586 1760 626 Callima-

249 645 351 684 cheo
373 646 459 684 τίνα
489 646 635 696 χρόνον
666 643 688 693 ἢ
710 646 804 683 πότε
827 643 982 697 Hymn.
1008 641 1049 681 in
1071 643 1161 682 Del.
1184 642 1276 682 init.
1301 657 1340 695 p.
1372 654 1464 694 123,
1492 654 1557 693 25.
1594 642 1706 680 οὐδὲν
1728 640 1758 680 δ’

250 702 292 739 ἐκ
313 700 560 750 παρατάξεως
581 699 657 739 οὐδ’
682 701 723 739 ἐκ
745 699 872 751 μάχης
904 701 1124 749 γινόμενον.
1188 698 1298 737 Add.
1322 712 1362 750 p.
1392 698 1482 745 108,
1513 709 1574 748 15.
1609 698 1648 736 τί
1664 696 1758 748 χρή-

250 759 372 795 σεσθε
395 756 454 794 καὶ
475 756 514 794 τί
532 759 593 795 δεῖ
610 760 747 795 ποιεῖν.
812 754 1144 795 SCHAEFER.

309 825 374 863 99,
395 825 432 862 9.
456 811 683 863 ἐξελέγχειν
703 811 770 850 τὸν
792 811 996 862 παριόντα]
1024 810 1293 863 Redarguere
1321 823 1426 854 611111,
1450 807 1519 860 qui
1549 807 1604 847 ad
1626 807 1761 846 dicen-

250 867 348 906 dum
380 867 595 920 prodierit7
618 866 861 919 priusquam
883 866 1010 905 verba
1035 865 1193 912 fecerit,
1216 864 1241 903 i.
1265 879 1298 903 e.
1323 864 1574 918 perturbare
1606 868 1648 903 et
1678 863 1761 902 effi-

250 936 343 962 cere
364 926 412 962 ut
433 923 710 962 obmutescat.
773 922 808 960 F
813 921 994 960 RANK.

307 991 375 1029 99,
408 991 469 1017 10.
505 977 745 1030 ἐρωτήσωσι]
786 977 973 1027 ἐρωτήσηι
1005 976 1046 1015 S.
1079 976 1190 1029 quod
1222 990 1272 1014 ex
1311 977 1481 1025 ἐρωτηθῇ
1518 978 1761 1027 corruptum

251 1033 379 1072 videri
401 1038 555 1086 potest.
618 1033 700 1073 Sed
721 1032 980 1086 probabilius
1003 1036 1066 1071 est
1087 1031 1246 1070 librarii
1269 1045 1451 1070 errorem
1474 1044 1574 1069 esse.

309 1102 375 1142 99,
401 1091 461 1128 16.
482 1088 880 1142 βεβαίως-λέλυκε]
905 1087 1049 1128 Gitant
1071 1087 1229 1126 Anecd.
1253 1087 1385 1126 Bekk.
1408 1101 1447 1138 p.
1476 1087 1566 1132 161,
1593 1097 1656 1137 29.
1690 1085 1761 1125 ubi

252 1145 378 1184 verbo
400 1145 543 1184 λέλυκε
564 1144 735 1184 additur
756 1144 900 1183 littera
922 1142 1192 1196 paragogica.
1254 1141 1586 1182 SCHAEFER.

308 1202 470 1253 γνῶναι]
500 1200 663 1239 Pendet
684 1215 709 1239 a
731 1200 856 1239 verbo
878 1199 965 1251 χρή.
1030 1198 1081 1236 W
1093 1198 1221 1237 OLF.

310 1268 377 1307 99,
395 1268 459 1295 20.
482 1259 533 1309 τῷ
554 1259 619 1305 τῆς
639 1256 791 1297 πόλεως
813 1254 970 1308 ἐδάφει]
996 1254 1266 1307 Significatur
1282 1252 1511 1293 acerrimus
1527 1250 1673 1298 hostis,
1692 1250 1763 1305 qui

253 1312 399 1350 urbem
434 1311 630 1357 adducat.
660 1311 693 1349 si
729 1310 875 1364 possit,
901 1312 954 1351 εἰς
988 1311 1166 1349 κίνδυνον
1199 1311 1295 1359 ὑπὲρ
1331 1309 1455 1347 αὐτῶν
1491 1311 1567 1346 τῶν
1597 1308 1762 1357 ἐδαφῶν,

256 1367 366 1420 quod
388 1367 615 1419 perieulum
647 1381 853 1405 summum
881 1370 958 1405 est.
1011 1365 1065 1403 V.
1088 1380 1128 1417 p.
1152 1365 1245 1416 803.
1269 1369 1376 1403 extr.
1398 1368 1441 1403 et
1463 1362 1692 1402 Aeschines
1722 1377 1762 1415 p.

255 1433 353 1475 525.
377 1423 483 1462 med.
508 1423 556 1461 R.
610 1422 727 1462 Conf.
750 1422 857 1461 infra
879 1436 918 1474 p.
947 1434 1040 1469 104,
1068 1433 1131 1471 17.
1194 1418 1524 1460 SOHAEFER.

313 1491 380 1531 99,
404 1492 467 1519 22.
492 1480 524 1517 εἰ
546 1479 586 1518 δὲ
607 1478 677 1530 μὴ]
705 1478 799 1517 Scil.
815 1478 1065 1516 πιστεύουσιν
1088 1477 1172 1525 ἐμοὶ
1192 1479 1310 1515 ταῦτα
1332 1473 1538 1526 φάσκοντι.
1570 1473 1646 1520 vel,
1669 1475 1703 1512 εἰ
1724 1474 1765 1512 δὲ

254 1533 305 1583 μὴ
327 1535 452 1584 φασὶν
475 1535 599 1582 ἀληθῆ
622 1533 723 1572 ταῦτ’
746 1533 855 1572 εἶναι.
920 1531 1113 1571 REISK.

315 1588 564 1640 Εὐθυκράτην
605 1590 666 1628 καὶ
707 1587 937 1641 Λασθένην]
972 1587 1217 1626 Proditores
1250 1585 1558 1639 Olyntlliorum.
1620 1584 1673 1622 V.
1710 1584 1766 1623 ad

256 1659 297 1697 p.
324 1657 416 1692 241,
441 1657 461 1682 2
466 1658 506 1697 5.

315 1713 381 1752 99,
408 1712 471 1752 25.
493 1700 635 1753 οὐδενὶ]
659 1700 833 1739 Generis
856 1698 1044 1739 neutrius
1065 1703 1142 1737 est.
1206 1695 1426 1735 FRANK.

316 1769 382 1806 99,
408 1758 472 1794 28.
495 1755 672 1809 πράττει]
698 1755 813 1795 Libri
836 1754 1019 1793 nonnulli
1047 1757 1116 1793 νῦν
1137 1770 1182 1803 γε
1210 1753 1254 1802 δὴ
1275 1751 1449 1803 πράττει,
1470 1750 1766 1803 interpolatum

258 1826 308 1850 ex
329 1826 368 1864 p.
396 1822 460 1863 70.
483 1825 522 1860 4.
545 1816 587 1850 et
615 1824 704 1863 134,
736 1813 794 1850 18.

320 1880 410 1914 100,
432 1880 472 1919 3.
494 1867 591 1920 ἥξει]
615 1867 678 1905 Sc.
703 1867 795 1917 πρὸς
817 1868 914 1915 ὑμᾶς
935 1880 985 1904 ex
1007 1864 1334 1917 insequentibus.
1397 1862 1589 1901 REISK.

313 1925 363 1961 τὰ
397 1926 467 1961 νῦν
498 1922 846 1974 συμβεβιασμένα]
888 1922 1167 1973 Quaecunque
1204 1933 1311 1958 1111110
1344 1933 1369 1958 a
1393 1918 1586 1970 Philippo
1617 1920 1766 1956 coacta

256 1978 284 2017 i.
308 1992 342 2017 e.
366 1978 639 2030 undecunque
660 1978 696 2017 vi
719 1977 893 2016 collecta
928 1981 970 2015 et
1001 1976 1042 2014 in
1076 1990 1202 2014 unum
1228 1974 1426 2027 (Philippi
1460 1975 1649 2027 regnum)
1674 1986 1768 2010 con-

255 2035 404 2086 juncta
435 2038 546 2073 sunt.
609 2033 815 2073 Neutrum
850 2033 947 2071 dum
980 2031 1114 2084 ponit,
1136 2031 1272 2069 minus
1306 2030 1475 2069 definite
1506 2028 1701 2082 loquitur,
1726 2034 1768 2067 et

260 2089 447 2128 homines
469 2093 511 2128 et
532 2089 723 2128 civitates
754 2093 796 2128 et
817 2102 1031 2141 quaequae
1062 2091 1172 2135 811111,
1196 2086 1344 2138 quibus
1366 2085 1431 2124 ille
1453 2099 1627 2138 regnum
1649 2097 1768 2123 suum

261 2145 494 2197 composuit
516 2150 558 2184 et
579 2144 828 2196 coagulavit.
852 2143 1142 2195 complectens.
1207 2141 1427 2181 FRANK.

323 2214 414 2247 100,
440 2203 476 2238 ὅ.
513 2196 955 2253 οὕκουι’ὲέφεδρεύειιι]
996 2199 1139 2238 Gitant
1162 2197 1322 2237 AneCsl.
1346 2196 1475 2235 Bekk.
1510 2210 1549 2248 p.
1582 2196 1670 2247 136‚
1704 2206 1768 2246 23.

259 2255 595 2297 SCHAEFER.

325 2323 413 2353 100.
443 2323 505 2348 10.
538 2311 625 2349 οὐδὲ
647 2314 800 2349 πολλοῦ
822 2310 894 2362 δεῖ]
925 2310 966 2349 S.
987 2311 1121 2360 λόγου.
1153 2322 1270 2361 vaeque
1291 2308 1425 2347 multis
1443 2313 1494 2345 est
1515 2319 1622 2358 opus.
1685 2303 1769 2343 Alii

262 2365 608 2418 interpretantur.
632 2365 749 2416 quasi
774 2370 883 2404 esset
905 2368 1056 2403 πολλοῦ
1088 2381 1133 2414 γε
1160 2366 1220 2402 καὶ
1246 2367 1314 2408 δεῖ,
1338 2362 1503 2401 niulfum
1528 2367 1627 2399 certe
1653 2359 1768 2399 abest.

264 2420 376 2459 Huic
398 2420 571 2459 similem
602 2420 864 2466 locutionem,
888 2419 963 2458 οὐδ’
987 2420 1124 2469 ὀλίγου
1155 2422 1224 2463 δεῖ,
1249 2418 1393 2457 6οᾶ6111
1423 2416 1546 2454 modo
1568 2415 1769 2468 intelligo,

262 2475 419 2515 scilicet
432 2478 566 2526 λόγου.
580 2489 627 2514 11(7
632 2476 777 2526 paucis
784 2475 939 2528 quidem
952 2473 1076 2513 verbis
1089 2487 1183 2525 opus
1195 2473 1344 2518 est.hoc
1359 2476 1423 2511 est
1435 2484 1769 2524 supervacaneum

253 2545 421 2583 prorsus
441 2538 492 2570 est
511 2531 584 2569 Ιιασ
599 2531 645 2569 de
662 2545 705 2569 re
721 2531 862 2569 dicere.
886 2529 1078 2569 WOLF.
1123 2529 1238 2568 Idem
1260 2533 1324 2567 est
1343 2542 1391 2567 ac
1413 2526 1446 2565 si
1468 2526 1525 2565 sic
1547 2525 1770 2566 struxisset

263 2586 492 2626 Orationem
512 2602 519 2625 z
553 2587 596 2625 οὐ
629 2589 748 2626 κακῶς
769 2585 845 2624 οὐδ’
869 2587 993 2635 ἀργῶς
1014 2588 1133 2623 ταῦτα
1153 2584 1416 2635 λογιζόμενος.
1449 2583 1493 2620 οὐ
1520 2585 1587 2620 τοῦ
1617 2583 1770 2620 πολλοῦ

264 2645 325 2681 δεῖ
342 2642 437 2692 πρὸς
459 2641 501 2679 τὸ
522 2645 640 2680 ταῦτα
661 2640 972 2690 ὑπολαμβάνειν,
996 2641 1101 2679 ἀλλὰ
1126 2642 1192 2678 τοῦ
1213 2640 1368 2679 παντός.
1400 2651 1476 2676 ozon
1504 2636 1603 2675 male
1622 2636 1678 2674 sic
1697 2649 1769 2674 au-

262 2703 418 2736 tumans
430 2710 550 2749 neque
562 2696 732 2748 somnifer
748 2696 1046 2748 (leyeneremque
1060 2696 1103 2734 in
1117 2694 1273 2733 modum
1288 2708 1300 2730 .·
1323 2693 1427 2746 quod
1440 2693 1509 2745 qui
1521 2692 1567 2730 de
1574 2690 1769 2743 Philippo

262 2752 491 2804 suspicetur,
517 2755 628 2800 (cum
662 2750 786 2790 scilic.
810 2751 913 2790 istas
946 2750 1131 2789 rationes
1164 2749 1295 2788 malas
1328 2749 1490 2794 ducere⁷
1513 2750 1588 2786 aut
1609 2750 1769 2784 motum

263 2806 439 2859 segnitie
462 2811 503 2846 et
532 2806 730 2860 ignavia),
753 2820 826 2845 nae
848 2807 882 2845 ‘is
903 2820 979 2844 uon
999 2819 1166 2857 parum,
1187 2805 1258 2843 sed
1276 2810 1349 2843 toto
1371 2803 1469 2842 coelo
1489 2802 1539 2841 sit
1559 2800 1768 2840 aberratu-

265 2876 333 2900 rus
353 2876 378 2900 α
400 2876 498 2900 vero.
560 2862 697 2911 Quare
729 2875 809 2899 non
842 2861 948 2900 male
968 2860 1113 2899 feceris
1146 2859 1203 2898 sic
1225 2859 1509 2911 distinguens:
1544 2856 1631 2894 οὐδὲ
1656 2857 1768 2904 (πολ-

264 2920 336 2955 λοῦ
359 2919 435 2966 δεῖ)
459 2917 502 2955 οὐ
525 2920 725 2957 κακῶς-ε
759 2916 828 2955 ubi
851 2917 937 2955 οὐδὲ
960 2915 1091 2968 possit
1112 2929 1187 2968 pro
1220 2913 1390 2966 simplici
1413 2913 1455 2951 οὐ
1483 2910 1613 2962 accipi
1635 2914 1677 2948 et
1707 2909 1767 2947 in-

265 2985 438 3023 sequens
460 2972 503 3010 οὑ
524 2986 600 3023 pro
625 2985 930 3024 supervacaneo
951 2970 1107 3010 haberi.
1140 2969 1331 3008 REISK.
1396 2966 1554 3006 Eadem
1577 2963 1767 3003 Reiskius
