1935 3205
803 708 863 751 V.

602 837 722 887 DE
804 836 1060 888 PACE.

639 972 1024 1001 ⁴—

119 1077 282 1117 HAm'rA
315 1078 416 1118 haec
447 1078 582 1118 oratio
608 1084 671 1118 est
695 1078 856 1131 Olymp.
886 1079 974 1125 108,
997 1091 1037 1131 3.
1101 1077 1262 1117 Archia
1287 1077 1500 1125 archonte,
1524 1082 1572 1117 ut

61 1137 263 1174 testatum
284 1134 484 1174 habemus
505 1135 558 1174 ab
583 1134 783 1188 Dionysio
803 1134 901 1174 Hal.
925 1133 1003 1187 Ep.
1020 1133 1074 1174 ad
1097 1135 1349 1175 Aminaeum
1369 1147 1401 1173 1.
1420 1148 1458 1187 p.
1478 1146 1496 1183 7
1503 1145 1570 1186 37.

59 1191 157 1239 μετὰ
178 1192 219 1230 δὲ
243 1190 521 1240 Θεμιστοκλέα
541 1189 714 1242 Ἀρχίας,
739 1189 800 1241 ἐφ’
824 1191 868 1230 οὗ
890 1195 1074 1243 παραινεῖ
1092 1194 1172 1231 τοῖς
1190 1188 1414 1239 Ἀθηναίοις
1431 1190 1482 1239 μὴ
1505 1207 1573 1228 κω-

60 1246 170 1285 λύειν
201 1248 401 1286 Φίλιππον
436 1249 500 1295 τῆς
530 1245 832 1297 Ἀμφικτυονίας
867 1246 1059 1298 μετέχειν,
1093 1245 1176 1295 μηδ’
1209 1246 1390 1296 ἀφορμὴν
1426 1247 1574 1285 διδόναι

61 1301 235 1351 πολέμου
257 1303 396 1342 νεωστὶ
417 1303 698 1351 πεποιημένους
714 1303 782 1351 τὴν
803 1302 897 1353 πρὸς
919 1302 1037 1341 αὐτὸν
1054 1302 1220 1352 εἰρήνην.
1254 1302 1353 1354 ἀρχὴ
1375 1303 1415 1341 δὲ
1437 1302 1575 1350 ταύτης

61 1359 126 1406 τῆς
147 1360 379 1408 δημηγορίας
400 1358 508 1397 ἐστὶν
528 1360 595 1407 ἥδε
619 1357 759 1408 ““Ορῶ
779 1359 864 1406 μὲν,
888 1357 916 1397 ὦ
939 1359 1074 1409 ἄνδρες
1094 1357 1309 1407 Ἀθηναῖοι,
1332 1360 1380 1397 τὰ
1400 1358 1575 1408 παρόντα

61 1412 304 1464 πράγματα.”
365 1413 489 1453 Vana
510 1420 573 1453 est
599 1414 760 1454 Libanii
784 1413 924 1467 opinio
946 1414 1144 1467 scriptam
1168 1413 1333 1466 quidem
1355 1413 1461 1453 hanc
1484 1427 1573 1453 ora-

60 1468 230 1518 tionem,
253 1469 326 1509 sed
348 1484 429 1509 non
450 1470 637 1511 habitam
659 1484 747 1510 esse
766 1485 773 1509 :
808 1470 859 1511 sle
881 1485 963 1523 qua
984 1485 1021 1509 v.
1044 1470 1098 1510 ad
1120 1485 1159 1524 p,
1184 1471 1253 1522 56,
1285 1483 1342 1521 ¹4·

540 1637 596 1676 In
617 1643 891 1689 atyzcmentzcm
913 1635 1095 1676 Libanii.

118 1723 186 1765 55,
211 1725 242 1751 l.
266 1713 550 1764 Μηκυνομένου
576 1717 644 1753 τοῦ
669 1713 844 1764 πολέμου
866 1717 933 1753 τοῦ
958 1714 1045 1765 περὶ
1065 1713 1361 1767 Ἀμφιπόλεως]
1396 1715 1575 1755 Duravit

63 1767 172 1807 enim
193 1769 246 1808 ab
269 1768 432 1823 Olymp.
460 1782 549 1823 105,
571 1782 611 1822 3.
634 1783 764 1822 usque
784 1770 837 1810 ad
861 1770 1025 1833 Olymp.
1050 1772 1143 1818 108,
1172 1784 1204 1809 1.

118 1836 186 1877 55,
207 1837 247 1878 3.
283 1827 690 1879 κακῶς-φερόμενοι]
725 1826 777 1865 V.
810 1826 957 1866 Liban.
987 1840 1029 1865 m
1059 1831 1308 1880 argumento
1332 1826 1510 1880 Philipp.
1543 1827 1573 1866 Ι.

64 1893 101 1932 p.
123 1892 191 1932 39.
253 1880 441 1921 VOEM.

119 1944 186 1988 55,
205 1937 243 1975 6.
264 1935 525 1989 Ὀρχομενόν]
549 1936 609 1976 Cf.
632 1952 671 1990 p.
695 1939 761 1984 62,
791 1950 802 1975 1
813 1951 852 1990 5.
909 1937 1146 1978 Phocenses
1167 1938 1277 1977 enim
1300 1938 1574 1982 Orchomeno.

65 1989 253 2031 Coronea.
273 1996 316 2032 et
338 1992 504 2039 Corsiis,
529 1992 728 2032 Boeotiae
760 1993 934 2046 oppidis,
958 1993 1083 2047 potiti
1106 1993 1200 2032 hinc
1223 1994 1424 2046 reliquam
1446 1994 1576 2034 Boeo-

65 2045 167 2086 tiam
188 2047 561 2102 depopulabantur.
626 2048 686 2088 Of.
711 2048 882 2089 Diodor.
913 2054 971 2097 16,
994 2052 1062 2103 58.
1126 2049 1346 2088 FRANK.

120 2115 187 2156 55,
216 2116 278 2143 10.
299 2103 502 2157 πρότερον]
526 2103 688 2158 Olymp.
718 2107 805 2151 106,
828 2119 867 2155 4.
918 2105 973 2145 V.
996 2106 1050 2145 ad
1071 2120 1109 2158 p.
1132 2119 1199 2155 44,
1226 2107 1289 2145 28.

121 2171 188 2211 55,
215 2160 278 2198 16.
308 2160 531 2199 ἀνάστατον
551 2160 752 2213 πεποίηκε]
788 2160 821 2199 Ι.
844 2175 881 2214 q.
905 2163 1052 2207 ἀνεῖλε,
1075 2162 1223 2209 evertis,
1245 2161 1343 2201 feeit
1365 2166 1411 2201 ut
1433 2161 1578 2202 Civitas

66 2227 154 2252 esse
175 2214 396 2254 desineret.
462 2215 616 2254 Aesch.
646 2230 686 2268 p.
709 2218 775 2269 65,
800 2217 837 2255 8.
860 2218 910 2259 ὡς
931 2220 1005 2268 γὰρ
1026 2217 1193 2269 τάχιστα
1225 2219 1317 2257 εἵσω
1340 2222 1486 2257 Πυλῶν
1508 2219 1577 2257 Φί-

66 2273 207 2311 λιππος
226 2273 401 2321 παρῆλθε
423 2272 485 2310 καὶ
506 2271 574 2312 τάς
601 2288 642 2310 τε
670 2273 713 2311 ἐν
734 2276 914 2312 Φωκεῦσι
938 2275 1073 2314 πόλεις
1095 2274 1318 2323 παραδόξως
1338 2274 1579 2316 ἀναστάτους

69 2325 228 2375 ἐποίησε
251 2344 281 2365 κ.
304 2343 337 2366 τ,
362 2332 399 2366 λ.
464 2326 688 2366 FRANK.

123 2391 148 2432 5
153 2393 191 2432 5,
220 2393 282 2431 17.
304 2382 450 2435 χώραν]
475 2382 642 2429 Locum,
667 2397 789 2436 quem
812 2383 1050 2424 Phocenses
1071 2384 1111 2423 in
1135 2384 1308 2424 concilio
1332 2385 1578 2439 Amphicty-

69 2449 193 2475 onum
215 2439 279 2489 (ἐν
299 2441 349 2491 τῷ
372 2439 578 2491 συνεδρίῳ)
601 2443 837 2479 tenuerant.
900 2439 1123 2480 FRANK.

124 2502 191 2544 55,
216 2493 276 2531 18.
299 2495 366 2534 τὰς
387 2493 562 2547 ψήφους]
585 2496 651 2534 δύο
673 2497 748 2546 γὰρ
764 2495 924 2546 ψήφους
947 2496 1115 2536 ἕκαστον
1132 2497 1245 2547 φέρει
1267 2497 1390 2538 ἔθνος.
1424 2497 1578 2535 Aesch.

71 2559 109 2598 p.
131 2559 199 2600 43,
224 2560 289 2601 25.
351 2548 574 2588 FRANK.

125 2604 192 2655 56,
213 2617 252 2653 4.
275 2604 574 2658 συνιστάμενος]
596 2605 879 2659 Aclstipulans.

125 2657 270 2711 λέγων]
304 2659 397 2698 Non
427 2660 530 2699 haec
557 2660 648 2714 ipsa
680 2661 846 2713 quidem
878 2662 1003 2701 verba
1026 2661 1333 2701 Demosthenes
1366 2661 1484 2702 dixit.
1508 2662 1580 2701 sed

71 2713 319 2807 ἳσγῡῐόῖοηῖὶαηι
348 2715 536 2768 sophista
562 2720 674 2756 recte
700 2716 842 2769 paucis
867 2716 1048 2769 repetiit.
1113 2717 1211 2756 Vid.
1246 2722 1351 2756 orat.
1378 2731 1418 2769 p.
1442 2720 1495 2755 60
1517 2731 1578 2771 sq.

126 2826 194 2875 56,
224 2837 283 2874 14-
318 2825 443 2866 Οὗτος
469 2827 510 2864 δὲ
537 2826 558 2864 ὁ
591 2826 789 2880 λόγος-]
825 2825 995 2879 Repetit
1016 2827 1123 2866 hanc
1145 2826 1380 2879 opinionem
1403 2827 1581 2867 Photius

74 2876 176 2917 Bibl.
199 2894 239 2932 p.
264 2892 359 2930 492,
390 2891 436 2933 15
456 2895 463 2918 :
497 2879 546 2919 ‘O
569 2882 609 2920 δὲ
630 2882 717 2932 περὶ
738 2885 803 2931 τῆς
824 2882 974 2932 εἰρήνης
1004 2884 1125 2933 λόγος
1159 2882 1219 2921 καὶ
1241 2883 1381 2923 ἄλλοις
1401 2884 1486 2931 μὲν,
1510 2884 1581 2932 μά-

75 2936 192 2974 λιστα
225 2936 265 2974 δὲ
288 2937 462 2988 Λιβανίῳ
494 2939 544 2989 τῷ
577 2939 749 2990 σοφιστῇ
781 2938 1097 2987 παρεσκευάσθαι
1127 2939 1213 2987 μὲν,
1236 2938 1279 2977 οὐ
1304 2938 1380 2989 μὴν
1407 2940 1583 2990 εἰρῆσθαι
