1934 3179
303 129 387 167 504
706 129 784 170 DE
819 131 1016 171 FALSA
1052 131 1408 173 LEGATIONE.

360 246 455 285 359,
483 245 546 273 20.
576 235 634 274 καὶ
664 235 943 288 ἢνυ-εἰδέναι]
984 236 1128 276 Verba
1160 236 1216 276 Sic
1249 236 1420 276 ordina:
1457 238 1518 276 καὶ
1550 237 1598 286 ἦν
1630 238 1809 287 ἐπιμελὲς

304 289 433 330 αὐτοῖς
467 289 620 335 εἰδέναι,
655 292 715 330 καὶ
746 293 784 330 τί
813 293 1107 343 ἀπαγγελοῦσιν
1132 293 1248 338 οὗτοι,
1281 293 1341 332 καὶ
1373 294 1411 331 τί
1440 294 1546 342 ὑμεῖς
1576 296 1806 344 ψηφιεῖσθε.

360 413 456 454 359,
482 414 546 454 25.
576 401 718 453 ὑστέρα
740 403 870 442 τοίνυν
891 403 1047 455 δεκάτη]
1088 403 1362 456 Progreditur
1393 404 1435 443 in
1467 404 1723 444 numerando
1748 418 1808 451 ea,

305 471 411 509 quae
443 462 668 496 evenerunt
708 462 804 511 post
840 458 948 498 diem
981 459 1235 513 vigesimum.
1300 460 1347 499 Id
1381 461 1489 513 quod
1529 460 1658 500 fiebat
1698 460 1810 513 apud

304 512 583 552 Athenienses
619 513 762 553 ordine
796 515 1056 568 retrogrado.
1118 515 1237 565 Quod
1274 530 1512 569 quanquam
1552 522 1698 556 notum
1732 520 1808 564 est,

304 582 386 607 non
422 572 562 607 tamen
603 569 809 622 gravabor
833 571 961 610 verba
989 571 1160 624 Ulpiani
1198 572 1444 612 exscribere.
1508 572 1617 618 Εἶτα,
1653 572 1696 611 id
1732 576 1810 619 est,

303 628 398 676 post
430 623 537 663 diem
563 624 818 678 vigesimum,
846 626 986 666 λοιπὸν
1012 629 1053 666 ἐκ
1086 630 1152 676 τῆς
1184 629 1333 678 πρώτης
1367 629 1427 668 καὶ
1462 627 1611 670 εἰκάδος
1644 627 1689 677 ἐξ
1718 629 1810 667 ὑπο-

303 682 475 730 στροφῆς
495 680 683 730 λέγοντες
704 681 772 730 τὴν
794 683 946 732 πρώτην
964 683 1095 722 εἰκάδα
1121 683 1298 737 (corrige
1319 684 1388 733 τὴν
1404 685 1557 735 πρώτην
1574 685 1636 723 καὶ
1661 683 1806 736 εἰκάδα)

304 735 478 784 δεκάτην,
510 737 571 775 καὶ
601 737 670 786 τὴν
698 737 879 788 δευτέραν
903 738 1071 788 (iterum
1101 740 1279 793 corrige)
1311 740 1463 789 ἐνάτην,
1499 741 1560 779 καὶ
1590 740 1659 790 τὴν
1680 741 1810 790 τρίτην

304 790 435 831 εἰκάδα
460 791 642 844 (iterum)
667 794 821 844 ὀγδόην,
847 795 908 834 καὶ
937 796 1074 844 ὁμοίως
1101 797 1219 837 οὕτως
1249 796 1318 837 ἕως
1338 798 1402 845 τῆς
1424 795 1635 845 τριακάδος.
1697 795 1810 849 Ergo

303 861 338 886 v.
364 858 428 898 27.
453 847 603 898 τετράδι
624 851 832 899 φθίνοντος
857 854 904 889 tu
936 850 1223 904 interpreteris
1244 852 1307 891 <lie
1328 852 1466 891 mensis
1486 851 1668 905 vifyesimo
1694 852 1811 904 septi-

302 917 374 951 mo,
408 917 489 942 non
518 903 663 943 decimo
692 911 844 958 quarto.
878 910 920 945 et
941 921 981 959 p.
1003 910 1099 959 360,
1121 920 1160 957 4.
1184 909 1314 959 ὀγδόη,
1338 909 1497 958 ἑβδόμη,
1522 908 1623 957 ἕκτη,
1647 907 1809 958 πέμπτη,

303 961 438 1007 τετρὰς
459 958 520 999 ita
536 974 718 1013 expones
735 977 741 999 :
775 961 872 1001 Dies
885 963 1203 1016 Sciroplaore'owis
1225 964 1430 1016 visyesimus
1450 963 1813 1017 tertius—quartus

301 1015 957 1070 —qm'ntus—sextus——sept'e'mus,
992 1018 1052 1057 vel
1089 1021 1222 1069 τετρὰς
1254 1020 1473 1070 φθίνοντος.
1540 1019 1810 1059 Intervallum

304 1070 498 1110 nimirum
529 1072 688 1111 dierum
715 1072 908 1126 quinque,
932 1088 1013 1127 quo
1044 1089 1143 1114 sane
1173 1075 1371 1128 utrinque
1399 1075 1575 1129 contigit
1606 1079 1653 1115 ut
1681 1080 1724 1115 et
1749 1088 1809 1122 ea,

302 1141 409 1179 quae
431 1127 613 1167 Athenis
638 1134 760 1182 gesta
780 1134 929 1175 essent.
953 1130 1154 1170 rescirent
1178 1130 1425 1177 Phocenses,
1444 1136 1487 1171 et
1509 1146 1616 1184 quae
1638 1131 1679 1170 in
1702 1131 1811 1170 Pho-

304 1182 406 1231 cide,
448 1184 792 1225 renunciarentur
833 1185 1026 1226 Athenis.
1071 1186 1329 1226 TAYLOR.
1397 1187 1452 1226 V.
1481 1186 1659 1227 Clinton.
1692 1187 1810 1228 Fast.

312 1237 420 1278 Hell.
440 1240 516 1279 vol.
543 1253 578 1280 2.
602 1255 641 1294 p.
664 1252 759 1295 325.

361 1296 477 1345 ταύτῃ
513 1297 715 1348 ἐγίγνοντο
753 1299 792 1337 αἱ
829 1297 1016 1352 σπονδαί]
1060 1298 1157 1339 Sub.
1182 1304 1255 1339 τῶν
1282 1300 1451 1340 Φωκέων
1486 1300 1581 1350 πρὸς
1611 1302 1812 1340 Φίλιππον

302 1353 346 1404 τῇ
370 1353 486 1402 ὀγδόῃ
507 1353 628 1406 ἡμέρᾳ
647 1356 744 1402 μετὰ
763 1353 1061 1404 τὴνἈθήνησιν
1084 1357 1308 1405 ἐκκλησίαν,
1332 1356 1409 1395 hoc
1432 1361 1507 1403 est.
1533 1369 1585 1405 24
1610 1356 1725 1404 Maii,
1742 1355 1810 1408 qui

304 1411 368 1446 est
395 1408 417 1457 ἡ
449 1410 579 1459 τετρὰς
608 1410 829 1460 φθίνοντος,
853 1410 915 1450 vel
944 1411 965 1460 ἡ
991 1411 1150 1462 τετάρτη
1177 1413 1240 1451 ἐπὶ
1270 1411 1401 1457 εἰκάδι,
1426 1412 1487 1451 vel
1512 1413 1534 1462 ἡ
1557 1413 1702 1462 ἑβδόμη
1725 1413 1812 1463 φθί-

305 1479 450 1504 νοντος.
512 1463 584 1503 Sin
620 1479 645 1504 a
678 1469 865 1519 tempore
896 1472 1108 1519 supputes,
1138 1482 1219 1520 quo
1250 1468 1485 1507 Phocenses
1512 1468 1813 1508 Atheniensem

306 1518 545 1558 concionem
576 1526 871 1573 cognoverunt,
895 1522 1077 1562 decimus
1108 1523 1203 1562 indo
1229 1524 1316 1563 dies
1344 1524 1424 1563 erit
1445 1537 1512 1576 30.
1540 1524 1656 1571 Maii,
1679 1538 1812 1563 nonus

308 1586 385 1626 29..
404 1579 574 1614 octavus
595 1577 659 1616 28.
709 1577 799 1630 Ego
818 1577 1123 1618 dubitationem
1144 1593 1278 1618 meam
1299 1580 1446 1619 fateor.
1481 1579 1671 1619 WOLF.
1734 1579 1812 1630 Qui

306 1644 354 1669 ea
385 1630 544 1684 legerit.
568 1646 672 1683 quae
703 1633 826 1671 modo
857 1634 1065 1681 adnotavi.
1089 1649 1181 1673 eum
1209 1636 1259 1674 de
1290 1635 1367 1675 hoc
1394 1635 1482 1674 loco
1508 1635 1702 1675 dubitare
1730 1649 1811 1674 non

308 1685 456 1725 sinam.
490 1686 747 1726 TAYLOR.

364 1755 460 1794 359,
487 1744 550 1782 26.
575 1744 645 1795 τῷ]
675 1745 759 1783 ἀντὶ
781 1747 848 1784 τοῦ
869 1747 943 1784 τίνι
964 1749 1120 1798 σημείῳ.
1157 1746 1346 1786 WOLF.

361 1800 458 1850 360,
480 1812 512 1837 1.
539 1801 581 1838 ἐν
599 1801 795 1852 Πειραιεῖ]
835 1800 952 1840 Alias
974 1802 996 1850 ἡ
1020 1803 1125 1851 Πνὺξ
1146 1802 1259 1842 locus
1281 1803 1527 1842 concionum
1548 1803 1638 1842 fuit.
1690 1803 1810 1842 Nunc

306 1853 347 1891 in
380 1853 555 1894 Piraeeo
591 1860 727 1908 portu,
760 1871 785 1896 a
817 1871 898 1909 quo
930 1857 1073 1910 utique
1104 1858 1267 1898 navalia
1303 1873 1384 1897 non
1420 1858 1540 1913 longe
1573 1859 1810 1899 abfuerunt.

310 1909 500 1950 WOLF.

364 1967 581 2019 Δερκύλος]
614 1968 710 2007 Vid.
735 1983 772 2021 p.
796 1980 892 2021 379.
920 1981 981 2009 21.
1027 1969 1278 2009 SCHAEF.

363 2023 457 2074 360,
480 2036 517 2074 5.
552 2023 642 2062 αὐτὸ
670 2024 898 2078 συμβαίνει]
934 2025 997 2064 Ex
1033 2026 1345 2079 computatione
1378 2026 1419 2065 id
1452 2026 1586 2080 ipsum
1623 2027 1809 2074 efficitur,

309 2077 388 2128 (tlte
413 2079 620 2132 rechone'snsy
642 2094 762 2119 comes
791 2081 942 2133 madly
964 2082 1100 2135 riola.)
1126 2082 1316 2134 quintum
1345 2082 1453 2122 diem
1480 2083 1538 2133 (h.
1562 2097 1595 2122 e.
1619 2083 1810 2136 quintum

306 2134 359 2172 ab
386 2135 503 2184 ὀγδόῃ
529 2136 756 2185 φθίνοντος)
785 2136 826 2175 in
857 2137 965 2176 hunc
992 2137 1099 2176 diem
1124 2138 1169 2189 (i.
1192 2153 1223 2178 e.
1247 2138 1409 2189 τετράδα
1429 2139 1491 2177 vel
1518 2139 1703 2190 τετάρτην
1724 2141 1810 2190 φθί-

309 2190 460 2239 νοντος)
485 2189 676 2230 incidere.
729 2192 799 2230 Ad
822 2193 1013 2232 verbum:
1048 2194 1228 2246 (smmum
1249 2208 1324 2234 esse
1345 2194 1449 2233 (liam
1471 2194 1528 2234 ad
1545 2195 1659 2235 Ῐιιιηο.
1711 2195 1810 2235 an-

309 2249 444 2284 terum
476 2247 706 2285 notandum
740 2252 803 2287 est
832 2251 898 2290 τὰς
924 2252 1096 2290 σπονδὰς
1123 2250 1255 2289 factas
1283 2250 1407 2290 fuisse
1432 2250 1502 2290 ubi
1532 2251 1680 2292 aderat
1712 2251 1809 2290 Phi-

308 2299 456 2353 lippus.
500 2301 597 2340 Vid.
614 2302 652 2340 ll.
671 2315 734 2351 24.
753 2307 795 2343 et
814 2305 878 2343 28.
911 2304 1158 2344 SEAGER.
1179 2306 1294 2345 Diar.
1313 2306 1480 2346 Classic.
1496 2317 1563 2359 54.
1578 2322 1618 2360 p.
1635 2319 1727 2358 224.
1746 2322 1806 2360 sq.

363 2357 459 2409 360,
484 2359 521 2395 6.
545 2358 734 2411 οἶς-οἶς]
764 2360 819 2400 οἷς
840 2364 1061 2412 utrumque
1093 2375 1173 2400 non
1205 2366 1269 2401 est
1299 2362 1511 2401 masculini
1542 2363 1719 2416 generis.
1741 2377 1809 2402 ne-

309 2426 388 2465 que
408 2412 604 2453 cohaeret
624 2428 716 2452 cum
738 2416 904 2467 χρόνοις,
929 2415 1000 2455 sed
1022 2417 1211 2456 neutrius
1234 2417 1423 2470 idemque
1446 2418 1555 2458 valet
1575 2423 1702 2471 atque
1726 2419 1809 2459 τού-

311 2485 403 2514 τοις,
426 2469 530 2508 δι-.
574 2469 766 2509 REISK.

369 2525 464 2577 360,
499 2525 536 2564 8.
568 2526 976 2581 μηδεμίαν-μηδ’-]
1025 2528 1119 2568 Hae
1156 2543 1228 2568 cur
1263 2529 1424 2582 positae
1459 2529 1543 2570 sint
1578 2531 1807 2584 negativae,

310 2594 389 2619 non
413 2581 802 2630 οὐδεμίαν-οὐδ’-,
825 2582 949 2622 aliam
975 2598 1164 2624 caussam
1193 2599 1272 2623 non
1304 2585 1589 2625 comminiscor
1609 2586 1688 2626 nisi
1710 2585 1809 2625 obli-

309 2649 434 2688 quam
466 2636 710 2677 orationem.
772 2639 969 2679 Resolvas
999 2640 1041 2678 in
1074 2646 1230 2680 rectam
1262 2641 1596 2689 conditionalem.
1631 2644 1664 2682 εἰ
1697 2645 1808 2692 μηδε-

307 2691 597 2741 μία-μηδ’-,
629 2693 699 2733 sed
736 2693 794 2734 ita
831 2695 1162 2743 conditionalem,
1198 2701 1245 2736 ut
1280 2711 1365 2736 rem
1401 2697 1556 2737 factam
1592 2697 1807 2751 significet.

312 2747 560 2787 SGHAEF.

367 2805 461 2853 5560.
486 2817 547 2843 10.
569 2806 986 2859 πολιορκίᾳ-κράτος]
1024 2808 1208 2847 Advertc
1236 2808 1537 2849 abundantiam
1566 2809 1804 2849 oratoriam.

312 2858 565 2899 SCHAEF.
641 2860 922 2902 Confirmatur
943 2863 1019 2902 hoc
1042 2879 1066 2902 a
1089 2863 1275 2903 Diodoro
1303 2867 1364 2913 16,
1389 2877 1456 2917 59.
1488 2865 1557 2904 ubi
1595 2865 1807 2918 Philippus
