1914 3184
220 126 303 165 181·
662 126 1017 167 PHILIPPICA
1051 126 1288 166 TERTIA.

282 242 292 266 1
312 231 369 276 16,
397 240 459 268 21.
495 228 762 278 ἑβδομήκοντα
784 229 848 278 ἔτη
872 230 934 268 καὶ
953 230 1056 281 τρία]
1095 229 1386 283 Principatum
1408 231 1731 271 Atheniensium

216 283 286 324 alii
323 283 628 324 diuturniorem
663 284 834 332 faciunt,
869 284 938 325 alii
970 284 1214 325 breviorem.
1264 285 1323 323 W
1328 285 1458 326 OLF.
1520 286 1575 326 V.
1603 287 1657 327 ad
1691 302 1731 341 p.

216 353 285 392 352
307 353 347 392 5·

282 409 292 434 1
310 398 370 443 16,
397 408 460 435 22.
483 395 697 446 προστάται
719 398 759 435 δὲ
782 396 986 446 τριάκοντα
1008 396 1094 437 ἑνὸς
1114 395 1254 435 δέοντα
1275 397 1595 451 Λακεδαιμόνιοι]
1621 397 1732 437 Eun-

217 452 311 491 dem
332 465 549 491 numerum
572 450 690 504 ponit
710 451 936 504 Dionysius
959 451 1056 491 Hal.
1081 451 1230 504 Antiq.
1249 451 1369 491 Rom.
1397 465 1426 499 1,
1444 466 1483 506 3,
1508 455 1734 504 ἐπαύθησαν

218 510 259 547 δὲ
281 509 338 559 (οἱ
360 508 676 558 Λακεδαιμόνιοι)
700 507 774 546 ὑπὸ
797 509 990 557 Θηβαίων
1011 508 1099 547 οὔτε
1125 509 1217 559 (ser.
1242 507 1350 559 οὐδὲ)
1374 508 1450 547 ὅλα
1471 509 1536 559 ἔτη
1557 508 1733 559 τριάκον-

217 580 264 602 τα
285 563 354 612 τὴν
376 563 502 614 ἀρχὴν
523 564 799 614 κατασχόντες.
861 562 947 602 Alii
980 563 1129 602 horum
1164 577 1327 615 quoque
1348 563 1609 616 principatus
1629 569 1733 604 tem-

216 633 293 671 pus
314 618 530 672 aliquanto
552 617 716 657 brevius
737 618 896 658 faciunt
916 635 923 658 :
957 619 1009 658 de
1030 633 1111 672 quo
1142 618 1252 657 dixit
1274 618 1452 659 Olinton.
1478 619 1597 660 Fast.
1622 620 1732 659 Hell.

217 674 294 713 vol.
321 686 356 713 2.
417 674 612 727 Append.
635 688 669 713 ο.
695 685 731 726 7.
754 689 793 727 p.
819 686 912 727 252.
938 687 1030 727 253.
1062 684 1176 714 recte
1207 674 1433 714 observans
1454 675 1630 729 triginta
1660 690 1730 715 an-

217 744 291 768 nos
309 730 378 783 qui
397 729 612 783 posuerint
633 734 897 783 computasse
914 744 939 770 a
961 745 1100 784 pugna
1121 730 1175 770 ad
1193 730 1530 783 Aegospotamos
1549 731 1731 784 (Olymp.

217 799 283 839 93,
302 800 342 836 4.
356 799 501 838 2405.
528 787 580 825 A.
599 785 715 837 Chr.)
740 800 869 839 usque
890 786 944 825 ad
966 800 1149 839 pugnam
1169 786 1224 825 ad
1247 785 1415 825 Naxum
1433 786 1616 840 (Olymp.
1640 799 1731 835 101,

222 843 412 894 1.=376.
437 844 492 880 A.
516 841 596 889 C.)‚
620 856 702 894 qua
727 841 1044 881 Lacedaemonii
1067 857 1092 881 a
1114 841 1297 881 Chabria
1318 846 1416 881 sunt
1437 841 1550 882 vieti.

280 900 368 945 116,
409 909 474 950 25.
517 898 587 946 τὴν
621 899 664 936 ἐν
697 899 905 948 Λεύκτροις
936 898 1084 950 μάχην]
1127 897 1289 950 Olylnp.
1321 909 1412 945 102,
1450 909 1645 952 2.=371.
1675 899 1733 938 A.

218 953 315 993 Chr.

281 1023 291 1048 1
311 1010 368 1056 16,
395 1021 459 1059 27.
482 1009 622 1063 ποιεῖν]
645 1009 687 1048 τὸ
710 1012 837 1048 ποιεῖν
859 1009 923 1048 A:
959 1024 1040 1062 quo
1061 1023 1144 1048 non
1173 1023 1300 1063 Opus:
1337 1016 1360 1031 ‘⁸
1384 1009 1451 1049 Sic
1473 1010 1523 1049 de
1546 1009 1731 1050 Halonn.

215 1080 252 1118 p.
278 1067 343 1105 80.
386 1065 498 1104 οὐδὲν
520 1065 622 1104 ἄλλο
655 1064 677 1114 ἢ
710 1063 810 1103 τοῦτ’
833 1066 962 1114 ἀξιῶν,
984 1064 1049 1116 ὑφ’
1072 1067 1178 1115 ὑμῶν
1207 1067 1261 1107 εἰς
1293 1066 1362 1114 τὴν
1393 1064 1593 1105 θάλατταν
1615 1083 1728 1105 κατα-

214 1124 416 1170 σταθῆναι.
479 1120 679 1160 Cherson.
712 1135 751 1173 p.
779 1133 869 1171 107.
902 1122 990 1160 οὐδὲ
1024 1121 1154 1172 ἔμοιγε
1188 1124 1295 1160 δοκεῖ
1327 1121 1473 1161 δικαίου
1503 1121 1604 1160 τοῦτ’
1633 1121 1733 1161 εἶναι

214 1178 389 1222 πολίτου,
425 1180 581 1215 τοιαῦτα
616 1176 864 1225 πολιτεύμαθ’
897 1177 1101 1226 εὑρίσκειν.
1136 1191 1170 1216 e.
1195 1176 1358 1230 Leptin.
1390 1191 1430 1230 p.
1451 1179 1548 1227 460.
1583 1181 1658 1216 τῶν
1690 1179 1733 1216 δὲ

215 1237 327 1272 τοῦτο
349 1236 501 1283 πρῶτον
521 1231 685 1282 ὑπάρξαι
707 1235 770 1281 τῆς
792 1234 973 1281 ὁμονοίας
995 1237 1158 1282 σημεῖον
1180 1233 1402 1281 ἀξιούντων,
1423 1233 1530 1286 κοινῇ
1552 1235 1733 1272 διαλῦσαι

214 1291 260 1327 τὰ
282 1288 471 1340 χρήματα.
536 1288 640 1327 Mid.
663 1303 700 1340 p.
724 1289 821 1339 569.
855 1289 983 1327 οὐδενὶ
1010 1290 1165 1328 πώποτε
1197 1290 1342 1327 τούτων
1376 1289 1543 1327 ἐδώκατε
1564 1289 1634 1338 τὴν
1655 1292 1727 1328 δω-

213 1347 308 1394 ρεὰν
330 1345 471 1393 ταύτην
492 1343 569 1383 οὐδ’
593 1344 641 1383 ἂν
663 1345 801 1392 δοίητε,
827 1342 971 1392 ἐξεῖναι
993 1344 1080 1385 τοὺς
1097 1345 1213 1385 ἰδίους
1235 1344 1398 1396 ἐχθροὺς
1413 1344 1586 1393 ὑβρίζειν
1607 1344 1733 1384 αὐτῶν

216 1398 380 1452 ἑκάστῳ.
443 1400 643 1439 Fortasse
677 1400 804 1439 etiam
838 1405 933 1452 post
970 1401 1094 1439 ἐκεῖνο
1129 1399 1169 1438 in
1207 1405 1315 1439 orat.
1338 1399 1390 1438 de
1417 1399 1508 1439 sals.
1542 1399 1668 1453 legat.
1691 1414 1730 1452 p.

212 1467 309 1509 432.
346 1457 472 1495 ἐκεῖνο
508 1457 548 1494 δὲ
580 1456 631 1505 μὴ
663 1458 826 1505 προσῆν,
850 1455 892 1493 τὸ
927 1457 1079 1496 δικαίως
1116 1456 1178 1494 καὶ
1208 1460 1348 1505 προῖκα
1378 1455 1730 1506 πεπρεσβευκέναι.

213 1511 415 1551 articulus
446 1511 490 1550 τὸ
521 1525 613 1550 oum
638 1510 831 1550 Parisino
862 1510 967 1549 libro
991 1511 1032 1549 S.
1055 1511 1313 1550 omittendus
1344 1511 1445 1550 estsq
1498 1510 1729 1550 WEBER.

215 1567 268 1606 ad
290 1571 398 1606 orat.
421 1581 455 1606 ο.
480 1567 686 1607 Aristoer.
709 1581 747 1619 p.
772 1568 866 1618 667.
899 1579 957 1617 ¹7·

281 1628 367 1669 110,
394 1624 458 1661 28.
481 1624 568 1661 οὐδὲ
590 1625 743 1661 πολλοῦ
764 1621 841 1675 δεῖ]
868 1622 918 1659 V.
943 1622 995 1661 ad
1018 1636 1055 1674 p.
1087 1635 1174 1669 100,
1205 1635 1264 1661 10.

280 1691 288 1716 1
306 1680 367 1725 16,
388 1690 453 1729 29.
476 1682 631 1726 μᾶλλον
653 1680 692 1717 δὲ
716 1681 794 1718 τοῖς
812 1677 888 1716 τότ’
911 1679 1024 1717 οὖσιν
1043 1676 1284 1730 Ἀθηναίοις]
1310 1678 1419 1717 Vide
1449 1693 1530 1731 quo
1551 1678 1730 1718 artificio

216 1738 361 1773 orator
382 1738 525 1786 captet
545 1748 691 1773 auram
712 1733 967 1786 popularem.
1031 1732 1363 1772 SOHAEFER.

280 1800 366 1840 117,
395 1802 428 1827 1.
463 1790 583 1841 τισιν]
626 1789 804 1828 Dativus
826 1789 980 1841 pendet
1008 1803 1033 1827 a
1055 1789 1180 1827 verbo
1203 1789 1511 1839 προσφέρεσθαι4
1574 1789 1731 1829 Orator

214 1860 300 1884 rem
323 1850 550 1884 attenuans
574 1859 655 1884 non
678 1845 892 1883 moderate
913 1848 1121 1883 tractatos
1148 1858 1236 1883 esse
1259 1844 1373 1891 dicit.
1397 1844 1438 1882 in
1461 1859 1563 1897 quos
1584 1850 1731 1884 notum

214 1905 278 1940 est
300 1900 525 1939 crudeliter
545 1901 599 1940 ab
624 1900 952 1939 Atheniensibus
973 1899 1306 1939 animadversum
1327 1914 1428 1939 esse.
1484 1900 1649 1939 FRAN
1653 1900 1707 1940 K.

281 1970 288 1994 1
307 1968 368 2008 17,
387 1969 425 2008 3.
454 1956 789 2007 Λακεδαιμονίοις]
817 1955 994 1994 Dativus
1015 1955 1177 2008 regitur
1197 1970 1222 1995 a
1239 1955 1380 2007 phrasi
1400 1957 1453 1997 εἰς
1469 1957 1645 2005 πόλεμον
1666 1973 1730 1995 κα-

216 2012 412 2061 τέστησαν
435 2011 459 2050 i.
482 2026 516 2050 O.
541 2013 806 2061 ἐπολέμησαν.
870 2011 1089 2049 FRANK.

272 2067 431 2119 ἄρξασι]
477 2066 703 2120 Explicant
737 2066 935 2106 continuo
968 2066 1198 2118 sequentia.
1232 2067 1368 2118 ἄρχειν
1399 2067 1508 2105 enim
1530 2067 1569 2105 h.
1591 2067 1615 2105 l.
1648 2081 1731 2106 non

214 2128 278 2161 est
302 2123 507 2175 ίυψονανιτ,
530 2123 602 2161 sed
634 2122 846 2174 ‘imperium
877 2136 1085 2174 capessere.
1147 2121 1390 2161 Herodotus
1420 2135 1451 2169 1,
1482 2135 1541 2170 14.
1574 2123 1662 2161 ἐπεί
1688 2138 1731 2161 τε

215 2178 319 2226 ἦρξε.
373 2178 502 2217 Recte
524 2178 729 2229 interpres
746 2193 753 2216 :
779 2184 991 2230 postquam
1009 2192 1124 2230 regino
1144 2184 1196 2216 est
1208 2177 1373 2230 potitus.
1426 2177 1585 2216 Eodem
1606 2177 1730 2216 modo

216 2238 472 2285 usurpantur
502 2234 747 2282 βασιλεύειν,
784 2234 974 2283 ἡγεῖσθαι,
1008 2233 1266 2282 τυραννεύειν,
1299 2237 1346 2271 ut
1377 2232 1611 2285 significent
1630 2233 1731 2284 fieri

216 2302 349 2341 restam.
373 2289 522 2335 ducem,
544 2295 775 2339 tyrannam.
838 2287 1171 2327 SGHAEFER..

276 2356 367 2394 117,
390 2356 429 2397 5.
451 2342 701 2395 πλεονάζειν]
726 2343 839 2381 Raro
862 2357 936 2381 usu
959 2343 984 2381 i.
1007 2358 1043 2394 q.
1072 2347 1349 2382 πλεονεκτεῖν;
1384 2342 1617 2389 molescere,
1632 2342 1731 2395 plus

214 2398 291 2438 sibi
311 2413 430 2452 quam>
451 2397 647 2450 oportebat
668 2411 871 2450 arroyare.
906 2397 1098 2437 WOLF.
1150 2398 1266 2437 Oonf.
1289 2412 1327 2449 p.
1353 2398 1448 2449 998,
1474 2410 1538 2437 20.
1562 2399 1623 2437 καὶ
1645 2398 1731 2439 τοὺς

215 2455 315 2494 πάνυ
344 2455 492 2495 δεινοὺς
520 2453 718 2498 ἑκάστοτε,
745 2454 839 2492 ὅταν
867 2452 1148 2500 πλεονάζωσιν,
1174 2452 1376 2492 ἐπίστασθ’
1408 2454 1515 2502 ὑμεῖς
1548 2454 1730 2503 κοσμίους

215 2514 354 2549 ποιεῖν.

277 2579 290 2603 1
307 2578 368 2616 17,
392 2567 429 2603 6.
454 2565 532 2617 καὶ]
564 2564 712 2604 Malim
734 2564 917 2617 positum
939 2569 1034 2617 post
1054 2565 1221 2614 μετρίου.
1285 2563 1616 2603 SCHAEFER.

274 2623 320 2659 τὰ
370 2621 632 2669 καθεστηκότα
683 2620 850 2673 ἐκίνουν]
906 2619 1187 2670 ἀναγκάζοντες
1236 2619 1324 2660 τοὺς
1373 2619 1598 2670 συμμάχους
1649 2620 1728 2657 ἐπι-

215 2677 372 2723 τηδείως
394 2677 511 2725 σφίσι
527 2676 813 2719 πολιτεύεσθαι,
830 2675 1043 2719 τουτέστιν,
1061 2676 1372 2725 ὀλιγαρχεῖσθαι,
1389 2677 1544 2723 μᾶλλον
1561 2675 1600 2712 δὲ
1619 2676 1727 2712 δεκα-

216 2732 377 2781 δαρχίας
429 2729 694 2771 καθιστάντες.
773 2730 882 2769 Vide
938 2729 1136 2769 Isocratis
1191 2729 1348 2782 Paneg.
1397 2734 1440 2768 et
1492 2728 1725 2768 Panathen.

279 2854 290 2878 1
310 2851 367 2891 17,
397 2853 457 2891 ¹3·
481 2839 1032 2892 τριάκοντα-ἑβδομήκοντα]
1058 2839 1262 2878 Numeros
1284 2839 1487 2878 rotundos
1510 2838 1629 2891 ponit
1650 2851 1725 2889 pro

216 2895 322 2933 veris
349 2908 411 2947 29.
434 2901 473 2933 et
502 2907 578 2947 73.³
603 2895 752 2945 quibus
775 2908 900 2946 supra
922 2909 1019 2933 usus
1040 2899 1131 2934 erat
1154 2909 1191 2947 p.
1222 2896 1310 2935 116,
1337 2907 1400 2934 21.
1429 2905 1491 2933 22.
