1934 3179
297 124 380 161 428
849 121 964 160 PRO
997 120 1246 161 CORONA.

356 240 448 279 294,
475 227 539 267 26.
575 228 607 266 εἰ
628 229 702 277 γὰρ
722 226 769 276 ἦν
793 243 822 264 κ.
843 242 875 264 τ.
898 225 954 277 λ.]
990 224 1259 263 Marcellinus
1280 238 1320 276 p.
1343 225 1438 275 316.
1473 223 1527 262 ἔτι
1553 225 1593 263 δὲ
1623 224 1683 263 καὶ
1709 226 1805 263 κατὰ

294 285 390 333 βίαι)
413 282 599 333 εἰσήγαγε
620 282 663 320 τὸ
685 281 843 330 ἔνδοξον
870 282 912 319 ἐν
938 283 989 332 τῷ
1012 280 1111 332 αὐτῷ
1138 281 1254 332 τόπῳ·
1289 281 1322 318 εἰ
1347 281 1421 329 γὰρ
1445 278 1493 328 ἦν
1520 279 1641 318 ἅπασι
1665 281 1800 330 πρόδη-

295 344 349 377 λα
369 340 416 377 τὰ
437 337 637 388 μέλλοντα
659 336 893 376 ἕσεσθαι-.
955 334 1152 374 REISK.

355 406 447 444 294,
473 404 537 445 27.
560 390 817 444 γενήσεσθαι]
843 390 1005 430 ἔσεσθαι
1030 389 1311 429 Marcellinus.
1373 388 1624 429 SOHAEF.

356 462 448 501 295,
481 462 509 488 ι.
543 448 704 500 τούτων]
746 448 931 497 Quorum
961 460 1036 499 ego
1067 450 1157 484 tum
1184 445 1348 498 patriae
1370 459 1460 484 sum
1482 450 1630 485 auctor
1657 446 1803 484 factus.

298 504 491 543 REISK.

355 561 460 609 εἴπερ
492 557 604 607 δόξης
637 556 677 609 (ἦ
709 559 819 606 δόξης
850 556 991 609 vulgo)
1024 554 1046 605 ἢ
1077 557 1282 607 προγόνων
1312 554 1334 605 ἢ
1366 559 1433 594 τοῦ
1471 556 1690 604 μέλλοντος
1720 557 1806 595 αἰῶ-

297 632 361 656 νος
389 615 471 666 εἶχε
496 615 619 664 λόγον
649 613 869 666 legendum
892 612 1056 651 videtur
1089 626 1181 650 cum
1206 611 1418 664 Dionysio,
1441 611 1480 650 h.
1503 625 1536 650 e.
1567 611 1602 650 si
1626 611 1806 650 honorem

295 684 408 709 smum
447 668 681 722 respiciebat
718 675 788 708 aut
830 669 1025 720 majorum
1064 667 1280 720 ammplam
1314 673 1385 706 aut
1415 666 1662 719 posteritatis
1690 666 1805 719 jucli-

297 726 414 765 (τίμιαι.
475 724 721 777 Amplificat
757 723 944 776 pluribus
979 723 1114 762 verbis
1148 723 1258 775 quod
1293 722 1474 775 alioquin
1507 722 1689 761 breviter
1724 722 1805 762 dici

297 785 465 833 poterat
486 797 492 820 :
526 780 560 819 si
582 779 759 818 nominis
781 779 842 818 sui
864 793 1022 817 memor
1048 784 1140 818 erat
1168 779 1278 817 urbs.
1342 777 1502 817 Divisio
1522 777 1657 831 logica
1678 778 1806 817 trium

296 837 577 876 membrorum
598 850 679 874 non
701 836 834 883 adest,
859 835 930 873 sed
958 834 1184 873 cumulatio
1211 833 1403 873 similium
1425 833 1653 881 notionum,
1677 848 1805 886 quare

296 897 362 932 ter
383 891 480 945 poni
503 890 524 941 ἦ
547 906 628 930 non
650 891 800 944 potuit.
863 890 1090 929 DffiSEN.

357 960 449 1000 295,
476 960 511 987 2.
536 950 604 986 νῦν
623 949 874 996 μὲν-ταῦτα
895 944 1005 998 δοκῇ]
1030 945 1175 985 Citant
1207 945 1365 985 Anecd.
1393 944 1524 984 Bekk.
1557 959 1596 997 p.
1628 956 1713 991 121,
1740 956 1804 996 27.

299 1003 632 1043 SOHAEFER.

354 1076 398 1110 γε
421 1058 623 1098 omittunt
645 1058 809 1097 Anecd.
834 1058 968 1097 Bekk.

357 1127 449 1168 295,
472 1125 511 1167 5.
535 1113 683 1166 ἄλλων]
705 1113 913 1162 Ἑλλήνων
936 1112 1170 1165 Dionysius,
1234 1112 1435 1151 REISK.

358 1183 452 1223 295,
475 1173 512 1209 6.
536 1169 702 1222 πάντας]
727 1170 878 1210 πάντως
900 1168 1140 1221 Dionysius.
1202 1168 1392 1207 REISK.

356 1238 449 1278 295,
474 1227 509 1265 8.
533 1224 671 1278 ὅντιν’]
697 1227 872 1264 ὁντινοῦν
894 1239 986 1263 cum
1007 1224 1125 1262 codd.
1149 1223 1354 1276 plerisque
1377 1222 1610 1276 Dionysius.

358 1294 450 1334 295,
497 1295 554 1320 12.
598 1281 793 1331 περιέστη,
836 1281 989 1331 ἡγεμὼν
1031 1282 1070 1319 δὲ
1110 1281 1170 1319 καὶ
1209 1278 1352 1332 κύριος]
1396 1281 1436 1318 δὲ
1473 1279 1674 1318 omittunt
1710 1279 1804 1317 edd.

298 1342 471 1377 veteres.
534 1337 757 1376 Oratorem
779 1336 836 1375 sic
858 1335 1070 1388 scripsisse
1092 1334 1278 1387 suspicor
1296 1334 1547 1385 ;-περιέστη
1571 1335 1632 1373 καὶ
1652 1335 1805 1385 ἡγεμὼν

299 1394 360 1432 καὶ
396 1395 589 1443 κύριος-.
652 1392 839 1430 Primum
872 1391 981 1431 enim
1014 1392 1057 1430 τὸ
1080 1393 1279 1430 Φίλιππον
1312 1391 1511 1440 αἱρεθῆναι
1542 1389 1714 1441 ἡγεμόνα
1745 1390 1806 1430 καὶ

299 1451 427 1498 κύριον
450 1448 631 1487 ἁπάντων
662 1448 847 1500 pertinet
868 1448 921 1486 ad
952 1447 1061 1486 illam
1092 1447 1223 1499 ipsam
1246 1460 1382 1485 rerum
1408 1446 1639 1496 περίστασιν
1660 1450 1805 1498 estque

299 1505 385 1557 ejus
407 1509 607 1556 tanquam
639 1518 825 1542 summa:
860 1508 906 1542 ut
932 1503 1009 1541 hoc
1043 1503 1274 1541 membrum
1305 1500 1592 1541 antecedentis
1614 1501 1807 1541 videatur

299 1559 604 1612 interpretatio„
615 1573 720 1611 quae
737 1559 791 1597 illi
806 1558 1089 1598 continuanda
1105 1557 1159 1597 sit
1176 1572 1249 1610 per
1265 1557 1526 1610 copulantem
1544 1556 1803 1609 particulam,

299 1630 381 1654 non
403 1614 635 1654 dirimenda
656 1629 729 1667 per
750 1614 1017 1667 partientem.
1079 1612 1240 1652 Deinde
1266 1612 1480 1665 aliquanto
1502 1612 1805 1665 significantius

299 1671 409 1710 inter
429 1684 470 1709 se
493 1676 762 1723 opponuntur
786 1674 869 1719 (est
891 1669 999 1708 enim
1020 1669 1085 1708 hie
1108 1668 1315 1721 oppositio
1337 1668 1439 1707 satis
1461 1667 1697 1719 manifesta)
1718 1668 1805 1708 sola

299 1727 400 1765 haec
422 1726 528 1765 duo:
562 1728 609 1764 τὰ
629 1727 701 1774 μὲν
722 1725 1184 1775 πράγματα-Φίλιππος
1210 1724 1403 1769 ἁπάντων,
1428 1723 1497 1762 τὸν
1523 1722 1717 1772 δ’-ἦσαν
1738 1740 1804 1763 πε-

298 1781 511 1831 ποιημένοι.
545 1781 875 1821 SCHAEFER.
939 1780 1016 1830 Qui
1048 1780 1152 1819 hanc
1178 1779 1470 1832 conjecturam,
1495 1793 1577 1831 qua
1599 1792 1680 1817 non
1702 1793 1805 1832 opus

297 1852 387 1876 esse
408 1841 526 1890 patet
548 1837 826 1889 exemplisque
858 1837 1189 1876 demonstratum
1220 1840 1284 1874 est
1304 1835 1357 1874 ab
1380 1834 1570 1874 Scheibio
1591 1834 1631 1872 in
1655 1834 1804 1874 Obser-

299 1898 402 1932 vatt.
426 1893 466 1931 in
488 1897 675 1932 oratores
700 1895 792 1932 Att.
816 1908 857 1945 p.
885 1904 962 1939 21,
986 1906 1034 1930 eo
1056 1890 1334 1930 commendari
1358 1890 1610 1943 opinabatur
1631 1890 1742 1943 quod
1763 1890 1803 1928 in

298 1948 414 1988 libris
435 1948 641 1987 nonnullis
662 1948 913 1998 περιέστηκεν
935 1947 1148 2000 scriptum.

359 2015 450 2057 295,
480 2018 540 2056 13·
564 2005 704 2056 ἕτεροι]
733 2004 858 2054 ἕτεροί
877 2020 979 2044 τινες
1001 2002 1234 2055 Dionysius.
1295 2001 1490 2041 REISK.

359 2071 450 2112 295,
480 2073 539 2112 15.
563 2058 780 2112 ἔμπροσθε]
804 2058 949 2109 πρόσθε
974 2058 1208 2111 Dionysius.
1271 2057 1463 2096 REISK.

358 2126 449 2167 295,
469 2129 534 2155 2ο.
559 2115 628 2153 Ad
651 2115 776 2154 verba
797 2117 901 2165 παρὰ
921 2118 988 2152 τοῦ
1010 2118 1176 2162 Περσῶν
1197 2112 1399 2162 βασιλέως
1421 2127 1534 2164 seqq.
1558 2111 1805 2151 recordabe-

299 2170 356 2208 ris
378 2171 488 2222 quod
510 2176 706 2210 narratur
728 2170 894 2208 Xerxes
916 2175 1010 2221 post
1033 2168 1258 2208 discessum
1280 2182 1301 2207 e
1320 2167 1493 2207 Graecia
1516 2167 1804 2206 Alexandrum

302 2227 514 2278 Amyntae
530 2225 659 2264 filium
681 2240 773 2264 eum
794 2224 948 2264 talibus
970 2224 1181 2276 promissis
1197 2224 1391 2263 Athenas
1413 2223 1572 2261 missise
1594 2227 1637 2261 et
1657 2226 1804 2275 postea

302 2281 547 2320 Mardonius
581 2280 707 2320 alium
740 2280 924 2333 legatum
953 2279 1217 2325 Salaminem.
1241 2280 1290 2318 ef.
1317 2279 1534 2317 Demosth.
1561 2277 1740 2330 Philipp.
1766 2289 1802 2316 2.

299 2351 337 2388 p.
362 2337 441 2382 68..
466 2336 669 2374 Herodot.
695 2337 730 2382 ὅ,
762 2336 990 2387 136-—144
1024 2347 1061 2386 9,
1094 2348 1207 2386 ι-5.
1270 2333 1497 2372 DISSEN.

359 2403 450 2444 295,
488 2404 551 2431 22.
587 2388 1083 2442 λαβούσῃ-προεστάναι]
1124 2389 1213 2438 Qua
1244 2389 1463 2427 verborum
1494 2388 1804 2427 constructione

300 2461 397 2486 usus
431 2451 506 2493 est7
529 2446 561 2484 si
592 2445 797 2484 rationem
830 2445 984 2484 habeas
1013 2459 1167 2491 sensus,
1192 2444 1293 2482 nihil
1322 2443 1547 2496 quidquam
1579 2443 1718 2482 differt
1749 2443 1803 2482 ab

300 2503 404 2542 hac:
437 2503 478 2540 τὸ
502 2501 758 2548 κελευόμενον
791 2502 953 2554 ποιούσῃ
988 2501 1048 2538 καὶ
1076 2501 1178 2553 ἐώσῃ
1211 2500 1343 2549 ἕτερον
1370 2503 1445 2537 τῶν
1465 2498 1671 2547 ξΕλλήνων
1692 2515 1804 2547 προε-

301 2557 439 2596 στάναι
460 2559 481 2595 ὅ
502 2574 535 2595 τι
557 2561 743 2604 βούλεται
767 2560 908 2604 λαβεῖν
927 2556 1051 2594 καὶτὰ
1074 2557 1209 2603 ἑαυτῆς
1231 2554 1353 2605 ἔχειν.
1408 2555 1472 2592 De
1495 2554 1570 2592 hoc
1593 2553 1805 2592 schemate

302 2612 569 2663 (metathesin
594 2611 787 2650 Teehnici
810 2611 1041 2664 appellant)
1065 2625 1100 2649 v.
1123 2615 1209 2649 not.
1233 2610 1286 2649 ad
1309 2610 1433 2648 schol.
1456 2609 1648 2661 Apollon.
1667 2608 1800 2647 Rhod.

301 2683 338 2720 p.
372 2680 457 2719 ¹74·
485 2673 527 2706 et
562 2668 651 2705 lud.
682 2668 826 2705 Graec.
861 2682 900 2718 p.
932 2669 1025 2715 672.
1060 2680 1098 2705 a.
1161 2666 1320 2704 Verte:
1357 2665 1412 2703 ita
1447 2664 1549 2703 ‹lis-to
1582 2663 1804 2702 audientem

300 2738 378 2762 esse
410 2723 558 2775 aliique
590 2723 721 2761 cedere
748 2723 922 2774 imperio,
949 2728 988 2760 cet
1023 2735 1268 2774 quaecunque
1298 2720 1405 2759 ‘vellet
1435 2721 1627 2772 acciperet
1657 2732 1803 2771 suaque

296 2784 592 2829 10m·1·‹)teneret.
655 2777 769 2816 Ini'ra
791 2792 829 2829 p.
857 2778 947 2825 296,
978 2789 1037 2828 13.
1072 2776 1254 2814 breviter
1288 2775 1440 2814 dicitur
1462 2776 1625 2825 εὐτυχῶς
1647 2775 1801 2813 δουλεύ-

302 2850 369 2871 ειν.
433 2832 758 2872 SUHAEFER.

360 2890 450 2938 295.
484 2901 511 2926 1.
535 2887 790 2939 διατετέλεκε]
819 2887 1014 2925 διετέλεσε
1038 2886 1273 2938 Dionysius.
1337 2884 1529 2923 REISK.
