1934 3179
291 125 375 166 568
691 129 770 169 DE
803 131 1001 171 FALSA
1035 131 1397 172 LEGATIONE.

291 230 485 281 μοσθένης
521 231 714 283 ἐχρήσατο
751 235 796 287 τῇ
829 233 936 283 λέξει
969 234 1031 273 ἐπὶ
1063 237 1130 273 τοῦ
1161 234 1422 286 εὐφημοῦντες
1457 236 1519 275 καὶ
1554 235 1596 274 τὸ
1634 235 1801 288 αἰσχρὸν

294 286 475 338 εὐφήμως
502 288 770 337 ὀνομάζοντες.
802 288 914 339 λέγει
941 291 1016 340 γὰρ
1045 290 1088 328 ἐν
1114 292 1165 342 τῷ
1191 291 1278 341 περὶ
1305 292 1636 342 παραπρεσβείας·
1671 292 1799 331 αὐθαί-

292 358 407 393 ρετον
440 343 568 384 αὐτοῖς
601 343 813 394 ἐπάγονται
839 346 1032 390 δουλείαν,
1056 346 1254 385 Φιλίππου
1276 348 1407 395 ξενίαν
1437 348 1499 386 καὶ
1526 348 1719 397 ἑταιρείαν
1740 347 1802 386 καὶ

293 399 340 436 τὰ
379 402 538 438 τοιαῦτα
572 399 898 449 ὑποκοριζόμενοι.
941 401 1235 450 ὑποκρινόμενοι
1268 401 1389 441 Harl.
1452 402 1534 441 Sed
1569 415 1801 455 perperam.

295 452 427 492 Nemo
463 467 513 492 ex
549 453 848 506 interpretibus
882 454 986 494 haec
1019 455 1148 508 probe
1187 456 1404 496 intellexit.
1468 457 1596 507 Quam
1628 457 1803 497 serviunt

294 509 538 548 servitutem
572 508 814 557 illiberalem,
849 508 990 550 blando
1023 511 1179 551 nomine
1213 512 1495 552 dissimulant:
1529 518 1665 552 vocant
1699 512 1803 552 enim

292 563 519 603 amicitiam
554 578 639 603 cum
671 564 865 617 thil‘szo
898 566 1058 605 initam.
1119 566 1184 606 Ea
1223 573 1289 607 est
1320 567 1381 608 vis
1413 571 1480 607 τοῦ
1510 569 1802 618 ὑποκορίζεσθαι

291 623 419 672 atque
440 633 489 658 ea
509 633 625 659 mens
644 619 766 673 hujus
787 621 1018 660 commatis.
1050 621 1127 661 TA
1136 622 1313 662 YLOR.
1357 623 1451 662 Non
1473 624 1558 663 ἀντὶ
1578 624 1801 674 προδοσίας,

292 679 340 714 ut
367 675 558 723 NVolfius,
582 676 653 714 sed
683 677 769 715 ἀντὶ
795 679 981 718 δουλείας.
1045 677 1099 717 V.
1122 677 1307 731 Etymol.
1330 678 1392 718 M.
1420 694 1460 732 p.
1481 680 1572 730 782,
1594 691 1660 732 35.
1685 679 1802 719 scho-

292 729 434 770 liastes
463 730 654 770 Platonis
687 746 726 784 p.
746 733 836 784 156.
899 733 1064 772 Ruhnk.
1094 748 1133 786 p.
1150 747 1249 784 401.
1311 734 1443 774 Bekk.
1470 739 1513 774 et
1540 735 1729 775 Zonaras
1760 750 1800 789 p.

296 787 430 836 1784,
459 786 528 839 qui
557 801 698 827 omnes
729 787 838 827 hunc
868 788 1005 828 locum
1026 789 1089 828 vel
1119 789 1252 829 citant
1276 790 1339 829 vel
1366 790 1607 843 respiciunt.
1671 791 1800 830 Simul

292 841 427 882 discas
449 856 470 881 e
493 843 717 883 scholiasta
742 844 960 884 Platonico
983 845 1248 898 Zonaraque,
1270 860 1394 899 quam
1422 847 1577 886 habeat
1598 846 1800 900 originem

292 912 487 950 perversa
508 899 659 939 codicis
683 899 901 939 Harleiani
923 900 1130 953 scriptura
1150 903 1458 952 ὑποκρινόμενοι.
1501 902 1751 942 SCHAEF.

347 966 443 1003 424,
464 967 479 992 1
493 967 524 993 J.
548 957 596 994 τὰ
618 955 745 1008 κύρια]
770 955 839 994 Ad
860 958 908 994 τὰ
930 957 1038 1006 κύρια
1058 957 1234 996 subaudi
1255 957 1360 1007 τέλη,
1383 958 1549 1005 ordines,
1569 972 1689 1010 penes
1708 973 1801 1012 quos

289 1023 443 1049 summa.
472 1024 606 1050 reram
631 1017 695 1050 est.
728 1011 922 1051 REISK.
984 1012 1103 1051 Idem
1126 1012 1216 1051 Ind.
1241 1013 1446 1053 Graecit.:
1482 1018 1505 1036 ‘⁶
1522 1013 1678 1054 scilicet
1703 1014 1800 1065 μέρη

291 1068 356 1114 τῆς
375 1066 612 1108 mammas?
672 1066 784 1106 Nihil
805 1067 1135 1107 subaudiendum
1155 1083 1163 1106 :
1197 1083 1293 1108 nam
1310 1071 1356 1108 τὰ
1378 1070 1486 1120 κύρια
1507 1069 1641 1122 ipsum
1662 1084 1736 1123 per
1756 1085 1799 1110 se

291 1125 355 1160 est
375 1120 400 1160 i.
423 1136 460 1174 q.
484 1124 531 1160 τὰ
561 1122 668 1172 τέλη.
730 1122 842 1162 Bene
865 1123 921 1162 H.
947 1124 1182 1177 Stephanus
1205 1124 1351 1163 Thes:
1387 1131 1409 1146 “
1425 1124 1574 1178 Capita
1604 1125 1797 1175 civitatis,

292 1176 373 1226 Qui
405 1191 608 1216 summam
633 1178 733 1231 reip.
756 1179 797 1217 in
824 1179 1014 1218 manibus
1042 1179 1238 1220 habentff'
1298 1179 1384 1219 Nec
1409 1182 1541 1220 λοιποὶ
1573 1195 1665 1221 cum
1693 1181 1798 1235 Tay-

289 1232 377 1271 loro
412 1232 452 1271 in
483 1234 628 1272 πολλοὶ
659 1235 906 1274 mutandum
937 1240 1012 1274 est.
1045 1235 1190 1289 reliqui
1211 1236 1320 1284 cives,
1345 1236 1501 1276 scilicet
1525 1242 1693 1289 praeter
1713 1239 1800 1279 τοὺς

290 1289 604 1339 γνωριμωτάτους
626 1291 687 1329 καὶ
707 1290 945 1341 προεστάναι
966 1295 1042 1330 τῶν
1063 1295 1201 1331 κοινῶν
1227 1292 1485 1341 ἀξιουμένους.
1546 1292 1797 1332 SCHAEF.

345 1357 441 1394 424,
466 1357 526 1384 12.
561 1345 883 1400 οὓς-κολάζειν]
923 1347 1023 1396 Quos
1056 1346 1253 1400 (reliquos
1287 1347 1395 1387 cives
1428 1352 1471 1387 et
1503 1348 1795 1401 magistratus)

288 1399 482 1453 opor-{ebat
503 1401 546 1439 m
566 1400 631 1440 hos
654 1402 909 1454 (proditores
931 1402 1110 1455 patriae)
1135 1403 1455 1443 animadvertere.
1516 1404 1710 1444 REISK.

345 1468 441 1504 424,
470 1467 530 1505 17.
567 1456 800 1510 Θετταλῶν]
835 1457 1051 1511 Philippus
1074 1458 1182 1498 enim
1204 1458 1317 1512 prius
1339 1459 1486 1498 horum
1507 1465 1709 1512 tyrannos
1730 1475 1797 1501 ex-

290 1510 396 1563 pulit
427 1516 470 1551 et
498 1511 693 1552 Nicaeam
727 1518 770 1552 et
798 1514 1061 1565 Magnesiam
1097 1514 1147 1553 iis
1179 1513 1373 1562 reddidit,
1397 1520 1544 1567 postea
1574 1530 1672 1555 vero
1706 1530 1796 1556 cor-

289 1566 423 1619 ruptis
445 1566 698 1621 principibus
719 1568 972 1608 tetrarchias
998 1569 1039 1608 in
1064 1569 1303 1609 civitatibus
1325 1570 1555 1610 constituit.
1616 1571 1678 1611 Cf.
1700 1572 1797 1612 Phi-

288 1621 387 1675 lipp.
414 1622 470 1662 ΙΙ.
493 1638 529 1675 p.
555 1634 620 1675 71.
644 1629 686 1663 et
707 1624 915 1676 praesidia
936 1625 977 1663 in
1000 1625 1049 1664 iis
1074 1625 1237 1677 posuit:
1272 1640 1307 1664 v.
1332 1625 1511 1678 Philipp.
1539 1626 1620 1666 HI.
1644 1642 1684 1680 p.
1708 1639 1796 1680 117.

289 1677 486 1731 Corrupti
509 1679 803 1719 Thessalorum
837 1679 1046 1734 principes
1080 1680 1348 1720 nominantur
1381 1681 1431 1720 de
1458 1695 1596 1721 coron.
1628 1697 1667 1736 p.
1702 1696 1795 1734 241.

289 1733 506 1773 GREVE.

330 1801 426 1839 424,
450 1792 511 1828 18.
544 1789 978 1843 μέχρι--παραιρεῖται]
1020 1790 1238 1831 Sententia
1268 1796 1355 1831 est:
1390 1792 1610 1832 Hactenus
1632 1792 1796 1846 quidem

288 1845 524 1898 principatu
550 1845 806 1885 solummodo
837 1846 989 1899 privati
1014 1848 1181 1887 fuerant
1204 1847 1404 1894 Thessali,
1427 1848 1624 1888 libertate
1654 1854 1796 1889 tamen

287 1901 523 1940 adhucdum
570 1902 839 1954 gandebant3
888 1902 975 1954 jam
1016 1917 1112 1942 vero
1163 1903 1289 1943 etiam
1337 1903 1415 1943 hac
1465 1903 1630 1957 spoliati
1681 1908 1794 1944 sunt.

288 1956 482 1996 REISK.

344 2024 440 2061 424,
477 2024 542 2052 22.
584 2015 651 2054 τὰς
686 2014 729 2052 ἐν
759 2012 896 2053 ”Ηλιδι
933 2013 1109 2066 σφαγάς]
1155 2014 1215 2054 Cf.
1247 2013 1426 2067 Philipp.
1460 2015 1538 2054 IV.
1566 2030 1606 2069 p.
1629 2028 1720 2069 133.
1752 2019 1796 2056 cb

290 2067 472 2121 Philipp.
496 2068 577 2107 ΙΙΙ.
600 2083 639 2121 p.
664 2070 753 2107 118.
816 2069 1034 2108 GREVE.

343 2135 441 2174 424,
466 2136 529 2175 23.
556 2126 617 2163 καὶ
639 2125 1073 2175 τοσαύτης-’ἀλλήλων
1094 2125 1288 2179 ἄρχωσιν]
1314 2125 1457 2166 Citant
1478 2126 1640 2166 Anecd.
1662 2126 1793 2166 Bekk.

288 2194 327 2231 p.
350 2181 440 2232 163,
464 2180 501 2219 8.
564 2180 813 2219 SCHAEF.

343 2234 577 2288 παρανοίας]
600 2236 800 2286 παροινίας
821 2235 981 2275 Anecd.
1008 2235 1137 2275 Bekk.

344 2303 443 2340 424,
479 2292 542 2331 28.
580 2291 641 2329 καὶ
679 2294 746 2330 νῦν
775 2291 973 2341 Ἀρκάδων
1005 2292 1149 2331 πολλοὶ
1181 2309 1213 2331 κ.
1241 2309 1273 2331 τ.
1302 2292 1357 2345 λ.]
1413 2292 1466 2332 V.
1490 2292 1794 2333 Valckenarius

290 2345 426 2385 Diatr.
450 2346 501 2385 de
524 2345 630 2384 Phil.
656 2346 820 2385 Maced.
843 2361 881 2399 p.
908 2357 1002 2397 277.
1063 2347 1311 2387 SOHAEF.

344 2413 440 2452 424,
461 2413 526 2451 20.
548 2403 654 2451 ὑμεῖς
675 2402 911 2453 α’ὐτόχθονές
931 2403 1020 2442 ἐστε
1044 2403 1226 2455 κάκεῖνοι]
1251 2403 1488 2443 Communis
1510 2404 1623 2443 locus
1644 2404 1685 2443 in
1706 2404 1792 2444 lau-

288 2458 380 2497 dem
403 2457 644 2497 Atticorum
671 2461 713 2496 et
736 2457 964 2497 Arcadum.
1012 2458 1072 2498 Cf.
1097 2458 1303 2498 Herodot.
1329 2460 1364 2507 8,
1390 2471 1409 2510 7
1416 2472 1454 2512 3.
1489 2460 1674 2513 Thucyd.
1696 2473 1730 2509 1,
1755 2472 1792 2500 2.

290 2526 325 2561 2,
348 2516 419 2566 36.
454 2513 582 2553 Isocr.
608 2513 763 2567 Paneg.
825 2513 1042 2553 GR-EVE.

342 2582 396 2619 42
399 2581 438 2622 5,
461 2583 500 2621 5.
532 2570 599 2621 ὡς]
639 2569 918 2609 Tantumdem
944 2569 1054 2609 valet
1076 2570 1116 2609 h.
1140 2570 1166 2610 l.
1189 2573 1318 2622 atque
1338 2572 1412 2621 γὰρ
1434 2571 1495 2610 vel
1521 2571 1592 2617 ὅτι,
1614 2585 1709 2611 nam
1729 2571 1791 2611 vel

285 2626 488 2679 quoniam.
549 2625 743 2665 REISK.

338 2694 434 2733 425,
449 2681 599 2732 11.οὑχ
615 2683 727 2732 ὁρᾶτε
746 2680 887 2734 κ.τ.λ.]
908 2680 1022 2721 Citat
1036 2680 1403 2734 h.l.Hermogenes
1419 2697 1459 2735 p.
1473 2693 1565 2735 253.
1596 2682 1789 2723 REISK.

343 2750 395 2786 42
400 2748 440 2789 5,
462 2750 476 2775 1
489 2748 524 2775 2.
547 2738 583 2775 οἱ
599 2738 835 2787 ταλαίπωροι
849 2735 1072 2789 Ὀλύνθιοι]
1093 2736 1181 2775 The
1196 2737 1390 2790 Olynthio
1408 2752 1492 2777 war
1506 2737 1604 2778 with
1623 2738 1787 2791 Sparta,

286 2792 418 2832 which
439 2806 558 2832 arose
587 2791 627 2830 in
650 2806 930 2844 consequence
959 2792 1005 2831 of
1031 2806 1084 2831 an
1111 2793 1300 2845 embassy
1322 2793 1427 2833 from
1451 2794 1608 2834 certain
1631 2794 1789 2834 Chalci-

288 2848 383 2887 dian
401 2848 518 2888 cities
535 2847 710 2900 praying
722 2848 785 2886 for
801 2847 869 2887 aid
885 2846 1050 2901 against
1066 2847 1138 2887 the
1152 2848 1340 2902 growing
1353 2863 1489 2902 power
1505 2849 1551 2889 of
1567 2849 1787 2903 Olynthus,

286 2903 418 2953 lwgan
443 2904 482 2942 in
505 2906 584 2955 382
610 2903 656 2942 B.
681 2904 724 2943 (¹.
748 2909 820 2943 not
851 2903 948 2957 long
973 2903 1081 2943 after
1101 2903 1172 2943 the
1196 2904 1330 2944 Peace
1351 2905 1396 2943 of
1422 2905 1682 2955 Antfalcidas,
1705 2906 1787 2946 and
