1914 3184
264 144 347 182 120
876 140 955 179 DE
989 139 1156 180 PACE.

266 245 457 286 WOLF.
519 245 843 299 Harpocration,
868 244 1020 295 ἀφανὴς
1049 245 1164 284 οὐσία
1196 245 1257 283 καὶ
1283 243 1446 294 φανερά·
1479 243 1631 294 ἀφανὴς
1660 244 1775 293 μὲνὴ

265 304 308 341 ἐν
328 302 499 354 χρήμασι
529 303 590 341 καὶ
618 302 774 351 σώμασι
805 301 866 340 καὶ
898 301 1068 346 σκεύεσι,
1092 302 1245 350 φανερὰ
1270 301 1311 338 δὲ
1332 300 1355 349 ἡ
1377 300 1541 350 ἔγγειος.
1583 300 1680 339 οὕτω
1702 302 1776 338 Λυ-

265 360 364 399 σίας.
397 357 591 397 REISK.
653 357 706 396 V.
731 356 822 396 Ind.
845 355 1030 395 Graecit.
1054 355 1149 409 Lys.
1175 370 1215 408 p.
1239 356 1334 407 767.
1386 354 1718 395 SGHAEFER.

322 426 389 466 59,
413 416 450 452 6.
483 413 662 465 ἀπάγων]
703 412 797 452 Seil.
819 411 1037 465 pecuniam
1066 410 1304 451 venditione
1337 411 1540 450 bonorum
1574 414 1776 450 coactam.

267 469 597 510 SCHAEFER.

322 526 388 564 δύο
409 525 497 578 μὲν]
529 526 621 564 Duo
645 524 738 563 haec
761 538 806 563 αν
826 524 890 571 isis,
912 537 1011 575 quae
1038 537 1101 576 eqo
1121 522 1319 576 praedioei
1342 522 1412 573 (de
1442 521 1706 575 expeditione
1736 521 1779 561 in

267 580 482 620 Euboeam
517 585 711 633 suscepta
741 585 784 619 et
815 579 865 618 de
898 578 1159 632 Neoptolemi
1194 577 1463 631 proditione),
1491 579 1587 630 quia
1617 584 1715 617 recte
1744 584 1780 617 et

255 636 376 688 juste.
409 636 548 689 qualia
580 642 705 683 erant,
741 636 784 687 (i.
813 650 847 674 e.
875 634 1043 675 veritati
1078 638 1389 687 congruenter),
1422 648 1446 672 α
1481 648 1540 673 me
1572 633 1779 673 declarata

265 698 366 739 sunt,
389 698 586 731 testantur
597 707 677 745 pro
698 690 941 731 orationihus
963 698 1055 730 tanc
1074 687 1234 730 habilis.
1281 689 1501 729 FRANK.

321 761 389 800 59,
416 761 475 787 ιο.
495 750 577 800 (καὶ
597 747 904 800 μόνου-ἐρῶ,)]
934 747 1046 786 Bene
1066 746 1258 786 Reiskius
1279 760 1354 799 pro
1375 745 1615 799 parenthesi
1637 746 1777 785 habet.

268 803 366 851 Alii,
389 803 516 843 etiam
538 803 765 847 Bekkerus.
788 805 917 853 τρίτον
938 802 1102 854 δ’-ἐρῶ
1124 807 1171 842 ut
1195 802 1429 842 absolutam
1451 801 1781 841 enuntiationem

267 859 560 900 continuantes
583 864 676 912 post
698 861 770 909 ἐρῶ
789 859 907 912 plene
928 859 1243 912 interpungunt.
1302 858 1384 897 Sed
1405 859 1533 908 τρίτον
1551 857 1595 903 δ’,
1613 859 1782 907 ἡνίκα-

269 916 507 963 cohaerent,
536 920 584 955 ut
613 931 652 969 p.
675 919 742 967 58,
767 917 804 954 8.
831 919 983 965 πρῶτον
1010 917 1095 964 μὲν,
1123 914 1288 964 ἡνίκ’-.
1350 913 1560 966 Similique
1595 917 1781 953 constru-

268 971 405 1011 ctione
437 976 581 1011 orator
616 971 761 1018 utitur,
796 970 866 1010 ubi
902 970 953 1010 de
984 971 1117 1010 altera
1152 969 1435 1023 praedictione
1469 969 1581 1022 loqui
1612 968 1780 1022 incipit:

268 1028 389 1067 πάλιν
409 1029 860 1080 τοίνυν-κατιδὼν-Ρ,
883 1029 949 1077 58,
977 1040 1036 1076 14.
1085 1026 1416 1066 SCHAEFER.

324 1098 392 1136 59,
421 1097 478 1125 12.
500 1084 663 1138 ἥκομεν]
689 1083 838 1123 Altera
858 1082 926 1122 illa
947 1082 1100 1136 legatio
1124 1083 1164 1133 (ἡ
1187 1083 1379 1132 πρεσβεία
1400 1082 1422 1131 ἡ
1445 1081 1506 1120 ἐπὶ
1527 1081 1614 1122 τοὺς
1635 1081 1781 1131 ὅρκους,

269 1155 307 1193 p.
333 1142 398 1190 78,
423 1141 512 1191 29.)
538 1139 733 1179 Athenas
759 1138 884 1178 rediit
912 1137 1243 1192 Scirophorionis
1268 1137 1334 1177 die
1355 1151 1417 1191 13.
1441 1136 1602 1190 Olymp.
1634 1136 1720 1184 108⁷
1746 1149 1782 1177 2.

272 1195 494 1236 FRANK.

326 1252 458 1302 τινων]
493 1252 724 1291 Aeschines
755 1250 942 1304 inprimis
973 1254 1027 1299 (v.
1054 1265 1093 1304 p.
1116 1253 1232 1303 375.)
1257 1254 1299 1289 et
1331 1249 1604 1288 Philocrates.
1665 1247 1784 1287 Conf.

270 1323 309 1361 p.
334 1319 398 1361 73.
434 1308 654 1348 FRANK.
717 1307 839 1346 Adde
860 1322 899 1360 p.
927 1309 1018 1353 208,
1043 1309 1104 1346 18.

326 1377 395 1417 59,
419 1377 481 1416 13.
503 1362 817 1416 οἰκισθήσεσθαι]
854 1363 961 1402 Nam
984 1362 1172 1402 Thebani
1194 1376 1264 1401 eas
1292 1361 1450 1401 civibus
1475 1360 1654 1414 expulsis
1676 1359 1785 1399 diru-

272 1424 393 1460 erant
415 1420 576 1473 Olymp.
605 1433 691 1466 101,
717 1432 754 1472 3.
789 1419 904 1457 FRA
915 1419 1008 1457 NK.

329 1489 397 1528 59,
423 1489 486 1527 ¹5·
512 1475 713 1528 Ὠρωπὸν]
761 1475 876 1525 Quae
907 1476 1006 1514 urbs
1035 1474 1198 1527 Olymp.
1229 1487 1315 1525 103„
1349 1486 1386 1525 3.
1420 1473 1460 1512 in
1493 1472 1787 1512 Thebanorum

274 1536 529 1586 potestatem
551 1536 734 1571 venerat.
782 1531 897 1570 Cous.
919 1545 958 1583 p.
977 1533 1043 1578 61,
1069 1543 1105 1581 7.
1155 1529 1376 1568 FRANK.

329 1600 396 1641 59,
417 1601 479 1639 19.
501 1586 613 1640 ἴσως]
649 1588 716 1626 Em
736 1601 869 1639 aequo.

329 1657 397 1697 59,
423 1656 488 1683 20.
515 1643 627 1682 οὐδὲν
648 1641 1094 1694 τούτων-φανήσομαι]
1130 1641 1245 1680 Idem
1266 1646 1330 1680 est
1351 1655 1398 1680 ac
1426 1640 1458 1679 si
1480 1640 1677 1679 dixisset:
1710 1637 1785 1678 οὔτ’

274 1700 389 1741 αὐτὸς
420 1699 551 1750 λέγων
582 1699 815 1748 ἐξηπάτησα,
847 1699 933 1737 οὔτε
966 1699 1167 1748 λεγόντων
1202 1699 1337 1736 ἄλλων
1363 1697 1543 1747 ἐσίγησα,
1578 1697 1638 1734 καὶ
1671 1698 1789 1736 οὕτως

275 1758 391 1796 εἴασα
411 1756 506 1804 ὑμᾶς
529 1756 825 1803 ἐξαπατηθῆναι.
873 1752 1065 1792 REISK.

330 1824 401 1863 59,
427 1823 492 1863 25.
526 1809 740 1862 δεινότητα]
786 1809 1098 1862 Interpretatur
1133 1808 1220 1861 ipse
1253 1807 1560 1846 Demosthenes
1590 1821 1629 1859 p.
1659 1808 1724 1852 60,
1754 1819 1786 1844 1.

277 1868 494 1916 δεινότητος
516 1867 577 1905 καὶ
599 1867 755 1916 σοφίας.
805 1865 858 1904 V.
886 1865 975 1903 lnd.
1000 1864 1070 1903 Gr.
1094 1879 1125 1903 s.
1148 1878 1183 1902 v.
1229 1862 1560 1903 SCHAEFER.

331 1936 400 1975 59,
424 1933 490 1974 27.
514 1922 617 1970 πλὴν
639 1920 684 1960 δι’
703 1922 727 1960 ἃ
749 1921 797 1960 ἂν
817 1922 907 1968 ὑμῖν
930 1922 1022 1959 εἴπω
1045 1920 1126 1973 δύο]
1161 1919 1260 1958 Nisi
1280 1918 1322 1958 ob
1344 1933 1390 1958 ea
1415 1931 1666 1972 quaecumque
1686 1916 1790 1956 vobis

275 1979 425 2026 dicam,
446 1992 547 2031 quae
567 1977 644 2016 cluo
666 1983 767 2016 sema.
818 1976 1035 2015 FRANK.

334 2036 400 2083 60,
426 2046 460 2073 2.
484 2033 641 2085 προῖκα]
683 2033 713 2071 l.
738 2047 772 2072 e.
796 2033 839 2071 οὐ
861 2035 1097 2082 δωροδοκῶν.
1144 2030 1363 2070 FRANK.

335 2092 401 2137 60,
425 2105 461 2138 4.
488 2088 823 2141 προσηρτημένον]
867 2087 1135 2127 Contrarium
1164 2085 1433 2136 ἀπηρτημένον
1455 2084 1534 2123 vid.
1560 2083 1669 2122 Phil.
1696 2097 1726 2122 1.
1749 2098 1788 2136 p.

277 2159 343 2197 43.
406 2145 520 2186 Ordo
542 2145 786 2184 verborum:
822 2145 883 2183 καὶ
909 2144 1031 2184 οὐδεὶς
1053 2143 1100 2182 ἂν
1123 2143 1207 2194 ἔχοι
1235 2146 1355 2191 δεῖξαι
1382 2141 1492 2180 οὐδὲν
1519 2142 1652 2189 λῆμμα
1672 2156 1790 2189 προσ-

278 2201 492 2252 ηρτημένον
521 2201 616 2251 πρὸς
644 2202 806 2247 τούτοις,
834 2201 858 2238 ἃ
887 2201 962 2250 ἐγὼ
998 2200 1278 2247 πεπολίτευμαι
1314 2198 1376 2236 καὶ
1412 2195 1657 2246 λέγω-ΒΘ
1687 2194 1790 2234 inte-

278 2257 435 2311 gritate
466 2271 541 2295 sua
570 2256 875 2294 Demosthenes
908 2254 1097 2307 pluribus
1130 2253 1245 2292 loeis.
1300 2252 1398 2291 Vid.
1422 2265 1524 2304 prae
1546 2250 1639 2290 aliis
1659 2250 1685 2289 f.
1710 2250 1789 2303 leg.

280 2328 320 2366 p.
346 2326 441 2366 343.
466 2325 503 2361 7.
525 2312 576 2350 de
598 2311 692 2350 Gor.
718 2326 757 2363 p.
781 2322 877 2363 325.
926 2309 1110 2348 voEM.

338 2370 404 2415 60,
423 2370 458 2407 6.
484 2368 545 2407 ἐπὶ
568 2367 727 2418 θάτερα]
766 2366 813 2404 In
835 2366 1013 2405 alteram
1034 2369 1212 2417 partem.
1231 2363 1348 2416 quasi
1372 2362 1412 2401 in
1430 2362 1608 2402 alteram
1631 2361 1791 2400 lancem

281 2424 426 2464 librae.
489 2423 538 2461 In
566 2422 701 2461 altera
730 2421 839 2460 enim
864 2423 884 2460 ὁ
910 2421 1102 2471 λογισμὸς
1129 2419 1213 2458 sive
1237 2419 1280 2458 τὸ
1307 2419 1450 2468 κρίνειν
1473 2418 1534 2456 καὶ
1564 2418 1792 2468 λογίζεσθαι

281 2483 328 2519 τὰ
348 2479 556 2530 πράγματα
576 2477 758 2530 positum
780 2476 1003 2529 cogitatur.
1055 2475 1275 2515 FRANK.

339 2538 405 2582 60,
430 2548 465 2584 7.
491 2536 543 2576 εἰς
564 2533 770 2585 τρυτάνην]
811 2532 971 2571 Eadem
992 2530 1253 2584 comparatio
1274 2545 1313 2583 p.
1335 2541 1432 2582 325,
1453 2541 1515 2580 13.
1538 2529 1669 2578 ὥσπερ
1691 2527 1739 2566 ἂν
1761 2528 1794 2566 εἰ

283 2594 325 2630 ἐν
347 2590 511 2644 τρυτάνῃ
531 2589 660 2640 ῥέπων
682 2590 744 2627 ἐπὶ
764 2589 806 2627 τὸ
829 2591 962 2637 λῆμμα
983 2588 1323 2637 συμβεβούλευκα.

340 2650 406 2694 60,
427 2649 462 2684 ὃ.
488 2647 714 2684 καθείλκυκε
736 2658 758 2682 e
780 2644 896 2684 libris
925 2642 1163 2682 melioribus
1185 2641 1429 2680 restitutum
1450 2653 1526 2692 pro
1549 2639 1793 2678 καθείλκυσε.

286 2702 365 2741 Est
385 2701 559 2742 rarioris
581 2714 680 2739 usus
701 2699 990 2753 praeteritum,
1013 2699 1064 2738 de
1086 2712 1167 2751 quo
1189 2713 1223 2737 v.
1249 2696 1428 2736 Lobeek.
1455 2693 1640 2746 Paralip.
1663 2707 1705 2746 p.
1730 2693 1767 2731 8.

343 2761 408 2801 60,
434 2770 493 2796 10.
517 2758 537 2796 ὁ
559 2760 671 2795 τοῦτο
693 2756 876 2808 ποιήσας]
915 2755 963 2794 ld
984 2759 1060 2801 est,
1080 2756 1099 2792 ὁ
1121 2753 1386 2804 προσενέγκας
1408 2751 1591 2801 ἀργύριον
1612 2749 1706 2799 πρὸς
1726 2747 1795 2787 τὸν

284 2818 359 2853 τῶν
380 2812 617 2864 πραγμάτων
637 2812 833 2861 λογισμὸν
855 2812 916 2850 καὶ
938 2811 1216 2862 ὃιαχειρισμόν.
1261 2806 1456 2847 REISK.

342 2871 407 2914 60,
434 2881 496 2907 20.
526 2867 699 2918 τούτους]
743 2866 856 2916 Quos
892 2865 1079 2919 proxime
1114 2863 1302 2904 nominat
1330 2861 1566 2908 Thessalos,
1601 2858 1792 2912 Argivos,

287 2923 508 2963 Thebanos
531 2927 572 2962 et
595 2922 698 2962 alios
721 2922 937 2974 quosdam.
985 2921 1169 2961 VOEM.
