1914 3184
166 139 249 181 190
610 137 962 176 PHILIPPICA
998 135 1234 174 TERTIA.

233 254 321 290 120,
347 255 412 282 21.
448 242 560 281 οὐδὲν
582 242 760 281 ποικίλον
789 242 876 281 οὐδὲ
907 239 1057 293 σοφὸν]
1092 241 1205 280 οὐδὲν
1229 241 1408 279 ποικίλον
1438 240 1496 279 sic
1518 244 1582 280 est
1612 255 1677 293 ap.

170 297 338 337 Platon.
366 297 407 336 in
430 298 557 351 Gorg.
591 312 631 350 p.
653 311 729 351 49¹
759 298 811 336 D.
845 296 914 336 ubi
938 296 1017 335 vid.
1042 295 1196 335 Heind.
1227 310 1266 348 p.
1294 306 1385 348 151.
1446 295 1607 335 Phileb.
1640 310 1678 348 p.

166 365 220 407 53
245 353 307 401 E„
331 367 424 392 cum
445 354 533 392 οὐδὲ
555 355 685 403 σοφόν
707 354 977 405 conjunctum
1007 352 1061 391 ad
1082 351 1358 391 imitationem
1382 351 1680 391 Demosthenis

165 409 279 462 apud
303 409 454 462 plures.
515 408 690 448 Aristid.
714 408 754 447 in
777 408 908 462 Gyzic.
932 423 971 461 p.
997 409 1090 455 246.
1123 408 1172 448 ὡς
1194 408 1233 447 δὲ
1258 409 1318 446 καὶ
1342 408 1447 456 ἡμεῖς
1469 410 1538 446 νῦν
1568 408 1680 446 οὐδὲν

167 466 346 504 ποικίλον
367 465 455 503 οὐδὲ
478 464 608 514 σοφὸν
628 464 799 515 λέγομεν
819 465 914 515 πρὸς
943 466 1050 513 ὑμᾶς.
1113 463 1259 502 Liban.
1281 463 1357 502 Vol.
1381 477 1419 511 4.
1441 477 1480 516 p.
1502 477 1542 512 4.
1575 463 1680 502 τουτὶ

169 522 242 571 γὰρ
264 521 385 569 μόνον
406 524 482 559 τῶν
516 519 697 559 ἁπάντων
724 521 836 559 οὐδὲν
864 521 1021 559 ἀπαιτεῖ
1047 520 1227 558 ποικίλον
1259 519 1348 557 οὐδὲ
1370 519 1512 569 σοφόν.
1573 518 1678 557 The-

171 575 282 614 mist.
306 576 377 615 Or.
401 587 465 627 23.
500 590 537 628 p.
561 588 636 628 301
667 575 721 614 A.
782 575 983 626 Σωκράτης
1010 576 1051 614 δὲ
1077 575 1190 614 οὐδὲν
1216 575 1396 614 ποικίλον
1422 574 1509 613 οὐδὲ
1537 574 1679 625 σοφὸν,

169 632 276 670 ἀλλὰ
298 633 406 670 ὰπλᾶ
426 647 512 670 τινα
534 632 595 670 καὶ
617 631 764 681 συνήθη
787 632 849 670 καὶ
871 632 973 672 ὅπως
995 631 1107 680 ἔτυχε
1131 629 1282 685 διεξῄει.
1342 628 1575 669 JACOBS.

233 699 322 733 120,
349 688 413 725 26.
434 687 503 726 τὸν
524 687 592 726 οὗν
615 688 749 738 καιρὸν
771 704 803 726 κ.
826 704 859 726 τ.
881 687 936 740 λ.]
960 686 1114 725 Sensus
1139 690 1203 725 est
1222 702 1229 725 :
1264 685 1522 725 occasionem
1545 699 1683 724 rerum

168 743 458 795 gerendarum,
482 757 606 796 quam
627 742 712 781 fors
736 742 1061 782 Atheniensibus
1095 741 1290 788 dedisset,
1313 755 1394 779 11011
1416 740 1572 780 licebat
1592 746 1683 780 tum

170 798 361 837 hostibus
392 797 643 850 ieipublicae
674 799 727 838 ab
758 798 996 838 oratoribus
1027 804 1102 837 aut
1133 797 1397 850 praetoribus
1428 796 1679 842 nundinari;

172 868 280 892 nunc
310 858 600 916 cauponantul
624 854 921 907 rempublicam
947 859 989 893 et
1021 853 1054 892 si
1080 867 1203 906 quam
1233 852 1593 916 opportunitatem
1624 851 1682 891 1ei

168 910 377 963 gerendae
400 910 499 948 urbs
521 909 735 956 invenerit,
755 924 846 949 eam
867 909 1058 949 hostibus
1080 909 1276 955 vendunt,
1300 908 1325 947 i.
1343 923 1377 948 e.
1400 908 1575 961 pecunii,
1596 922 1683 947 cor-

171 965 283 1019 lupti
306 965 487 1004 efficiunt
510 970 557 1005 ut
578 965 813 1005 omittatui.
876 966 911 1005 F
917 965 1097 1004 RANK.

234 1034 323 1068 121,
347 1034 385 1073 5.
409 1021 660 1074 ἐκπέπραται]
683 1022 877 1072 πέπραται
897 1037 936 1074 p.
960 1034 1049 1074 145,
1077 1032 1154 1074 25..
1178 1019 1293 1059 libris
1314 1025 1455 1059 tamen
1478 1019 1683 1058 nonnullis

172 1078 408 1127 ἐκπέπραται
422 1077 733 1130 praebentibus.
779 1083 802 1098 ⁸⁸
823 1077 1046 1130 Tamquam
1067 1091 1084 1115 e
1094 1077 1191 1129 foi-0
1212 1076 1420 1115 clivendita
1440 1081 1541 1122 semet,
1559 1075 1619 1115 ita
1635 1080 1681 1115 ut

165 1133 256 1185 jam
270 1134 404 1171 forum
421 1133 692 1186 (respublica)
710 1132 773 1171 his
787 1133 994 1172 mercibus
1010 1146 1184 1172 vacuum
1199 1131 1444 1170 liabeatul·.”
1462 1131 1683 1170 FRANK.

236 1201 326 1232 121.
353 1201 390 1240 7.
421 1190 606 1228 ἀπόλωλε
630 1189 692 1228 καὶ
714 1188 945 1241 νενόσηκεν]
970 1190 1153 1228 ἀπόλωλε
1174 1186 1340 1241 gravius
1362 1201 1454 1225 cum
1476 1188 1543 1233 sit,
1566 1192 1682 1226 ante-

171 1244 296 1291 cedit„
320 1245 391 1283 sed
416 1246 628 1293 νενόσηκεν
650 1244 850 1297 sequitur,
874 1249 921 1283 ut
943 1244 1146 1298 significet
1171 1248 1215 1283 et
1245 1242 1492 1296 principium
1514 1243 1610 1282 mali
1643 1248 1685 1282 et

172 1300 347 1340 exitium
369 1315 393 1340 a
415 1300 662 1354 corruptelis
684 1301 928 1354 profectum.
996 1299 1184 1339 WOLF.

236 1369 249 1394 1
265 1368 326 1401 21,
358 1370 366 1395 1
386 1370 417 1395 1.
453 1357 535 1395 ἐπεὶ
558 1374 588 1395 κ.
612 1375 643 1396 τ.
667 1356 726 1410 λ.]
764 1357 917 1395 Sensus
939 1360 1027 1395 est:
1064 1370 1158 1395 naui
1182 1355 1222 1393 ni
1244 1354 1383 1394 onmia
1403 1369 1428 1394 a
1450 1354 1687 1407 corruptela

173 1412 419 1465 penderent,
441 1412 585 1451 melius
607 1414 658 1452 de
686 1411 804 1451 nobis
837 1417 1043 1466 ageretur,
1067 1425 1194 1464 quum
1216 1411 1358 1463 quovis
1388 1425 1539 1464 genere
1560 1424 1685 1464 appa—

175 1473 291 1508 ratus
315 1482 422 1506 nune
444 1468 574 1507 multo
596 1469 727 1522 magis
751 1483 874 1520 quam
897 1468 992 1507 olim
1014 1467 1253 1521 polleamus
1317 1467 1430 1505 FRA
1442 1466 1535 1506 NK.

233 1524 440 1575 σωμάτων]
474 1523 503 1562 1.
526 1538 563 1563 e.
587 1526 757 1564 ὁπλιτῶν
780 1524 841 1563 καὶ
864 1523 1023 1563 ἱππέων.
1087 1522 1307 1561 FRANK.

239 1592 328 1626 121.
360 1592 419 1619 12.
444 1580 698 1633 κατασκευῆς]
724 1580 955 1631 Postquam
980 1579 1157 1618 bellt'cmn,
1178 1584 1427 1631 apparatum
1453 1578 1542 1628 (τὴν
1563 1594 1685 1628 παρα-

174 1636 351 1688 σκευὴν),
371 1635 438 1687 qui
460 1635 699 1675 triremibus
721 1635 921 1675 militibus
944 1635 1119 1688 pecunia
1140 1639 1318 1679 constat,
1336 1633 1685 1676 commemoravit,

173 1690 430 1745 generaliore
452 1692 651 1731 vocabulo
684 1696 863 1731 ceteram
896 1690 1191 1744 supellectilem
1221 1689 1442 1729 militarem
1476 1691 1539 1740 (ut
1572 1706 1685 1728 κατα-

176 1749 318 1788 σκευὰς
350 1748 485 1785 ὅπλων
516 1763 553 1800 p.
578 1750 694 1799 3642.)
729 1747 1056 1800 comprehendit.
1118 1747 1178 1786 ef.
1203 1745 1379 1785 Goeller.
1410 1745 1464 1784 ad
1497 1745 1626 1794 [shuc.
1658 1758 1687 1783 1.

185 1816 244 1842 10.
308 1802 529 1841 ΕΒΑΝΚ.

241 1870 330 1905 121,
360 1872 419 1907 14.
450 1859 590 1910 ἅπασι]
630 1858 736 1898 Nam
759 1859 809 1897 de
831 1858 1016 1903 Graecis„
1041 1872 1121 1897 nou
1156 1858 1207 1897 de
1240 1857 1337 1896 solis
1360 1856 1689 1896 Atheniensibus

178 1914 375 1967 loquitur.
440 1914 659 1953 FRANK.

235 1975 312 2010 τῶν
331 1969 438 2023 τότε]
467 1970 495 2008 Ι.
521 1984 553 2009 e.
576 1969 598 2019 ἢ
620 1974 698 2011 τοῖς
720 1971 806 2009 τότε
831 1971 1036 2022 (tempore
1056 1969 1150 2009 belli
1176 1968 1368 2017 Persici).
1431 1967 1651 2006 FRANK.

242 2038 332 2073 121,
361 2039 422 2075 17.
456 2028 502 2065 τὰ
522 2028 595 2077 μὲν
617 2030 686 2065 νῦν
708 2025 842 2078 ὁρᾶτε]
879 2025 1003 2078 Sequi
1026 2025 1207 2065 debebat
1237 2027 1284 2063 τὰ
1307 2024 1336 2063 δ’
1362 2026 1404 2063 ἐν
1434 2027 1513 2064 τοῖς
1541 2024 1690 2062 ἄνωθεν

179 2083 335 2133 χρόνοις
356 2083 430 2133 ἐγὼ
463 2083 641 2131 δηλώσω,
663 2082 736 2120 sed
769 2081 988 2134 gravitatis
1021 2096 1170 2121 caussa
1200 2081 1409 2133 inceptam
1437 2083 1691 2118 structuram

180 2137 371 2177 mutavit.
433 2137 629 2177 Ceterum
664 2139 839 2177 observa
875 2137 1087 2176 concisum
1126 2151 1256 2190 genus
1297 2135 1458 2174 dicendi
1495 2149 1570 2187 pro
1589 2149 1596 2174 :
1641 2136 1691 2173 ἵν’

183 2195 305 2241 εἰδῆτε
327 2194 385 2231 ὅτι
406 2193 511 2232 ταῦθἼ
534 2195 652 2234 οὕτως
675 2194 770 2245 ἔχει,
792 2195 840 2232 τὰ
861 2194 933 2243 μὲν
955 2196 1024 2232 νῦν
1046 2210 1078 2233 κ.
1101 2210 1132 2232 τ.
1155 2198 1192 2231 λ.
1256 2191 1476 2230 FRANK.

246 2261 338 2296 121,
364 2262 426 2299 19.
460 2249 503 2287 οὐ
525 2250 803 2299 λόγους-τῶν
823 2248 1017 2299 ὑμετέρων
1037 2248 1260 2300 προγόνων]
1290 2247 1409 2286 Citat
1430 2247 1469 2284 h.
1492 2246 1517 2285 1.
1542 2245 1691 2285 Aristi-

183 2304 255 2342 des
277 2318 316 2355 p.
344 2316 437 2356 190.
496 2304 689 2343 REJSK.

249 2372 336 2405 121,
362 2372 426 2400 20.
458 2359 683 2411 γράμματα]
717 2359 888 2406 [Ater-ae,
910 2359 935 2397 i.
958 2374 992 2397 e.
1015 2359 1220 2409 γράμματα
1242 2359 1421 2407 δημόσια,
1443 2358 1693 2396 documenta

184 2414 362 2467 publica,
387 2429 492 2467 quae
514 2414 714 2453 columnis
735 2413 899 2454 ‘inscribi
923 2414 967 2465 (i.
990 2428 1024 2453 e.
1046 2414 1190 2463 incidi)
1215 2414 1416 2452 solebant.
1471 2412 1633 2451 FRAN
1638 2412 1692 2451 K.

248 2482 338 2517 121,
364 2481 428 2519 27.
458 2469 664 2524 Ἄρθμιος]
701 2470 941 2517 Decretum,
965 2483 1046 2522 quo
1073 2469 1290 2509 Arthniius
1312 2469 1449 2508 Zelita
1474 2468 1607 2508 hostis
1629 2473 1693 2507 est

185 2525 422 2564 declaratus
445 2525 766 2565 Atheniensium
788 2525 1095 2564 Demosthenes
1117 2525 1156 2563 iu
1179 2525 1367 2564 oratione
1389 2525 1439 2563 de
1459 2524 1692 2577 falsalega-

185 2581 300 2620 tione
321 2595 430 2620 anno
452 2585 551 2620 ante
575 2581 851 2634 Philippicam
878 2581 1049 2621 tertiam
1083 2580 1228 2620 habita
1258 2579 1503 2619 memoravit
1535 2594 1574 2632 p.
1597 2589 1692 2630 427.

186 2650 270 2689 seq.
293 2637 357 2675 his
378 2637 525 2679 verbis.
549 2639 588 2676 τί
615 2638 684 2676 οὖν
709 2639 847 2676 ἐκεῖνοι
871 2639 927 2688 (οἱ
954 2638 1155 2688 πρόγονοι)
1180 2637 1267 2686 περὶ
1297 2637 1442 2674 τούτων
1474 2636 1691 2685 ἐφρόνουν;

185 2693 293 2731 ταυτὶ
315 2693 454 2741 λαβὼν
487 2692 696 2743 ἀνάγνωθι,
720 2696 954 2743 γραμματεῦ·
989 2695 1049 2731 δεῖ
1077 2694 1150 2743 γὰρ
1171 2693 1266 2740 ὑμᾶς
1289 2691 1430 2730 εἰδέναι
1451 2691 1509 2729 ὅτι
1531 2691 1594 2729 ἐπὶ
1615 2693 1694 2730 τοῖς

187 2749 371 2788 τοιούτοις
404 2748 530 2797 ἔργοις
564 2749 779 2800 ῥᾳθυμεῖτε,
812 2749 865 2787 ὧν
902 2747 1072 2787 θάνατον
1106 2748 1395 2797 κατεγνώκασιν
1427 2747 1464 2785 οἱ
1495 2746 1692 2796 πρόγονοι.

188 2802 295 2852 λέγε.
331 2806 531 2841 ΣΤΗΛΗ.
566 2804 736 2848 ἀκούετε,
760 2803 789 2842 22]
816 2804 951 2853 ἄνδρες
969 2802 1183 2852 Ἀθηναῖοι,
1206 2806 1282 2842 τῶν
1303 2801 1536 2852 γραμμάτων
1558 2801 1695 2850 λεγόν-

188 2873 264 2896 των
279 2857 470 2907 ’Ἄρθμιον
503 2858 571 2896 τὸν
594 2860 852 2899 Πυθώνακτος
872 2859 940 2897 τὸν
963 2859 1150 2907 Ζελείτην
1184 2858 1327 2909 ἐχθρὸν
1360 2857 1457 2896 εἶναι
1489 2856 1551 2894 καὶ
1577 2853 1694 2893 πολέ-

189 2928 276 2960 μιον
312 2916 378 2951 τοῦ
411 2912 528 2961 δήμου
562 2916 627 2951 τοῦ
646 2913 865 2963 Ἀθηναίων
893 2915 954 2952 καὶ
984 2917 1060 2952 τῶν
1091 2913 1305 2963 συμμάχων
1338 2912 1456 2950 αὐτὸν
1489 2910 1551 2949 καὶ
1581 2909 1694 2960 γένος
