1934 3179
263 94 347 137 398
820 99 936 139 PRO
968 99 1219 141 CORONA.

261 203 426 253 tempus
449 200 554 241 cladi
578 201 853 242 Ohersonensi
874 204 1062 257 proxime
1083 205 1333 245 antecedens
1354 206 1586 256 transtulit,
1607 207 1773 248 demon-

260 256 411 296 stravit
428 256 739 306 VViniewskius,
764 259 832 312 qui
854 260 962 299 hanc
984 260 1235 314 legationem
1256 261 1309 301 ad
1332 261 1494 316 Olylnp.
1518 277 1607 317 109,
1636 278 1668 304 1.
1691 270 1773 305 ret-

260 311 357 352 tulit
392 327 433 366 p.
464 327 536 366 ¹33
573 328 661 367 sqq.
724 314 840 354 Conf.
877 316 1004 355 etiam
1038 317 1287 356 Brueckner.
1318 317 1483 358 Hister.
1517 319 1699 374 Philippi
1731 336 1770 374 p.

262 369 342 407 216
364 383 453 422 sqq.
515 370 585 409 Ad
608 370 770 424 Olymp.
801 385 888 422 109,
911 386 949 421 4.
973 372 1137 412 rettulit
1161 373 1415 426 Droysenius
1436 389 1476 428 p.
1501 377 1595 415 818.

319 436 411 476 272,
443 427 502 464 18.
536 427 578 465 ἐν
601 428 767 478 αἰσχύνῃ
789 427 964 476 ποιήσων
985 429 1055 478 τὴν
1076 428 1212 483 πόλιν]
1245 430 1396 469 Rarior
1416 431 1583 471 locutio.
1646 433 1772 473 Hunc

258 479 393 519 locum
426 481 560 521 citans
584 482 640 521 H.
665 482 903 535 Stephanus
926 484 1128 524 Thesaur.
1151 500 1182 525 s.
1206 501 1240 525 v.
1267 487 1433 538 αἰσχύνη
1453 501 1460 524 ;
1497 493 1519 509 “
1539 489 1582 527 ἐν
1604 490 1771 544 αἰσχύνῃ

257 541 385 576 ποιεῖν
407 537 475 586 τὴν
491 539 622 585 πόλιν,
642 538 858 578 Dedecore
879 540 1043 580 afficere
1065 541 1289 590 civitatem,
1312 542 1586 595 Ignominiam
1608 544 1772 585 inurere

258 591 432 632 civitati.
495 593 615 644 Quod
640 594 763 634 Plato
794 595 834 634 111
858 596 1067 651 Apologia
1098 597 1200 638 (11011
1222 600 1413 651 αἰσχύνην
1434 603 1479 654 τῇ
1507 599 1621 640 πόλει
1642 602 1771 653 περιά-

256 649 404 687 πτειν.”
465 648 795 690 SUHAEFER.

317 717 365 756 27
375 718 409 752 2,
437 718 500 746 20.
533 707 617 745 τότε
641 707 860 758 ἑγὼ-καθ’
882 707 1008 762 ὑμῶν]
1034 709 1286 749 Scholiastes
1307 711 1361 750 ad
1383 711 1599 765 Aristoph.
1625 712 1770 766 Equit.

256 772 354 813 523.
388 762 449 801 καὶ
471 762 728 813 Δημοσθένης
761 765 803 803 ἐν
830 767 1092 807 Φιλιππικοῖς·
1127 767 1213 805 τότε
1246 768 1377 807 τοίνυν
1409 772 1586 819 τυφῶνος
1617 774 1770 809 πολλοῦ

254 815 410 866 ῥέοντος
443 818 524 857 καθ’
547 819 664 868 ὑμῶν.
730 819 984 873 Philippicas
1015 821 1172 870 citavit,
1197 837 1290 862 culn
1320 828 1507 863 nostram
1537 824 1768 865 orationem

255 872 440 914 deberet.
504 874 838 916 SGHAEFER.

311 932 361 983 τῷ
404 931 562 970 Πύθωνι
603 932 880 985 θρασυνομένῳ
922 951 954 972 κ.
991 951 1024 973 τ.
1061 933 1121 988 λ.]
1175 935 1269 974 Huc
1313 940 1497 990 respexit
1535 937 1765 978 Philostra-

254 988 323 1024 tus
356 985 397 1024 in
430 988 607 1039 praefat.
640 987 694 1027 ad
720 988 807 1027 Vit.
832 989 1016 1042 Sophist.
1041 1005 1080 1043 p.
1103 992 1200 1041 482.
1233 994 1269 1031 οἱ
1300 994 1340 1031 δὲ
1373 993 1448 1032 ἀπὸ
1471 997 1537 1032 τοῦ
1561 997 1767 1041 Βυζαντίου

256 1042 457 1090 Πύθωνος,
480 1042 526 1082 ὃν
549 1044 805 1094 Δημοσθένης
835 1047 953 1095 μόνος
974 1045 1195 1096 Ἀθηναίων
1228 1048 1422 1101 ἀνασχεῖν
1448 1056 1547 1100 φησι
1577 1052 1767 1099 θρασυνό-

251 1113 372 1146 μενον
405 1099 466 1137 καὶ
496 1100 621 1139 πολὺν
653 1099 805 1150 ῥέοντα.
868 1102 1012 1155 Atque
1044 1102 1137 1142 hinc
1170 1104 1310 1143 forsan
1336 1104 1604 1159 corrigendus
1628 1106 1766 1145 Philo—

253 1158 413 1193 stratus
436 1154 524 1194 Vit.
550 1156 741 1209 Apollon.
767 1168 803 1207 7,
826 1168 894 1210 37.
927 1160 946 1197 ὁ
971 1160 1114 1198 Πύθων
1134 1162 1252 1199 ταῦτα
1274 1162 1534 1212 δημηγορέων,
1559 1163 1608 1203 ὥς
1628 1168 1765 1212 φασιν.

252 1208 377 1250 MSS.
401 1225 543 1251 omnes
575 1216 695 1252 ταῦτα
725 1214 835 1263 ῥέων.
899 1214 1140 1265 Legendum
1174 1230 1320 1255 censeo
1351 1221 1469 1256 ταῦτα
1500 1219 1621 1259 πολὺς
1651 1219 1763 1269 ῥέων,

252 1280 491 1319 quanquam
527 1272 569 1307 et
603 1267 701 1307 illud
737 1269 915 1309 alterum
948 1266 1044 1310 ferri
1082 1272 1226 1324 possit.
1290 1273 1371 1312 Sed
1407 1273 1484 1313 1100
1521 1274 1763 1327 elegantius,

252 1321 360 1372 Quin
390 1328 432 1363 et
456 1323 665 1363 Pollucem
693 1328 728 1372 6,
760 1338 848 1377 147.
877 1332 1120 1380 corruptum
1149 1333 1263 1381 puto,
1287 1329 1356 1368 ubi
1389 1329 1566 1383 legitur:
1601 1330 1762 1381 λάβρος,

249 1379 386 1433 πολλῷ
408 1381 520 1430 ῥέων.
584 1380 717 1420 Immo
739 1382 860 1423 πολὺς
880 1382 980 1433 ῥέων
1002 1398 1051 1422 ex
1076 1383 1370 1424 Demosthene.
1434 1385 1608 1425 TOUP.

306 1438 443 1489 πολλῷ
475 1436 604 1486 ῥέοντι
646 1437 730 1476 καθ’
761 1438 881 1491 ὑμῶν]
927 1439 1005 1487 Qui
1039 1454 1179 1492 ‘nm-(stae
1206 1442 1377 1492 flammine
1416 1440 1617 1481 verborum
1657 1443 1762 1482 imve-

248 1488 406 1529 lmremr
427 1492 469 1530 ’111
491 1506 567 1537 ros,
591 1493 797 1533 translata
828 1493 1009 1533 dictione
1039 1496 1093 1534 ab
1114 1510 1317 1548 aquarum
1342 1497 1598 1537 exuberante
1629 1498 1761 1551 copia.

252 1544 362 1585 Vide
395 1547 449 1586 ad
483 1547 733 1588 locutionem
762 1549 884 1589 Diod.
915 1552 973 1597 16,
1004 1551 1071 1603 85.
1110 1550 1208 1605 ibiq.
1235 1553 1426 1597 XVessel„
1456 1553 1675 1594 Heindorf.
1706 1555 1760 1594 ad

248 1600 406 1642 Horat.
448 1601 577 1642 Serm.
615 1618 645 1651 1,
673 1617 706 1651 2,
743 1606 806 1646 28.
870 1606 1024 1660 Tangit
1058 1607 1184 1646 etiam
1210 1608 1433 1661 Wyttenb.
1467 1609 1521 1648 ad
1546 1609 1759 1649 Plutarch.

249 1658 472 1698 Animadv.
496 1675 533 1712 p.
556 1662 652 1712 348.
716 1660 850 1714 Saepe
876 1662 1105 1715 respiciunt
1132 1663 1240 1703 hunc
1263 1664 1397 1703 locum
1414 1669 1586 1713 veteres,
1610 1670 1652 1705 et
1674 1666 1760 1719 pla-

248 1713 334 1753 cuit
355 1719 528 1768 propter
551 1716 783 1762 audaciam,
809 1718 859 1756 cf.
887 1718 1055 1757 Lueian.
1080 1719 1251 1758 Encom.
1277 1721 1494 1760 Demosth.
1517 1735 1549 1759 c.
1573 1735 1625 1773 5.,
1651 1722 1757 1761 Plin.

250 1768 385 1823 Epist.
409 1785 449 1823 9,
475 1773 538 1819 26,
563 1784 599 1824 9.
662 1772 886 1812 DISSEN.

306 1838 353 1878 27
365 1840 398 1874 2,
425 1838 488 1878 27.
511 1827 724 1882 Ἀναξίνῳ]
750 1830 815 1869 1)0
840 1830 1034 1870 Anaxino
1056 1832 1319 1885 exploratore
1341 1833 1432 1872 vide
1454 1833 1695 1872 W'iniewski
1718 1848 1756 1886 p.

245 1892 326 1935 347
362 1897 474 1936 seqq.
538 1883 714 1924 Venisse
746 1884 910 1925 videtur
941 1888 1134 1927 Athenas
1168 1888 1230 1927 Ol.
1260 1902 1348 1940 109,
1380 1903 1420 1941 3.
1453 1894 1642 1936 exeunte,
1677 1904 1757 1942 quo

246 1943 434 1992 tempore
466 1940 747 1980 Athenienses
783 1942 833 1981 de
867 1942 1038 1983 Euboea
1074 1944 1289 1984 liberanda
1325 1950 1367 1984 et
1403 1945 1453 1984 de
1489 1945 1682 1984 subsidiis
1715 1945 1757 1984 in

247 1994 564 2048 Hellespontum
586 1996 802 2036 mittendis
823 1998 1079 2052 cogitabant,
1099 2001 1390 2053 exploraturus
1411 2016 1553 2040 eorum
1574 2001 1755 2041 consilia.

244 2051 476 2091 Aeschines
496 2052 550 2091 ad
572 2052 673 2092 haec
696 2053 736 2091 111
759 2054 872 2094 edita
893 2069 1018 2107 quam
1038 2056 1238 2095 habemus
1260 2057 1449 2097 oratione
1470 2057 1695 2111 respondet
1716 2072 1754 2110 p.

246 2106 327 2159 85;
362 2121 457 2147 nam
490 2109 731 2161 responderi
764 2109 819 2149 ibi
851 2110 917 2149 vix
952 2111 1178 2151 dubitabis.
1212 2112 1435 2152 DISSEN.
1498 2113 1566 2152 Ad
1590 2113 1753 2166 Olymp.

250 2176 339 2214 109,
380 2177 419 2213 4.
462 2164 626 2204 rettulit
669 2166 872 2218 Droysen.
917 2181 958 2219 p.
1002 2169 1080 2206 818
1124 2182 1183 2221 sq.
1247 2168 1312 2207 Sic
1353 2168 1479 2208 etiam
1516 2169 1751 2208 Boehneck.

246 2218 417 2268 Quaest.
442 2219 518 2258 vol.
545 2233 578 2258 1.
601 2235 640 2272 p.
663 2233 759 2273 334.

303 2285 395 2327 273,
431 2288 471 2327 5.
516 2277 817 2328 MAPTTPEE]
864 2278 928 2316 De
964 2279 1177 2318 tessine-onio
1210 2280 1398 2332 sequenti
1440 2280 1627 2333 disputat
1663 2281 1753 2320 Wi-

243 2329 410 2369 niewski
443 2345 482 2382 p.
515 2343 593 2383 351
627 2345 755 2384 seqq,
787 2333 1010 2371 secundum
1045 2334 1242 2373 Boeekhii
1276 2336 1540 2375 sententiam.
1601 2336 1750 2376 Videri

242 2390 383 2438 potest
403 2386 706 2426 Demosthenes
725 2388 944 2427 Aeschinis
965 2389 1118 2428 crimen
1141 2391 1195 2429 ad
1217 2395 1431 2443 praetores
1454 2392 1663 2439 detulisse,
1682 2392 1750 2444 qui

243 2441 491 2495 proditionis
527 2441 640 2481 litem
677 2442 963 2492 intendebant,
997 2445 1029 2484 si
1068 2446 1159 2498 quis
1196 2460 1288 2485 cum
1323 2447 1445 2486 hoste
1478 2447 1749 2500 conspiraret,

242 2497 347 2536 conf.
371 2497 642 2536 Schoeinann.
664 2498 714 2537 de
737 2499 885 2539 Gemit.
907 2515 944 2553 p.
967 2513 1045 2540 202
1069 2515 1180 2554 seqq.
1244 2502 1369 2541 Unde
1390 2517 1528 2542 coram
1549 2503 1750 2556 praetori-

241 2553 318 2592 bus
340 2553 416 2592 hoc
438 2553 723 2593 testimonium
741 2555 898 2595 dictum
915 2571 1004 2595 esse
1021 2557 1292 2610 jurejurando
1314 2557 1574 2612 interposito.
1623 2559 1749 2598 Prae—

240 2613 354 2648 tores
376 2623 471 2649 vero
493 2623 578 2648 rem
601 2610 654 2649 ad
687 2616 879 2650 senatum
912 2612 1122 2661 detulisse,
1144 2629 1168 2653 a
1191 2628 1273 2666 quo
1294 2618 1435 2654 tamen
1467 2629 1548 2654 non
1580 2614 1749 2668 dignam

240 2678 332 2704 eam
358 2665 545 2704 habitam
570 2665 802 2705 Boeckhius
837 2667 1084 2720 suspicatur,
1108 2674 1154 2708 ut
1180 2669 1338 2722 judicio
1365 2671 1616 2709 traderetur.
1678 2670 1747 2709 Ita

240 2725 382 2760 tamen
402 2721 559 2760 factum
591 2735 680 2760 esse
702 2727 748 2761 ut
770 2723 847 2762 hoc
870 2724 1154 2763 testimonium
1183 2725 1223 2763 in
1255 2725 1360 2764 actis
1386 2730 1555 2765 senatus
1577 2740 1746 2778 repone-

240 2780 367 2824 retur,
390 2777 499 2815 unde
522 2791 628 2815 nunc
652 2779 958 2818 Demosthenes
980 2794 1028 2819 eo
1054 2784 1200 2820 utatur
1221 2780 1261 2819 in
1287 2781 1369 2820 alia
1389 2795 1445 2820 re.
1508 2781 1601 2820 Non
1624 2795 1745 2834 nega-

239 2831 302 2870 bis
330 2836 476 2872 acutas
507 2846 596 2871 esse
623 2833 697 2872 has
729 2834 1002 2886 conjecturas.
1026 2836 1103 2874 etsi
1136 2841 1274 2876 certae
1305 2851 1387 2875 non
1417 2841 1526 2876 sunt.
1590 2836 1743 2874 Mirum

239 2891 302 2925 est
342 2887 451 2926 enim
492 2889 601 2939 quod
646 2889 873 2928 Aeschines
914 2896 1060 2930 contra
1099 2891 1356 2945 Ctesiphont.
1399 2907 1435 2944 p.
1476 2893 1540 2944 85.
1582 2890 1743 2930 silentio
