1935 3205
493 151 887 191 OLYN'I'IMACA
926 150 1219 191 SECUNDA.
1558 152 1613 191 59

99 259 256 299 ditione
287 258 387 297 1111111
420 259 522 297 certi
556 265 725 305 notum3
758 259 935 296 fortasse
958 255 1049 308 quis
1082 255 1158 293 hoc
1187 254 1438 307 c‹›nje‹.·erit:
1475 254 1610 293 Timo-

100 316 221 356 theus
243 315 392 354 iterum
416 317 614 368 (namque
632 315 717 367 jam
740 320 866 354 antea
889 311 1107 351 sot-rande
1137 311 1340 350 archonte
1362 311 1385 349 i.
1408 325 1442 349 e.
1474 324 1561 358 101,
1585 324 1608 363 3

99 372 139 410 in
162 371 342 410 Thracia
364 371 530 423 paulum
552 378 778 423 occupatus
801 375 878 409 est.
938 367 1340 406 l’sa-udo·len-mosth.
1364 366 1547 405 'l'imotlr
1572 382 1610 419 p.

106 442 116 466 1
135 429 224 474 186,
247 440 305 465 10.
326 442 332 465 ;
367 426 458 465 Ἐπὶ
474 427 715 477 Σωκρατίδου
731 429 804 476 γὰρ
821 427 1009 476 ἄρχοντος
1026 427 1305 475 Μουνυχιῶνος
1318 423 1439 472 μηνὸς
1451 424 1612 471 μέλλων

98 485 256 523 ἐκπλεῖν
282 483 351 521 τὸν
372 484 536 532 ὕστερον
565 483 735 521 ἔκπλουν
756 484 956 531 Τιμόθεος.
997 479 1163 518 1)ἱ(>(1()1“.
1195 492 1258 531 15,
1279 491 1347 529 47.
1369 478 1421 517 ad
1446 479 1610 531 Olylnp.

105 552 192 585 101,
214 551 263 590 3:
297 537 500 586 Ἀθηναῖοι
533 540 571 577 δὲ
609 539 670 577 καὶ
706 538 828 576 πάλαι
860 539 932 586 μὲν
968 535 1288 574 ἀπεστάλκεισαν
1318 536 1512 584 Τιμόθεον
1542 536 1612 574 τὸν

100 597 278 635 Κόνωνος
300 596 362 633 ἐπὶ
383 594 573 644 βοήθειαν
594 599 675 635 τοῖς
695 594 942 644 Κερκυραίοις
962 594 1059 640 μετὰ
1082 595 1180 630 νεῶν
1203 590 1400 640 ἑξήκοντα.
1435 591 1547 631 οὗτος
1568 592 1609 629 δὲ

98 651 169 701 πρὸ
192 653 256 699 τῆς
278 651 498 702 συμμαχίας
519 651 657 699 ταύτης
679 651 855 690 πλεύσας
877 650 938 687 ἐπὶ
956 647 1113 699 Θρᾴκης
1136 648 1197 685 καὶ
1219 649 1371 687 πολλὰς
1393 648 1527 687 πόλεις
1550 647 1611 686 ἐπὶ

97 708 321 758 συμμαχίαν
361 706 754 757 προσκαλεσάμενος)
777 721 786 751 ;
829 704 980 744 iterum
1023 703 1150 755 igitur
1182 702 1342 755 Olymp.
1388 716 1474 753 ¹04,
1523 716 1530 740 1
1570 702 1610 741 111

98 762 319 801 Thraciam
357 762 566 815 navigavit
597 761 736 810 (Diod.
768 773 827 813 15,
857 763 922 799 81.
950 760 1002 799 ad
1036 774 1129 797 eum
1164 773 1346 798 annmn:
1379 760 1569 807 Τιμόθεος
1590 760 1610 798 ὁ

95 817 313 868 Ἀθηναίων
345 821 560 869 στρατηγὸς
590 818 691 870 ἔχων
723 819 885 866 δύναμιν
918 816 1072 864 πεζικὴν
1107 816 1168 854 καὶ
1204 815 1396 863 ναυτικὴν,
1425 816 1612 865 Τορώνην

96 873 168 924 μὲν
190 875 252 914 καὶ
270 875 483 913 Ποτίδαιαν
505 874 769 924 πολιορκήσας
791 874 885 912 εἷλε.
939 872 1001 911 (Jf.
1022 871 1216 910 Dinarcll.
1235 886 1267 909 (5.
1293 871 1406 909 Dein.
1427 884 1492 919 91.
1509 872 1610 922 48.).

100 930 191 969 Hac
213 929 427 969 occasione
448 930 499 969 de
521 929 585 968 his
614 929 785 968 urbibus
807 927 993 981 Olynthii
1026 927 1060 966 ei
1093 926 1301 966 adversati
1324 926 1449 965 fuisse
1472 926 1610 965 viden—

97 991 178 1033 tur,
202 999 380 1040 namque
410 986 603 1025 Toronen
637 990 680 1025 et
714 984 934 1039 praecipue
967 983 1216 1023 Potidaeam
1249 982 1434 1036 aliasque
1457 981 1611 1022 vicinas

97 1042 219 1081 urbes
245 1041 404 1081 alienae
433 1041 635 1095 potestati
658 1042 926 1081 vehementer
957 1039 1198 1079 invidebant
1235 1038 1422 1089 (Diodor.
1455 1040 1512 1083 16,
1539 1040 1610 1089 8.).

100 1098 159 1137 At
179 1098 386 1150 quomodo
409 1097 477 1150 qui
500 1102 590 1137 tum
616 1097 909 1137 Macedoniam
942 1095 1063 1141 rexit,
1089 1094 1310 1134 Perdiccas
1339 1094 1400 1132 111
1428 1094 1609 1148 Philippi

96 1155 238 1200 frater,
263 1154 582 1194 Atheniensium
606 1153 789 1193 hostium
817 1167 916 1206 opes
939 1151 1173 1204 adjuverit?
1233 1150 1451 1196 (Aeschin.
1473 1152 1499 1190 f.
1524 1150 1547 1190 1.
1571 1166 1608 1204 p.

101 1223 176 1262 213
199 1225 206 1248 :
243 1212 460 1261 Περδίκκας
482 1212 535 1252 εἷς
556 1211 625 1259 τὴν
647 1210 772 1262 ἀρχὴν
796 1211 988 1250 καταστὰς
1010 1208 1192 1260 (Olymp.
1220 1219 1307 1260 103,
1330 1221 1370 1257 4.
1394 1209 1492 1258 ‘'{‘‡†⁵L})
1517 1207 1611 1258 ὑπὲρ

97 1265 373 1317 Ἀμφιπόλεως
396 1266 618 1316 ἐπολέμησε
650 1269 695 1320 τῇ
727 1266 878 1316 πόλει).
941 1265 1002 1303 At
1024 1263 1176 1303 ibidem
1200 1262 1308 1301 idem
1332 1263 1489 1302 Orator
1514 1262 1611 1302 Per-

99 1321 254 1361 diccam
277 1336 371 1361 cum
394 1322 722 1362 Atheniensibus
743 1320 1054 1361 reconciliatum
1077 1334 1166 1359 esse
1197 1327 1369 1363 narrat;
1404 1323 1450 1359 ut
1472 1318 1611 1371 potius

99 1392 146 1417 eo
166 1377 255 1431 ipso
288 1382 474 1431 tempore
498 1378 776 1418 Athenienses
807 1376 1014 1429 adjuvisse
1035 1375 1238 1415 videatur.
1301 1375 1443 1414 Etiam
1468 1374 1612 1428 Ulpia-

99 1448 174 1472 nus
195 1434 248 1474 ad
270 1434 310 1473 h.
332 1434 356 1474 l.
380 1434 474 1473 huie
508 1433 741 1474 sententiae
772 1432 958 1473 accedit:
996 1432 1102 1482 Πρὸς
1135 1434 1210 1482 γὰρ
1237 1431 1468 1472 Ὀλυνθίους
1495 1438 1612 1471 πολε-

98 1493 238 1539 μοῦσιν
269 1489 491 1539 Ἀθηναίοις
523 1490 774 1542 συνεμάχησε
807 1490 1062 1540 Περδίκκας
1097 1489 1116 1526 ὁ
1151 1487 1355 1537 ἀδελφὸς
1377 1490 1612 1527 Φιλίππου

98 1548 193 1595 μετὰ
233 1550 308 1585 τῶν
351 1547 603 1585 Μακεδόνων.
668 1546 784 1585 Idem
824 1550 991 1598 tempus
1023 1543 1228 1597 respicere
1264 1543 1458 1583 videntur
1491 1543 1611 1582 Aem.

102 1601 263 1641 Probus
298 1601 402 1641 Vita
439 1601 647 1642 Timothei
684 1617 717 1642 c.
756 1602 800 1641 I:
845 1600 1274 1654 “Olynthios—bello
1307 1599 1510 1653 subegit.”
1546 1599 1611 1651 (cf.

102 1657 299 1697 Valcken.
333 1658 452 1697 Orat.
487 1657 538 1697 de
572 1658 678 1697 Phil.
716 1673 756 1711 p.
784 1660 876 1709 269.
909 1671 948 1695 n.
971 1658 1057 1707 61),
1082 1655 1334 1696 Aristoteles
1369 1656 1611 1706 (Oeconom.

101 1724 137 1760 2,
168 1727 197 1758 1,
234 1716 298 1765 23)
339 1718 381 1753 et
416 1713 650 1767 Polyaenus
685 1718 743 1766 (3.
774 1727 832 1757 10,
864 1715 910 1765 1.)
948 1716 1181 1755 narrantes.
1218 1711 1485 1751 Timotheum
1518 1726 1611 1751 cum

102 1769 306 1822 Olynthiis
328 1769 479 1809 bellum
500 1775 715 1823 gerentem
749 1769 790 1808 in
823 1769 1022 1823 pecuniae
1054 1768 1193 1821 inopia
1215 1767 1409 1808 fictitium
1440 1782 1612 1806 numum

100 1825 229 1879 sigillo
250 1825 460 1878 signatum
481 1826 743 1866 distribuisse
765 1831 808 1865 et
829 1830 975 1878 postea
1001 1824 1179 1864 relatum
1202 1823 1412 1877 praesenti
1434 1828 1612 1877 argento

100 1886 356 1933 permutasse
393 1886 435 1921 et
468 1881 645 1921 solvisse.
710 1881 891 1921 Boeckh.
918 1881 1139 1921 Oeconom.
1164 1881 1267 1920 Ath.
1291 1880 1366 1919 vol.
1393 1891 1427 1918 2.
1451 1894 1490 1932 p.
1522 1892 1610 1919 112..

101 1941 143 1976 et
164 1937 239 1976 vol.
267 1952 296 1977 1.
318 1952 357 1990 p.
380 1949 479 1991 317.
543 1938 627 1976 Alii
648 1937 773 1978 aliam
794 1936 1079 1977 narrationem
1100 1936 1264 1990 fingunt
1286 1936 1392 1975 hanc
1411 1951 1417 1974 :
1454 1936 1611 1988 Amyn-

101 1996 166 2032 tas
200 1997 321 2045 pater
353 1993 535 2046 Philippi
569 1999 719 2034 contra
747 1992 979 2046 Olynthios.
1009 1992 1077 2045 qui
1114 2006 1307 2046 magnam
1338 1991 1611 2031 Macedoniae

101 2052 261 2101 partem
283 2063 325 2088 se
346 2049 584 2089 reddituros
606 2064 694 2089 esse
716 2054 983 2103 negaverant.
1005 2053 1209 2101 perpetuo
1231 2047 1326 2086 odio
1348 2046 1529 2093 inflatus,
1553 2046 1611 2085 in—

101 2104 204 2144 citat
244 2105 533 2151 Athenienses.
577 2105 646 2158 qui
688 2120 780 2144 cum
824 2104 1056 2143 Macedone
1095 2102 1357 2143 familiariter
1400 2102 1611 2155 conjuncti

103 2160 272 2208 (Aesch.
298 2161 320 2200 l.
344 2175 378 2201 c.
402 2175 440 2213 p.
468 2173 561 2200 212.
583 2162 679 2214 sq.).
704 2160 926 2200 Timotheo
947 2160 1050 2199 duce
1084 2164 1127 2199 et
1150 2158 1352 2198 Perdicca
1380 2160 1542 2211 (nempe
1564 2163 1612 2198 ut

103 2215 271 2268 Ulpiani
303 2217 428 2256 verba
459 2220 695 2268 serventur)
726 2217 779 2256 ab
802 2217 989 2270 Amynta
1018 2220 1138 2268 patre
1171 2214 1211 2254 in
1242 2214 1442 2254 auxilium
1473 2213 1610 2261 misso,

101 2271 213 2310 brevi
233 2276 420 2325 tempore
445 2274 551 2323 (tum
572 2272 681 2312 enim
702 2273 900 2326 perbreve
921 2276 1086 2324 tempus
1107 2271 1149 2310 in
1170 2270 1349 2310 Thracia.
1367 2269 1612 2309 Timotheus

103 2332 165 2366 est
194 2330 395 2380 moratus)
421 2329 675 2381 subegerunt
698 2327 918 2381 Olynthios
941 2327 1102 2381 Olymp.
1133 2340 1221 2367 101.
1246 2339 1283 2376 3.
1346 2325 1519 2365 Diodor.
1551 2338 1610 2378 15,

102 2396 168 2432 47.
231 2383 473 2423 Lucchesini
506 2384 560 2424 ad
594 2384 634 2422 h.
668 2384 695 2423 l.
731 2398 771 2423 n.
810 2396 868 2422 11.
903 2398 943 2436 p.
976 2396 1071 2435 3¹9-
1108 2397 1196 2436 sqq.
1232 2381 1417 2421 VOEM.
1482 2381 1612 2421 Recte

104 2437 333 2478 Boeckhius
355 2444 397 2479 et
421 2439 661 2479 Voemelius
681 2453 772 2479 eam
795 2438 1003 2479 Timothei
1033 2438 1337 2491 expeditionem
1373 2436 1613 2490 intelligunt

103 2508 183 2545 qua
192 2494 436 2535 Potidaeam
452 2503 492 2535 et
510 2495 704 2535 Toronen
718 2495 840 2548 cepit.
877 2495 1013 2545 Quum
1030 2494 1140 2534 enim
1155 2500 1355 2546 appareat
1374 2493 1425 2531 de
1437 2492 1553 2545 gravi
1569 2498 1611 2532 et

102 2549 205 2588 felici
227 2551 488 2603 expeditione
505 2551 829 2590 Demosthenem
852 2551 1088 2595 admonere,
1106 2550 1159 2589 ab
1184 2550 1381 2595 Isocrate,
1402 2548 1610 2587 Timothei

102 2603 328 2652 laudatore,
351 2621 475 2646 unam
508 2607 800 2646 tantummodo
832 2605 1143 2659 expeditionem
1165 2605 1198 2643 T
1203 2603 1411 2643 hracicam
1436 2617 1611 2642 comme-

103 2660 253 2700 morari
274 2661 458 2701 videmus
489 2662 556 2711 (de
576 2662 709 2702 antid.
738 2664 773 2715 ξ
799 2675 807 2699 1
827 2675 888 2714 15.
912 2676 951 2714 p.
974 2663 1070 2710 446.
1094 2660 1157 2699 ed.
1182 2659 1314 2698 Bekk.
1339 2659 1460 2698 Oxon
1478 2661 1505 2708 ).
1530 2672 1611 2710 qua

105 2714 349 2756 Potidaeam
365 2722 407 2757 et
425 2717 617 2757 Toronen
635 2717 842 2770 Olynthiis
859 2716 1021 2769 eripuit.
1076 2715 1237 2754 Deinde
1256 2728 1361 2766 quae
1382 2713 1611 2753 Aeschines

103 2785 140 2822 p.
165 2784 229 2821 31.
257 2774 369 2824 (213.
394 2772 570 2823 Reisk.).
593 2773 682 2812 loco
704 2772 764 2811 vel
786 2786 973 2811 errorum
995 2771 1056 2810 vel
1078 2769 1386 2809 mendaciorum
1408 2768 1541 2822 pleno,
1560 2769 1611 2808 de

103 2826 210 2865 bello
232 2841 254 2866 a
280 2827 478 2868 Perdicca
502 2833 647 2868 contra
673 2827 952 2867 Athenienses
980 2834 1100 2880 gesto
1122 2829 1282 2864 narrat.
1306 2838 1433 2876 quum
1453 2824 1610 2864 neseia-

105 2895 194 2920 mus
230 2897 353 2934 quam
390 2883 633 2922 diuturnum
670 2883 771 2922 illud
803 2882 927 2921 fuerit
965 2888 1005 2920 et
1041 2886 1243 2933 quantum
1280 2879 1483 2918 Asehines
1516 2886 1609 2919 arte

105 2937 288 2977 oratoria
307 2939 582 2978 exornaverit.
603 2953 683 2978 non
706 2939 746 2977 id
769 2938 961 2977 efficiunt.
979 2947 1022 2975 ut
1048 2935 1300 2975 luculentum
1325 2934 1608 2975 testimonium
