1914 3184
266 120 349 160 170
764 118 843 157 DE
877 116 1278 157 (JHERSONESO.

331 235 419 270 101,
447 237 476 262 1.
501 225 543 262 ἐν
564 224 615 276 τῷ
639 223 844 276 βαράθρῳ]
873 223 1007 262 Locus
1027 223 1221 269 Athenis,
1238 222 1278 261 in
1302 236 1422 275 quem
1443 223 1775 276 praecipitaban-

266 287 336 318 tur
361 278 550 324 malefici„
576 284 623 318 ut
653 279 832 331 Spartae
857 279 1023 319 Κεάδας.
1049 278 1207 318 Romae
1235 278 1381 317 Scalae
1403 278 1641 318 Gemoniae.
1706 278 1774 317 Sic

264 334 448 387 appellat
467 333 657 373 Thracici
675 334 776 373 coeli
801 334 1108 373 inclementiam
1125 348 1199 386 per
1214 333 1545 381 translationem,
1561 335 1644 373 οἷον
1667 336 1710 373 ἐν
1725 336 1776 387 τῷ

266 391 428 443 ὀλέθρῳ.
461 389 633 443 perinde
666 404 715 428 ac
750 389 783 428 si
816 390 861 428 in
896 396 999 442 peste
1035 390 1095 428 vel
1128 390 1291 428 interitu
1324 388 1510 435 dixisset,
1546 394 1592 429 ut
1625 389 1776 429 Suidas

264 450 456 485 annotat.
493 445 686 484 WOLF.
751 444 867 484 citat*
889 445 927 484 h.
951 445 976 485 l.
1002 445 1259 498 Harpocrat.
1283 460 1317 484 v.
1341 445 1554 495 βάραθρον.
1583 445 1776 485 REISK.

268 501 376 541 Item
400 501 637 553 Etymolog.
665 501 723 539 M.
748 515 786 553 p.
818 500 907 549 187.
931 506 1040 540 extr.
1104 499 1434 541 SCHAEFER.

331 570 416 603 101,
443 568 479 608 7.
505 556 651 608 ἀξιοῦν]
676 556 769 595 Scil.
793 555 971 607 χρήματα
994 556 1204 607 εἰσφέρειν.
1268 555 1462 595 REISK.

322 612 365 650 τὸ
402 611 640 661 συνεστηκὸς
677 610 1089 664 τοῦτο-στράτευμα]
1138 610 1353 664 Diopithis
1388 611 1529 663 copias
1567 610 1776 664 designat.

268 666 462 707 REISK.

328 737 417 766 101.
451 723 623 761 12—18.
658 722 702 761 οὐ
734 723 807 772 γὰρ
840 722 1050 761 ἔστι-τοῦ
1083 723 1321 774 στρατηγοῦ]
1361 721 1480 761 Haec
1509 720 1648 760 omnia
1681 721 1778 771 (for-

264 785 380 819 tasse
415 783 457 818 et-
490 778 681 831 proxima
708 792 839 830 usque
871 778 925 817 ad
960 779 1045 817 ἴσου
1068 793 1101 816 v.
1128 780 1208 829 21.)
1245 778 1442 816 Doblaeo
1473 776 1647 816 delenda
1670 776 1777 815 vide-

268 836 423 874 bantm
441 839 487 873 ut
510 834 625 873 illata
650 848 699 872 ex
718 833 828 872 Phil.
851 833 928 872 IV.
957 848 995 886 11.
1027 844 1116 887 137
1138 844 1173 884 7
1203 847 1308 885 quae
1338 832 1427 886 ipsa
1450 838 1548 872 sunt
1569 832 1777 872 consalci-

266 894 369 930 nata
394 904 443 929 (Χ
468 889 575 928 Phil
604 890 631 928 l
656 904 694 942 p.
716 902 782 959 49.
807 889 897 928 init.
919 894 986 937 46)
1012 889 1083 929 fin
1105 900 1172 940 47.
1196 888 1287 928 init.
1310 902 1376 940 49,
1406 889 1467 927 18
1491 903 1550 940 sq.

329 959 508 998 101,15.
543 948 680 994 ταμίας
704 946 764 983 καὶ
786 945 1010 997 δημοσίους]
1049 946 1111 984 καὶ
1141 959 1191 983 ex
1223 944 1340 983 codd
1363 943 1554 984 additum
1576 943 1778 982 omittunt

265 978 470 1040 editiones
494 1006 667 1040 veteres.
731 1007 753 1021 ‘⁵
774 1000 961 1053 Vulgata
984 1000 1174 1053 copulam
1196 1000 1394 1039 omittens
1417 1003 1662 1052 quaestores
1685 1012 1776 1037 cum

266 1056 556 1095 diribimribus
583 1057 717 1108 (juvat
749 1056 808 1095 ita
840 1056 1063 1108 appellare7
1087 1070 1158 1095 seu
1192 1055 1421 1099 lictoribus,
1445 1053 1779 1093 convenientiore

264 1112 546 1165 aquwellatione
563 1112 709 1151 statim
727 1126 807 1150 non
831 1114 1114 1163 succurrente)
1136 1112 1295 1156 miscet,
1314 1112 1541 1150 honoratos
1559 1109 1778 1163 magistra-

266 1173 312 1207 tu
333 1169 555 1218 fungentes
576 1167 740 1220 publice
761 1167 1016 1206 demandato
1039 1182 1131 1206 cum
1154 1167 1282 1206 servis
1303 1166 1491 1219 publicis.
1555 1165 1669 1205 Citat
1691 1165 1728 1203 h.
1752 1165 1777 1204 l.

268 1224 525 1276 Harpocrat.
542 1238 577 1261 v.
597 1222 817 1272 δημόσιος.”
849 1223 1042 1262 REISK.
1105 1222 1275 1262 Reiskio
1297 1221 1527 1261 assentitur
1545 1220 1778 1260 Boeckhius

267 1280 319 1318 de
341 1280 494 1318 Oecon.
517 1278 632 1331 polit.
658 1278 902 1317 Atheniens.
936 1291 965 1317 1.
988 1293 1027 1331 1).
1060 1291 1145 1329 195.
1209 1277 1539 1318 SUHAEFER.

333 1348 419 1379 101,
446 1348 509 1374 22.
534 1336 566 1373 εἰ
589 1334 629 1373 δέ
649 1351 700 1386 τῳ
723 1337 830 1373 δοκεῖ
850 1351 883 1373 κ.
908 1351 940 1372 τ.
964 1334 1020 1387 λ.]
1044 1333 1258 1373 Aristides
1281 1334 1331 1372 de
1349 1333 1392 1373 C.
1414 1333 1465 1371 D.
1489 1347 1529 1385 p.
1558 1334 1650 1371 262.
1675 1333 1776 1380 &fto-

266 1392 420 1431 πιστίας
455 1393 495 1430 δὲ
521 1389 661 1440 (scilic.
686 1390 917 1440 ἐργαστικόν
941 1390 1041 1437 ἐστι)
1070 1390 1130 1428 καὶ
1164 1390 1258 1428 ὅταν
1280 1406 1335 1430 τις
1357 1391 1590 1438 συνδρομαῖς
1616 1393 1777 1440 (provo-

267 1446 502 1486 cationibus
542 1446 596 1485 ad
637 1459 882 1484 consensum
924 1444 1164 1484 auditorum
1206 1459 1357 1487 secum,
1399 1448 1472 1483 aut
1514 1442 1778 1482 concessione

267 1501 519 1555 argumenti,
539 1516 621 1554 quo
643 1500 908 1540 adversarius
931 1514 1005 1538 nos
1027 1504 1208 1552 premat)
1234 1503 1384 1552 χρῆται,
1403 1500 1452 1540 ὡς
1474 1500 1517 1538 ἐν
1538 1502 1618 1539 τοῖς
1638 1502 1778 1537 Φιλιπ-

267 1562 405 1603 πικοῖς,
430 1559 525 1596 οἷον·
562 1559 595 1595 εἰ
626 1556 667 1596 δέ
689 1573 740 1608 τῳ
773 1559 879 1595 δοκεῖ
909 1560 1030 1594 ταῦτα
1064 1557 1124 1594 καὶ
1152 1555 1321 1604 δαπάνης
1343 1557 1495 1603 πολλῆς
1523 1555 1583 1593 καὶ
1604 1571 1775 1605 πραγμα-

268 1615 372 1654 τείας
403 1613 513 1652 εἶυαι.
551 1616 619 1651 νῦν
652 1613 673 1661 ἡ
707 1611 901 1661 συνδρομή
929 1614 1142 1660 (assensus
1165 1610 1345 1650 oratoris
1379 1609 1544 1662 ipsius)·
1579 1611 1639 1648 καὶ
1670 1609 1779 1659 μάλα

267 1670 388 1737 ὀρθῶς
409 1672 524 1707 δοκεῖ.
557 1668 599 1706 τὸ
622 1685 696 1718 γαρ
720 1667 799 1706 καθ’
825 1669 960 1706 ἑαυτοῦ
982 1670 1121 1706 δοκοῦν
1152 1667 1220 1715 τὴν
1242 1667 1394 1716 πρώτην
1416 1669 1623 1716 συγχωρεῖ,
1647 1666 1711 1704 ἵνα
1732 1667 1779 1703 τὰ

269 1726 364 1775 ὑπὲρ
387 1723 670 1774 αὑτοῦείσάγῃ.
734 1723 914 1775 Sopater
934 1722 1670 1775 1111Ηθ111ιοςοι1.11.312,3.πρῶτον
1691 1721 1776 1769 μὲν,

268 1781 337 1818 εὰν
360 1780 528 1850 ἐγχωρη,
549 1780 600 1831 τῷ
622 1796 672 1827 μη
694 1778 873 1830 χαλεπὸν
897 1777 995 1817 εῖιαι
1017 1778 1237 1827 (utendum
1259 1782 1322 1816 cst
1343 1780 1621 1829 algunlento)‚
1646 1776 1778 1814 ἔπειτα

267 1838 333 1888 τῷ,
358 1837 391 1874 εἰ
413 1836 473 1874 καὶ
494 1833 673 1886 χαλεπον
696 1836 764 1883 εἴη,
789 1833 877 1872 ἀλλ
898 1834 966 1872 οὖν
988 1835 1035 1872 ἀι
1039 1837 1216 1884 αγκαῖον,
1236 1834 1297 1871 καὶ
1318 1833 1376 1871 ὅτι
1398 1835 1457 1870 δεῖ
1475 1833 1569 1881 ὑπὲρ
1591 1835 1668 1870 τῶν
1687 1847 1778 1882 χρη-

266 1889 398 1939 μάτων
422 1891 482 1929 καὶ
503 1891 645 1930 πόνους
678 1906 739 1928 και
763 1890 959 1929 κινδύνους
980 1889 1128 1937 ὑπομέι
1132 1905 1201 1933 ειν,
1227 1889 1288 1927 καὶ
1313 1889 1371 1926 ὅτι
1393 1888 1488 1937 ὑπὲρ
1514 1889 1581 1925 τοῦ
1601 1904 1651 1935 μη
1672 1902 1777 1936 περι-

267 1950 406 1985 πεσεῖι
427 1945 715 1996 χαλεπωτέροις
737 1945 994 1992 ἀντιληπτεον
1016 1949 1090 1983 τῶν
1112 1943 1357 1995 πραγμάτων.
1391 1943 1441 1983 ὡς
1459 1942 1714 1991 Δημοσθένης
1736 1944 1779 1980 ἐν

268 2005 530 2041 Φιλιππικοῖς·
565 2002 598 2039 εἰ
619 2000 661 2038 δέ
682 2016 732 2052 τῳ
755 2003 990 2039 δοκεῖταῦτα
1000 1999 1201 2050 —ez‘upvjffet
1217 2001 1451 2038 λυσιτελοῦν
1468 1998 1511 2035 τὸ
1535 1999 1660 2036 ἑκόντι
1679 1997 1776 2050 [scr.

269 2057 408 2095 ἑκοιτί.
443 2056 506 2094 S(
512 2055 638 2093 HM<
646 2055 679 2093 Ῐ<
687 2055 719 2093 1⁴1
726 2054 795 2107 R]
829 2059 954 2093 ποιεῖν
974 2057 1020 2094 τὰ
1042 2055 1192 2094 δεοντα.
1229 2055 1288 2093 καὶ
1312 2056 1407 2103 ἑξης.
1440 2058 1483 2091 et
1508 2052 1777 2091 Maroellinus

268 2126 307 2163 p.
331 2124 425 2163 313.
459 2111 608 2159 εδίδαξε
642 2113 681 2149 δὲ
705 2111 799 2159 ἡμας
822 2110 1076 2159 Δημοσθενης
1110 2110 1243 2149 αὐτίκα
1274 2126 1343 2158 την
1373 2110 1596 2156 πλατύτητα
1625 2107 1681 2159 (id
1713 2112 1777 2146 est

268 2167 338 2214 τὴν
359 2165 509 2204 πλάτυι
513 2182 590 2210 σιν,
614 2165 995 2218 amplificationem
1020 2165 1302 2204 diductionem
1322 2162 1573 2217 argumenti)
1594 2166 1661 2201 τοῦ
1682 2165 1779 2201 κατὰ

270 2220 616 2270 ἀυτιπαράστασιν,
640 2222 759 2261 ΟὕΤως
793 2220 885 2259 αὐΤΟ
913 2219 1192 2271 ἐργασάμεϊῡς,
1229 2237 1289 2265 ως,
1315 2222 1348 2258 Εἰ
1380 2220 1440 2258 Καὶ
1470 2218 1663 2270 ΧαλΕΠΟΝ,
1687 2217 1776 2256 ἀλλ’

271 2277 319 2314 ἀι
323 2279 497 2325 αγκαῖον.
531 2275 613 2314 εἰπε
635 2274 721 2325 γάρ·
757 2277 790 2314 εἰ
810 2275 852 2314 δέ
871 2291 921 2313 τω
943 2279 1115 2314 δοκεῖμ.
1176 2275 1369 2314 REISK.

336 2343 424 2373 101,
456 2331 521 2370 26.
556 2315 917 2383 ἐγγυητὴς-θεῶν]
956 2330 1152 2369 Imitatus
1184 2336 1246 2369 est
1273 2327 1621 2381 Pseudophalaris
1640 2327 1776 2380 Epist.

272 2385 493 2424 LXXXI.
519 2384 573 2423 in.
636 2384 963 2423 SUHAEFER.

335 2452 421 2485 102,
441 2453 477 2481 2.
499 2443 575 2478 τῶν
595 2441 850 2490 ὑπαρχόντων
872 2442 916 2493 τῇ
938 2440 1070 2490 πόλει]
1095 2442 1162 2478 τοῦ
1183 2438 1398 2488 ἀξιώματος
1421 2440 1561 2487 καὶτῆς
1583 2437 1778 2487 δυνάμεως

270 2498 335 2544 τῆς
355 2497 518 2535 πόλεως.
580 2494 686 2533 Sunt
708 2494 817 2532 enim
838 2496 884 2533 τὰ
904 2494 1129 2546 ὑπάρχοντά
1147 2511 1219 2533 τινι
1237 2509 1287 2534 ea
1308 2494 1447 2533 omnia
1465 2499 1713 2533 ornamenta
1735 2497 1777 2532 et·

271 2549 481 2602 praesidia
503 2554 546 2588 et
567 2549 800 2595 facultates„
825 2549 974 2601 quibus
995 2549 1145 2601 aliquis
1171 2549 1345 2589 nititur:
1380 2549 1607 2601 itidemque
1630 2548 1671 2586 in
1693 2563 1777 2587 ma—

272 2606 354 2644 lam
382 2609 545 2657 partem
578 2604 839 2643 incommoda
874 2610 916 2644 et
950 2604 1247 2657 impedimenta
1269 2604 1420 2650 onmia,
1444 2603 1522 2642 etsi
1555 2603 1604 2642 de
1636 2603 1699 2641 his
1730 2606 1777 2642 τὰ

272 2662 424 2705 ἐνόντα,
457 2660 633 2698 τουτέστι
668 2662 715 2698 τὰ
750 2662 908 2705 δυνατὰ,
941 2659 1105 2712 saepius
1139 2660 1346 2698 dicuntur.
1381 2658 1571 2697 WOLF.
1635 2658 1775 2711 Expli-

273 2720 423 2754 cantur
453 2715 553 2754 haec
575 2715 701 2753 verba
735 2714 784 2753 iis
818 2729 923 2766 quae
957 2714 1101 2754 statim
1136 2715 1439 2767 subjiciuntur:
1473 2714 1533 2752 καὶ
1561 2730 1675 2763 πεπρ.
1698 2717 1777 2754 τοῖς

271 2786 408 2820 προγ.;
441 2770 578 2808 decora
611 2769 786 2808 civitatis
818 2771 1012 2821 majorum
1044 2770 1187 2809 virtute
1214 2776 1351 2823 parta.
1376 2781 1467 2821 257.
1491 2780 1559 2820 95.
1584 2769 1626 2807 ἓν
1656 2767 1678 2816 ἢ
1709 2769 1775 2807 δύο

274 2826 467 2874 Βούλομαι
487 2829 561 2863 τῶν
584 2824 664 2863 καθ’
688 2826 781 2873 ὑμᾶς
801 2825 1085 2875 πεπραγμένων
1112 2829 1241 2863 καλῶν
1263 2827 1307 2877 τῇ
1329 2825 1443 2863 πόλει
1464 2826 1688 2872 διεξελθεῖν,
1713 2823 1774 2861 καὶ

272 2879 372 2918 ταῦτ’
411 2882 453 2918 ἐν
487 2880 696 2930 βραχέσιν·
744 2880 805 2918 καὶ
840 2882 913 2929 γὰρ
947 2881 1066 2929 ἄνδρα
1103 2881 1178 2931 ἰδίᾳ
1208 2880 1267 2918 καὶ
1304 2880 1419 2918 πόλιν
1457 2880 1562 2925 κοινῇ
1599 2877 1693 2926 πρὸς
1727 2879 1774 2930 τὰ
