1935 3205
653 150 773 188 t‘RA
794 148 963 187 1⁴110A'r
985 148 1057 187 10.
1517 150 1611 188 xxix

99 259 282 308 recogniti
314 257 413 293 (ledit
447 258 482 292 in
509 259 580 291 Sro
609 258 707 305 apud
734 257 994 306 llerwagium,
1017 257 1219 292 continens
1248 264 1395 291 tantuin
1430 258 1620 292 orationes

100 323 351 371 Olynthiacas
373 329 448 356 tres
471 329 507 356 et
532 321 643 356 vitam
665 321 938 356 Demosthenis
961 329 997 356 et
1020 321 1217 356 Aeschinis
1239 320 1386 355 Graece
1410 328 1446 355 et
1470 321 1619 361 Latine,

102 401 188 424 cum
211 385 525 422 annotationibus
547 385 829 433 copiosissimis,
853 398 949 432 quae
979 385 1109 420 omnia
1130 393 1217 419 sunt
1239 385 1275 419 iu
1305 384 1471 419 editione
1495 386 1619 425 tertia,

104 463 204 487 anno
234 461 343 498 1572.
373 449 535 497 proditu,
565 450 610 485 de
642 463 717 496 qua
746 450 856 496 paulo
888 458 971 497 post
1002 450 1160 488 dicetur,
1184 448 1416 484 verbotenus
1448 450 1619 496 repetita.

108 515 269 563 Insignis
290 514 361 549 hoc
389 514 433 549 dc
461 514 670 561 specimine
698 514 805 549 locus
834 514 972 562 legitur
995 513 1267 549 Demosthenis
1290 513 1466 548 XVolsiani
1489 514 1559 548 vol.
1582 514 1619 549 6.

107 593 141 627 p.
168 591 254 614 200.
281 592 313 613 a.
339 586 441 613 totus
463 578 748 617 adscribendus,
770 578 798 613 si
821 586 985 613 vacaret.

814 681 845 727 ἕ-
882 692 912 726 7-

653 757 708 791 De
727 757 878 791 editione
901 757 1082 791 parisina.

165 832 355 867 Successit
376 831 491 867 editio
518 832 688 867 omnium
712 832 757 867 ad
781 831 815 866 id
838 832 1021 879 temporis
1042 831 1347 878 splendidissima
1368 839 1405 866 et
1427 830 1618 878 perfectis-

110 896 203 931 sima
237 895 386 931 Parisiis
421 908 522 930 anno
558 906 670 942 1570.
702 896 739 930 in
775 895 878 939 folio,
915 908 1012 942 quae
1047 895 1146 942 qnod
1183 894 1321 930 fundus
1356 904 1409 930 cst
1447 895 1623 930 editionis

110 968 276 999 nostrae,
302 959 471 1007 pluribus
501 959 546 994 (le
577 972 621 994 ea
651 960 741 994 mihi
773 959 975 995 dicendum
1008 968 1077 995 est.
1137 959 1249 995 Soleo
1280 959 1381 994 illam
1414 958 1526 993 niodo
1552 959 1621 992 Pa-

110 1025 266 1062 risinam,
296 1023 410 1058 modo
437 1023 676 1064 Lutetiamzm,
700 1032 741 1059 ut
771 1023 840 1059 sub
868 1024 1004 1072 serlum
1032 1023 1147 1063 venit,
1177 1023 1382 1070 appellare.
1439 1022 1624 1070 Taylorus

111 1101 195 1124 eam
225 1088 451 1135 plerumque
478 1088 694 1123 Benenatum
726 1088 906 1135 appellat,
930 1088 1030 1134 quod
1061 1088 1153 1123 illud
1185 1088 1414 1134 exemplum,
1439 1100 1513 1134 quo
1543 1086 1622 1134 ipse

111 1160 295 1193 uteretur,
327 1152 489 1187 Joannis
524 1152 709 1187 Benenati
746 1152 971 1201 typographi
1010 1164 1150 1187 nomen
1186 1151 1223 1186 in
1259 1150 1368 1186 titulo
1402 1150 1737 1198 praeferret.xx111

112 1216 259 1263 Coepta
280 1215 403 1251 fuerat
423 1216 518 1251 haec
545 1216 661 1251 editio
682 1229 783 1252 anno
806 1216 917 1263 1558,
941 1229 961 1250 a
983 1216 1190 1251 Guilielino
1212 1215 1389 1256 Morello,
1411 1215 1474 1250 sed
1501 1223 1623 1250 morte

112 1283 192 1328 ejus
220 1288 257 1315 et
285 1280 392 1315 bellis
422 1280 595 1316 civilibus
625 1281 850 1327 interrupta,
874 1280 936 1315 diu
967 1292 1052 1315 cum
1079 1279 1274 1327 jacuisset,
1301 1292 1400 1314 anno
1427 1290 1537 1326 ¹570·
1560 1279 1622 1314 de-

112 1357 216 1379 mum
257 1344 409 1391 prodiit,
445 1344 545 1391 quod
582 1344 789 1392 Dionysius
825 1344 1034 1380 Lambinus
1073 1344 1110 1378 in
1149 1343 1447 1391 praefationibus
1486 1343 1623 1377 iterum

111 1416 226 1456 atque
246 1408 382 1443 iterum
405 1408 587 1448 inculcat,
610 1411 716 1457 cujus
736 1409 865 1449 verba,
888 1408 977 1455 quia
998 1408 1111 1455 paulo
1133 1408 1345 1455 copiosiora
1365 1415 1465 1445 sunt,
1487 1419 1625 1454 operae

110 1484 226 1519 parco
260 1472 510 1508 adscribendi.
570 1472 706 1508 Multis
740 1472 963 1521 magnisque
997 1472 1171 1507 laudibus
1205 1472 1298 1507 haec
1333 1470 1447 1506 editio
1483 1471 1626 1517 priores

111 1543 265 1582 superat
294 1548 440 1579 omnes,
464 1536 527 1572 sed
556 1549 680 1585 neque
709 1550 837 1572 rursus
865 1537 966 1572 vitiis
996 1544 1124 1574 caret:
1157 1535 1192 1571 id
1222 1535 1321 1583 quod
1351 1548 1370 1570 e
1398 1543 1528 1570 nostra
1557 1535 1626 1569 hac

111 1599 361 1647 praefatione,
383 1600 448 1636 sed
471 1613 491 1636 e
512 1601 606 1636 libro
629 1601 857 1636 variantium
881 1601 1044 1636 maxime
1070 1599 1273 1635 constabit.
1335 1599 1407 1635 Hic
1431 1599 1625 1634 historiam

113 1666 192 1712 ejus
220 1672 434 1701 contexam.
495 1665 596 1700 Fatis
618 1665 800 1701 defuncto
823 1665 1001 1706 Ποῖ-8110,
1025 1665 1088 1712 qui
1111 1664 1181 1700 fuit
1203 1664 1461 1712 typographus
1488 1664 1625 1713 regius,

112 1728 228 1763 homo
257 1741 402 1776 pauper
430 1729 596 1776 quidem,
620 1737 716 1764 teste
743 1729 943 1771 Lambino,
966 1729 1031 1764 sed
1061 1729 1196 1764 doctus
1226 1737 1264 1763 et
1293 1727 1402 1776 frugi,
1425 1740 1511 1763 cum
1542 1740 1625 1775 per-

112 1791 279 1827 venisset
318 1804 412 1839 opus
447 1792 492 1827 ad
527 1792 740 1827 orationem
776 1792 822 1827 de
856 1790 950 1826 falsa
988 1791 1192 1840 legatione,
1221 1790 1342 1839 jacuit
1380 1802 1448 1838 per
1486 1802 1624 1825 novem

113 1866 233 1890 annos
255 1862 292 1890 et
318 1855 414 1903 plus,
438 1856 560 1891 donec
580 1856 817 1896 Benenatus‚
840 1855 1083 1890 matrimonio
1111 1868 1197 1890 cnm
1220 1855 1334 1889 vidua
1355 1854 1509 1890 Morelli
1536 1866 1626 1889 eon-

112 1927 249 1961 tracto,
272 1919 388 1955 totius
416 1919 660 1956 instrumenti
681 1919 944 1968 typographici
971 1919 1079 1955 heres
1100 1927 1137 1954 et
1162 1919 1252 1954 artis
1274 1931 1470 1954 successor
1489 1917 1623 1958 factus,

113 1983 161 2018 ad
189 1983 492 2019 continuandum
523 1991 559 2019 et
588 1983 849 2032 peragendum
882 1995 976 2030 opus
1006 1983 1175 2017 animum
1207 1982 1359 2031 adjecit.
1419 1981 1454 2016 Is
1477 1982 1624 2029 Diony-

113 2047 210 2082 sium
233 2047 462 2083 Lambinum
485 2047 589 2088 adiit,
610 2059 762 2096 rogam,
785 2054 826 2082 ut
847 2046 1055 2082 editionem
1077 2054 1227 2081 curaret
1247 2053 1360 2093 atque
1380 2045 1624 2094 gubernaret,

111 2122 246 2146 verum
268 2123 314 2146 ea
340 2123 425 2146 cum
449 2111 640 2151 cautione,
663 2123 710 2146 ne
732 2110 822 2158 quid
851 2110 931 2157 ipse
953 2122 1020 2144 suo
1051 2109 1235 2144 arbitratu
1255 2109 1293 2144 in
1316 2116 1418 2144 texto
1447 2116 1625 2148 mutaret,

113 2174 178 2210 sed
199 2174 375 2223 vulgatae
402 2174 631 2210 inhaereret.
690 2174 748 2209 Ita
775 2173 933 2209 schedas
955 2172 1203 2208 Morellianas
1224 2172 1434 2208 Lambinus
1460 2173 1498 2207 in
1526 2172 1626 2208 ordi-

113 2250 202 2274 nem
238 2238 466 2285 composuit,
498 2237 563 2285 qui
591 2237 784 2286 geminam
818 2237 989 2284 praefixit
1021 2237 1179 2272 editioni
1214 2249 1302 2272 suae
1334 2236 1626 2284 praefationem,

114 2302 273 2338 alteram
303 2302 458 2338 nornine
485 2314 566 2342 suo,
589 2315 664 2349 qua
684 2301 730 2337 de
759 2313 875 2349 opera
896 2313 917 2335 a
943 2313 982 2336 se
1004 2300 1258 2336 Demostheni
1287 2313 1308 2335 a
1329 2300 1494 2336 Morello
1520 2300 1627 2337 dere-

113 2366 205 2402 licto
236 2373 377 2401 navata
408 2365 587 2413 exponit3
621 2365 779 2401 alteram
814 2364 970 2400 nomine
1001 2364 1242 2413 typographi,
1270 2365 1329 2399 Jo.
1355 2364 1556 2406 Benenati,
1589 2365 1628 2400 in

115 2443 188 2478 qua
225 2442 348 2478 paene
388 2430 521 2465 eadem
555 2430 756 2470 iterantur,
792 2429 930 2464 additis
968 2428 1177 2468 nonnullis,
1215 2440 1312 2475 quae
1350 2427 1395 2462 ad
1431 2428 1627 2463 historiam

114 2495 172 2530 sui
201 2494 453 2543 typographei
480 2494 688 2541 pertinent,
717 2494 809 2529 item
840 2493 886 2529 de
917 2493 1045 2542 signis,
1069 2492 1206 2539 quibus
1235 2504 1324 2527 usus
1355 2500 1453 2527 esset
1480 2492 1625 2527 Morel·

113 2560 172 2595 lus
202 2559 248 2594 ad
281 2558 559 2608 designandum
590 2558 651 2593 vel
680 2558 832 2594 codices
867 2556 1158 2603 manuscriptos,
1190 2567 1210 2591 e
1241 2555 1378 2602 quibus
1413 2555 1628 2603 collegisset

113 2622 298 2659 lectiones
336 2622 539 2663 variantes,
573 2622 634 2657 vel
667 2634 798 2657 eorum
839 2634 906 2656 seu
939 2620 1111 2656 defectus
1145 2632 1211 2655 seu
1251 2619 1500 2659 accessiones,
1535 2620 1627 2655 item

115 2687 161 2722 de
195 2685 375 2726 numeri&
410 2685 493 2720 aliis
529 2685 575 2721 ad
609 2693 769 2727 textum,
805 2685 888 2720 aliis
927 2684 972 2720 ad
1008 2683 1303 2719 commentarios
1336 2683 1627 2730 pertinentibus.

116 2749 299 2796 Superest
328 2748 451 2783 adhuc
481 2747 555 2782 alia
576 2747 753 2782 Lambini
781 2746 968 2794 praefatio
998 2747 1184 2795 dignitate
1213 2746 1349 2793 prima,
1373 2747 1521 2781 Graeca
1550 2747 1628 2794 epi-

116 2813 213 2849 stola
238 2811 284 2848 ad
307 2811 487 2846 Carolum
509 2810 577 2845 IX.
599 2810 780 2845 Franciae
809 2822 952 2858 regem,
976 2822 1050 2856 qua
1071 2809 1280 2844 Lambinus
1305 2809 1340 2843 ei
1368 2809 1466 2844 banc
1495 2810 1627 2846 editio-

116 2889 205 2912 nem
226 2875 390 2912 dedicat.
422 2874 493 2909 Illa
513 2874 566 2909 Sic
585 2873 732 2908 orditur
749 2888 755 2908 :
785 2872 963 2908 Διονύσιος
983 2875 1000 2906 ὁ
1021 2874 1189 2916 Ααμβίνος
1208 2874 1464 2918 Μονστρολιεὺς
1487 2876 1628 2922 Καρόλῳ
1642 2885 1737 2908 XXIV

117 2944 164 2989 τῷ
197 2942 254 2984 τῆς
286 2939 453 2985 Φραγκῖας
484 2940 637 2979 βασιλεῖ,
665 2941 731 2971 τῶν
759 2940 972 2982 Χριστιανῶν
1004 2937 1178 2978 βασιλέων
1208 2938 1359 2984 μεγίστῳ
1393 2952 1429 2971 τε
1462 2940 1514 2972 καὶ
1546 2944 1625 2983 Χρι-
